2176 2912
373 294 423 335 72
675 281 779 319 DE
855 279 1469 319 INVENTIONE

368 374 473 427 quod
503 373 707 426 indignum
737 374 802 419 est,
843 373 998 426 perinde
1029 374 1086 411 illi
1117 374 1287 411 videatur
1316 373 1536 426 indignum,
1568 386 1609 411 ac
1640 373 1666 412 fi
1698 373 1772 427 ipse

370 439 596 485 interfuerit,
628 454 669 478 ac
690 441 847 493 praesens
865 441 1013 479 viderit.
1064 440 1303 479 Undecimus
1328 440 1435 478 locus
1465 440 1530 485 est,
1561 454 1627 493 per
1655 455 1772 493 quem

370 506 618 551 ostendimus,
650 507 696 544 ab
713 520 758 544 eo
777 505 937 551 saecum,
968 520 989 544 a
1008 520 1085 558 quo
1105 507 1268 544 minime
1287 507 1509 558 oportuerit,
1540 516 1577 543 et
1594 520 1613 543 a
1633 521 1723 558 quo,
1747 506 1772 544 fi

372 573 466 610 alius
496 571 647 617 faceret,
687 571 883 624 prohiberi
914 572 1144 610 conveniret.
1195 572 1459 610 Duodecimus
1486 573 1592 610 locus
1613 573 1678 617 est,
1709 586 1775 625 per
1816 599 1820 601 >

371 652 489 690 quem
517 638 775 690 indignamur,
807 639 910 690 quod
938 638 1048 676 nobis
1080 636 1154 675 hoc
1180 639 1315 690 primis
1347 638 1538 683 acciderit,
1571 652 1639 676 nec
1660 638 1775 676 alicui

373 717 545 756 unquam
565 703 633 740 usu
659 704 835 740 evenerit.
886 704 1041 741 Tertius
1061 703 1232 740 decimus
1252 703 1358 740 locus
1379 703 1444 748 est,
1474 704 1501 741 fi
1524 717 1616 741 curn
1638 704 1774 755 injuria

373 770 607 807 contumelia
621 771 754 821 ju1i<fta
773 769 1062 812 demonstratur,
1094 782 1160 821 per
1186 783 1303 820 quem
1334 769 1466 806 locum
1494 771 1533 806 in
1561 770 1774 822 superbiam

371 844 408 872 et
428 836 677 887 arrogantiam
690 835 823 872 odium
844 835 1068 872 concitatur.
1113 835 1281 885 Qartus
1298 834 1469 872 decimus
1485 835 1592 872 locus
1613 835 1677 879 est,
1710 848 1775 887 per

373 915 490 953 quern
511 902 678 953 petimus
698 902 744 939 ab
764 902 824 945 iis,
856 902 924 953 qui
952 900 1126 945 audiunt,
1159 910 1201 938 ut
1218 901 1263 939 ad
1282 901 1361 939 suas
1382 915 1437 938 res
1458 902 1599 940 nostras
1620 901 1774 953 injurias

372 966 555 1005 referant:
588 967 614 1004 fi
641 967 686 1004 ad
718 980 852 1019 pueros
880 967 1100 1019 pertinebit,
1131 967 1177 1004 de
1207 967 1334 1005 liberis
1356 967 1430 1005 suis
1451 968 1643 1020 cogitent:
1675 968 1702 1005 fi
1729 967 1775 1005 ad

375 1031 568 1077 mulieres,
600 1033 645 1070 de
665 1033 870 1070 uxoribus:
904 1033 929 1070 fi
951 1032 995 1070 ad
1016 1032 1131 1077 senes,
1161 1033 1208 1070 de
1238 1033 1423 1085 patribus,
1453 1043 1518 1071 aut
1538 1033 1770 1086 parentibus.

374 1099 546 1150 Qintus
567 1099 738 1136 decimus
760 1099 866 1137 locus
887 1099 952 1143 est,
983 1113 1049 1151 per
1067 1113 1183 1151 quem
1212 1100 1390 1144 dicimus,
1424 1100 1590 1137 inimicis
1621 1113 1776 1151 quoque

374 1174 412 1202 et
431 1163 600 1202 hostibus
622 1179 675 1209 ea,
708 1179 791 1216 quae
818 1165 928 1202 nobis
960 1165 1177 1209 acciderint,
1210 1166 1366 1218 indigna
1396 1165 1513 1202 videri
1545 1165 1671 1203 solere.
1723 1166 1775 1202 Et

371 1230 583 1282 indignatio
607 1231 764 1282 quidem
780 1230 840 1268 his
860 1229 936 1267 fere
956 1231 1001 1267 de
1021 1230 1114 1268 locis
1135 1231 1347 1282 graviffime
1365 1232 1546 1268 sumetur.

429 1297 516 1335 LV.
551 1296 843 1347 Conquestionis
871 1306 999 1333 autem
1031 1294 1252 1347 hujusmodi
1283 1296 1328 1333 de
1360 1296 1470 1333 rebus
1501 1304 1622 1347 partes
1651 1304 1777 1348 petere

374 1362 578 1415 oportebit.
622 1362 855 1413 Conquestio
868 1361 919 1398 est
934 1362 1053 1398 oratio
1066 1361 1285 1399 auditorum
1299 1361 1594 1399 misericordiam
1607 1371 1772 1413 captans.

376 1429 420 1466 In
435 1427 505 1465 hac
519 1425 690 1479 primum
704 1427 879 1464 animum
892 1426 1071 1463 auditoris
1089 1427 1225 1464 mitem
1239 1436 1276 1464 et
1292 1426 1572 1464 misericordem
1590 1426 1776 1464 conficere

372 1503 534 1546 oportet,
566 1507 644 1545 quo
675 1492 827 1530 facilius
856 1492 1126 1544 conquestione
1156 1493 1393 1530 commoveri
1419 1492 1543 1544 posfit.
1605 1492 1649 1530 Id
1679 1492 1773 1530 locis

374 1559 651 1597 communibus
683 1558 830 1595 efficere
860 1557 1064 1609 oportebit,
1096 1571 1162 1609 per
1190 1571 1286 1609 quos
1307 1557 1468 1595 fortunae
1488 1558 1543 1594 vis
1566 1558 1604 1594 in
1625 1570 1773 1603 omnes,

375 1636 412 1662 et
439 1624 648 1662 hominum
677 1623 893 1667 infirmitas,
925 1623 1155 1660 ostenditur:
1189 1637 1263 1675 qua
1282 1624 1449 1661 oratione
1469 1622 1599 1661 habita
1615 1624 1776 1675 graviter

377 1700 414 1728 et
445 1689 666 1728 sententiose
685 1690 854 1727 maxime
881 1688 1098 1726 demittitur
1117 1689 1267 1726 animus
1295 1687 1517 1734 hominum,
1539 1699 1576 1726 et
1596 1688 1642 1726 ad
1661 1689 1775 1727 mise-

378 1756 577 1794 ricordiam
605 1765 859 1808 comparatur,
895 1768 987 1793 cum
1015 1755 1055 1792 in
1083 1754 1204 1794 alieno
1238 1755 1341 1793 malo
1373 1755 1478 1793 suam
1509 1755 1776 1794 infirmitatem

377 1822 641 1860 confiderabit.
1390 1818 1397 1825 ⁶

433 1889 582 1927 Deinde
613 1889 761 1941 primus
788 1889 894 1927 locus
918 1889 970 1926 est
998 1889 1276 1934 misericordiae,
1309 1903 1375 1942 per
1401 1902 1533 1942 quem,
1565 1891 1706 1942 quibus
1737 1891 1777 1929 in

378 1955 490 1992 bonis
510 1953 668 1999 fuerint,
699 1964 735 1992 et
755 1969 859 1993 nunc
881 1955 1020 2007 quibus
1046 1956 1086 1993 in
1116 1955 1226 1995 malis
1246 1955 1331 2001 sint,
1359 1955 1580 1994 ostenditur.
1633 1960 1776 1995 Secun-

377 2021 462 2065 dus,
493 2022 560 2073 qui
587 2022 625 2058 in
647 2032 818 2074 tempora
838 2021 1035 2066 tribuitur,
1066 2035 1132 2073 per
1152 2035 1283 2073 quem,
1315 2022 1456 2074 quibus
1479 2023 1518 2060 in
1547 2023 1658 2060 malis
1689 2021 1775 2059 fue-

376 2087 466 2131 rint,
497 2097 534 2124 et
565 2087 649 2131 fint,
681 2097 717 2125 et
746 2086 869 2124 futuri
901 2087 987 2131 fint,
1019 2087 1309 2124 demonstratur.
1361 2087 1531 2131 Tertius,
1568 2101 1633 2139 per
1664 2100 1781 2139 quem

377 2153 682 2204 unumquodque
695 2153 912 2206 deploratur
924 2152 1234 2197 incommodum,
1257 2162 1300 2190 ut
1312 2153 1351 2190 in
1366 2162 1488 2190 morte
1502 2152 1586 2196 filii,
1607 2153 1777 2206 pueritiae

377 2218 590 2263 delestatio,
635 2233 755 2263 amor,
801 2218 894 2271 spes,
940 2218 1132 2263 solatium,
1177 2219 1367 2263 educatio,
1412 2227 1450 2255 et
1487 2217 1512 2255 fi
1552 2232 1628 2270 qua
1661 2218 1775 2256 simili

377 2284 417 2321 in
466 2298 601 2336 genere
645 2284 817 2336 quolibet
861 2283 907 2320 de
950 2283 1200 2321 incommodo
1242 2297 1309 2336 per
1347 2283 1661 2335 conquestionem
1701 2284 1777 2321 dici

378 2359 571 2402 poterunt.
619 2351 803 2401 Qartus‚
825 2363 891 2402 per
907 2363 1025 2401 quem
1046 2362 1102 2387 res
1125 2358 1250 2401 turpes
1272 2359 1309 2387 et
1329 2348 1496 2387 humiles
1517 2358 1554 2386 et
1576 2350 1776 2387 illiberales

377 2415 630 2468 proferentur,
661 2425 698 2453 et
718 2415 883 2468 indignae
904 2424 1024 2459 aetate,
1055 2429 1206 2467 genere,
1239 2414 1404 2460 fortuna,
1436 2411 1775 2468 pristino'honore,

379 2481 598 2526 beneficiis,
630 2494 722 2533 quas
744 2480 846 2533 paffi,
878 2480 1129 2533 perpessurive
1150 2481 1234 2518 fint.
1281 2482 1455 2533 Qintus
1476 2481 1540 2525 est,
1573 2495 1639 2534 per
1659 2495 1777 2533 quem

380 2548 511 2586 omnia
534 2557 619 2585 ante
640 2547 771 2585 oculos
795 2547 1018 2599 singillatim
1045 2547 1293 2585 incommoda
1312 2556 1518 2599 ponentur,
1550 2556 1592 2585 ut
1608 2548 1779 2585 videatur

379 2614 425 2658 is,
456 2614 523 2666 qui
544 2613 662 2658 audit,
695 2613 845 2658 videre;
877 2622 914 2651 et
934 2627 973 2651 re
993 2626 1148 2666 quoque
1167 2613 1257 2666 ipsa,
1289 2613 1391 2665 quasi
1419 2613 1525 2657 adfit‚
1557 2627 1634 2652 non
1654 2613 1777 2651 verbis
