2176 2912
632 197 910 238 LIBER
986 199 1349 239 PRIMUS.
1644 205 1694 258 63

291 295 436 338 bimus,
466 291 571 329 aliud
590 291 636 329 de
657 305 702 329 eo
723 291 828 344 quod
848 291 1150 344 comparabitur,
1182 301 1220 330 et
1241 293 1287 330 de
1317 306 1363 331 eo
1390 293 1552 346 quicum
1581 309 1692 335 com-

289 360 498 414 parabitur,
525 357 734 396 existimari
752 367 941 411 oportere.
988 359 1121 410 Hujus
1142 358 1336 397 facultatis
1350 361 1520 398 maxime
1540 362 1693 415 indige-

289 438 391 469 mus,
422 437 515 461 cum
535 437 577 460 ea
596 423 675 476 ipsa
694 423 993 476 argumentatIO,
1016 438 1101 475 quae
1121 438 1188 477 per
1208 425 1475 463 induetionem
1497 430 1691 473 traetatur,

284 490 359 528 erit
375 488 700 542 reprehendenda.
751 490 789 527 Si
803 489 1025 541 judicatum
1046 489 1204 542 aliquod
1225 489 1425 536 inferetur,
1447 492 1633 543 quoniam
1654 494 1694 532 id

287 569 335 594 ex
351 554 411 593 his
431 555 526 594 locis
543 555 715 593 maxime
728 554 917 600 firmatur,
940 555 1051 593 laude
1064 569 1214 601 eorum,
1237 558 1304 608 qui
1315 557 1560 608 judicarunt5
1585 559 1692 596 fimi-

286 621 452 660 litudine
472 623 552 674 ejus
574 622 642 666 rei,
673 635 750 674 qua
769 621 816 659 de
836 622 976 674 agitur,
1008 622 1054 659 ad
1075 636 1160 660 eam
1181 637 1276 668 rem,
1309 637 1385 675 qua
1404 623 1450 661 de
1471 624 1693 676 judicatum

283 687 338 726 est
350 707 362 733 5
392 689 739 726 commemorando
759 702 837 725 non
856 687 975 725 modo
996 701 1074 726 non
1096 688 1166 726 effe
1187 688 1462 742 reprehensum
1476 690 1690 742 judicium,

286 754 349 792 sed
368 755 414 792 ab
435 754 620 792 omnibus
640 755 896 807 approbatum
910 773 921 799 5
951 763 989 792 et
1009 755 1319 801 demonstrando,
1342 756 1539 794 difficilius
1557 765 1594 795 et
1608 771 1692 795 ma·-

278 821 344 872 jus
364 819 474 858 fuiffe
494 820 533 858 id
553 820 775 872 judicatum
796 820 900 872 quod
921 819 1112 865 afferatur,
1144 835 1262 874 quam
1284 822 1323 859 id
1343 822 1449 874 quod
1475 823 1612 861 instet:
1645 837 1694 861 ex

285 886 485 924 contrariis
506 886 616 930 locis,
633 885 660 923 fi
681 873 748 923 res'
759 895 823 923 aut
843 899 930 923 vera
949 895 1014 923 aut
1035 887 1250 925 verifimilis
1271 888 1486 940 permittet,
1503 888 1692 927 infirmari

283 952 492 1004 oportebit.
542 952 676 1004 Atque
705 952 779 990 erit
804 951 1085 990 observandum
1106 953 1326 1005 diligenter,
1361 968 1408 992 ne
1436 953 1536 992 nihil
1561 955 1608 993 ad
1635 955 1689 1000 id,

283 1018 389 1070 quod
408 1028 555 1071 agatur,
585 1018 775 1071 pertineat
795 1018 834 1056 id
855 1018 961 1070 quod
980 1019 1202 1070 judicatum
1224 1019 1292 1058 fit:
1324 1029 1362 1058 et
1382 1020 1596 1059 videndum
1622 1021 1689 1066 est,

283 1098 331 1122 ne
351 1098 394 1122 ea
412 1098 468 1122 res
490 1083 718 1138 proferatur,
750 1085 791 1122 in
812 1098 887 1138 qua
908 1085 952 1123 fit
969 1084 1174 1131 offensum,
1202 1095 1245 1124 ut
1266 1086 1312 1125 de
1333 1086 1428 1140 ipso,
1451 1087 1519 1140 qui
1534 1087 1690 1140 judica-

283 1151 347 1196 rit,
372 1151 572 1203 judicium
590 1151 672 1189 fieri
692 1152 890 1190 videatur„

340 1217 509 1269 Oportet
527 1225 658 1254 autem
679 1217 994 1263 animadvertere,
1026 1232 1088 1264 ne,
1117 1232 1209 1257 eum
1226 1219 1336 1257 aliter
1352 1220 1477 1258 multa
1492 1220 1565 1258 fint
1579 1220 1689 1273 judi-

281 1292 379 1327 cata,
402 1283 616 1321 solitarium
632 1282 791 1335 aliquod
811 1292 876 1321 aut
896 1298 1024 1322 rarum
1039 1285 1262 1336 judicatum
1283 1286 1484 1326 afferatur:
1518 1301 1608 1325 nam
1628 1286 1689 1325 his

282 1349 395 1387 rebus
416 1349 618 1387 auctoritas
633 1349 799 1401 judicati
819 1349 989 1387 maxime
1005 1350 1128 1402 potest
1148 1351 1348 1389 infirmari.
1392 1355 1525 1404 Atque
1539 1366 1580 1390 ea
1596 1353 1687 1404 qui-

280 1415 373 1453 dem
390 1425 630 1468 argumenta,
653 1429 738 1467 quae
751 1416 852 1467 quafi
867 1416 1082 1468 probabilia
1094 1416 1314 1463 sumuntur,
1336 1418 1383 1456 ad
1403 1417 1509 1457 hunc
1523 1419 1690 1457 modum

282 1482 420 1519 tentari
440 1482 650 1534 oportebit.

335 1547 465 1585 XLV.
498 1549 597 1598 Qae
635 1560 724 1585 vero
763 1547 873 1585 ficuti
910 1547 1108 1585 necessaria
1143 1548 1391 1594 inducentur,
1436 1563 1479 1587 ea
1517 1549 1543 1587 fi
1587 1548 1689 1587 forte

280 1611 540 1650 imitabuntur
569 1613 688 1650 modo
719 1613 961 1651 necessariam
993 1615 1384 1666 argumentationem,
1418 1629 1543 1667 neque
1573 1623 1687 1653 erunt

279 1677 484 1731 ejusmodi,
506 1678 555 1716 fic
576 1677 917 1730 reprehendentur.
960 1680 1139 1717 Primum
1160 1681 1397 1733 complexio,
1426 1695 1525 1733 quae,
1553 1690 1687 1719 utrum

278 1744 517 1789 concesseris,
539 1745 652 1782 debet
667 1745 814 1789 tollere,
837 1745 863 1782 fi
880 1758 965 1782 vera
977 1745 1044 1790 est,
1068 1760 1269 1798 nunquam
1284 1745 1583 1799 reprehendetur
1591 1765 1601 1791 5
1631 1747 1686 1784 fin

280 1808 385 1855 falsa,
415 1810 566 1848 duobus
588 1811 712 1848 modis
726 1829 737 1855 3
771 1820 835 1848 aut
855 1812 1111 1857 converfione,
1143 1822 1208 1850 aut
1239 1812 1393 1851 alterius
1426 1813 1541 1866 partis
1574 1812 1684 1852 infir-

279 1875 464 1913 matione.
517 1876 788 1920 Converfione,
809 1874 885 1913 hoc
907 1877 1024 1914 modo
1037 1895 1050 1921 5

442 1942 592 1993 Namst
607 1951 771 1987 veretur,
802 1942 890 1995 quid
904 1957 979 1980 eum
999 1958 1085 1981 acce(
1101 1959 1147 1988 es,
1179 1946 1244 1997 qm*
1258 1945 1302 1998 est
1314 1945 1450 1997 probus
1463 1946 1484 1984 ,Ρ

443 2007 506 2046 Sin
525 2008 800 2046 mvercczmdum
818 2008 931 2046 animi
945 2009 1122 2060 zblgcm'um
1135 2010 1291 2062 pqffl'dc'ss

441 2073 542 2126 Qid
555 2089 631 2112 eum
651 2089 737 2113 acca
753 2090 799 2119 es,
831 2076 894 2128 qui
907 2074 1071 2127 idparvi
1085 2076 1212 2114 auditu
1229 2076 1371 2128 (estimet
1389 2077 1408 2115 ,ἓ

278 2139 374 2183 Hic,
406 2138 431 2176 fi
448 2139 566 2176 vereri
584 2140 739 2184 dixeris,
766 2140 838 2177 five
861 2154 937 2177 non
960 2141 1092 2185 vereri,
1124 2142 1440 2179 concludendum
1460 2140 1536 2180 hoc
1557 2150 1681 2194 putat,

277 2214 320 2243 ut
339 2218 452 2257 neges
473 2205 543 2243 esse
563 2206 834 2245 accusandum.
882 2207 1000 2259 Qod
1021 2208 1265 2246 conversione
1285 2208 1335 2246 fic
1357 2207 1680 2261 reprehendetur5

277 2272 364 2309 Imo
396 2285 485 2309 vero
520 2273 750 2311 accusandus
782 2273 847 2311 est.
900 2274 1005 2311 Nam
1027 2275 1052 2312 fi
1075 2284 1238 2319 veretur,
1270 2274 1419 2312 accuses
1436 2290 1443 2313 :
1478 2288 1555 2312 non
1571 2275 1678 2312 enim

276 2337 380 2389 parvi
394 2338 527 2375 auditu
545 2338 760 2377 aestimabit.
804 2340 867 2377 Sin
886 2340 1191 2378 inverecundum
1207 2342 1327 2378 animi
1344 2341 1547 2394 ingenium
1564 2340 1679 2393 posti-

276 2403 353 2448 det‚
376 2413 504 2442 tamen
522 2405 685 2443 accuses.
728 2405 822 2443 Non
840 2406 945 2443 enim
964 2407 1107 2458 probus
1127 2406 1192 2444 est.
1226 2407 1403 2445 Alterius
1417 2416 1546 2444 autem
1562 2406 1678 2458 partis

275 2468 550 2515 infirmatione,
573 2470 647 2509 hoc
668 2471 786 2509 modo
805 2470 1104 2524 reprehendetur
1116 2491 1128 2518 5
1163 2471 1309 2511 Verum
1330 2473 1356 2511 fi
1377 2481 1540 2518 veretur,
1563 2484 1678 2510 acca»

273 2534 416 2574 satione
438 2545 502 2575 tua
522 2539 711 2577 correctus
733 2537 779 2576 ab
800 2547 922 2578 errato
943 2538 1110 2578 recedet.
