2176 2912
448 209 525 264 506
897 180 1401 250 To'PICA.

448 312 627 357 aguntur,
650 301 751 356 poffe
771 300 1041 342 controversias
1061 303 1208 342 easdem
1229 303 1398 342 existere.
1436 303 1594 342 Horum
1614 303 1858 343 traecat10nes

448 371 488 408 in
520 370 603 407 aliis
635 369 745 407 libris
776 370 1033 422 explicantur.
1083 371 1171 409 Nec
1203 370 1329 408 solum
1359 379 1549 423 perpetuae
1581 369 1761 415 actiones,
1794 369 1858 407 sed

447 437 565 474 etiarn
585 445 707 489 partes
728 437 909 474 orationis
938 437 1074 475 iisdem
1105 437 1199 475 locis
1228 437 1468 489 adjuvantur,
1501 436 1641 489 partim
1676 436 1857 489 propriis,

449 503 591 554 partim
611 502 916 547 communibus;
949 512 992 540 ut
1025 503 1065 540 in
1098 503 1312 556 principiis,
1346 503 1487 553 quibus
1522 511 1565 540 ut
1584 502 1782 547 benevoli,
1814 510 1858 539 ut

450 568 609 613 dociles,
652 577 695 605 ut
729 568 865 605 attenti
898 568 984 612 sint,
1022 568 1090 620 qui
1121 568 1288 612 audiant,
1334 568 1583 605 efficiendum
1614 567 1666 605 est
1695 567 1859 620 propriis

450 634 561 673 locis.
612 635 792 686 Itemque
812 635 1057 678 narrationes,
1085 642 1128 671 ut
1147 634 1193 671 ad
1215 634 1299 671 suos
1320 633 1414 671 fines
1436 633 1619 686 speetent,
1650 633 1690 671 id
1716 634 1783 678 est,
1815 641 1862 671 ut

450 701 574 753 planae
604 700 689 744 fint,
721 709 765 736 ut
796 699 944 744 breves,
976 708 1021 736 ut
1050 699 1258 743 evidentes,
1290 708 1334 736 ut
1364 699 1581 744 credibiles,
1614 708 1658 736 ut
1688 707 1865 743 moratae,

454 775 498 803 ut
529 779 621 803 cum
653 765 839 817 dignitate
858 780 867 803 ε
900 778 985 816 quae
1006 778 1229 817 quanquam
1250 765 1290 802 in
1322 774 1402 803 tota
1420 765 1589 802 oratione
1607 763 1679 803 effe
1704 764 1865 810 debent,

450 831 573 883 magis
596 839 725 868 tamen
746 830 832 868 sunt
853 831 1006 883 propria
1025 830 1216 868 narrandi.

506 899 606 950 Qae
640 906 771 936 autem
805 897 1049 950 consequitur
1083 898 1338 936 narrationem
1373 897 1481 943 fides,
1523 911 1565 935 ea
1600 896 1861 950 persuadendo

451 965 638 1017 quoniam
658 964 837 1009 efficitur,
871 966 939 1016 qui
970 965 1016 1002 ad
1046 964 1352 1017 persuadendum
1387 965 1463 1003 loci
1495 965 1666 1002 maxime
1696 964 1866 1009 valeant,

451 1031 601 1068 dictum
622 1030 674 1068 est
695 1031 734 1068 in
755 1031 815 1075 iis,
846 1030 887 1068 in
914 1031 1057 1082 quibus
1079 1031 1124 1068 de
1144 1031 1252 1068 omni
1273 1031 1419 1069 ratione
1446 1031 1614 1068 dicendi.
1666 1030 1864 1068 Peroratio

451 1106 580 1136 autem
601 1106 639 1135 et
658 1097 730 1134 alia
749 1097 924 1149 quaedam
945 1096 1075 1142 habet,
1097 1106 1135 1134 et
1155 1097 1327 1134 maxime
1347 1096 1717 1149 amplificationem,
1748 1096 1861 1148 cujus

451 1164 609 1202 effeetus
630 1164 661 1202 is
692 1163 805 1202 debet
825 1164 910 1209 effe,
940 1173 998 1209 ut,
1030 1173 1095 1202 aut
1121 1163 1395 1217 perturbentur
1415 1164 1551 1209 animi,
1580 1172 1647 1201 aut
1667 1163 1864 1216 tranquil-

452 1230 580 1269 lentur
595 1249 606 1275 ;
638 1239 688 1275 et,
722 1231 747 1268 fi
768 1231 821 1268 ita
840 1231 923 1283 jam
943 1230 1069 1270 affe&i
1099 1239 1185 1269 ante
1206 1230 1308 1276 sunt,
1340 1239 1383 1268 ut
1402 1239 1536 1283 augeat
1556 1243 1692 1268 eorum
1712 1239 1859 1275 motus,

449 1306 517 1334 aut
547 1297 649 1335 sedet
681 1297 815 1335 oratio.
875 1297 986 1335 Huic
1006 1297 1148 1350 generi,
1184 1297 1224 1334 in
1253 1310 1331 1349 quo
1361 1305 1400 1335 et
1420 1296 1696 1341 misericordia,
1727 1305 1766 1334 et
1786 1296 1862 1334 ira-

447 1363 604 1408 cundia,
626 1371 665 1400 et
684 1363 833 1408 odium,
869 1372 907 1401 et
927 1364 1085 1408 invidia,
1115 1373 1152 1401 et
1173 1372 1315 1401 caeterae
1334 1363 1454 1401 animi
1482 1362 1700 1401 affeetiones
1728 1370 1862 1415 'petur-

450 1430 604 1474 bantur,
622 1438 811 1483 praecepta
826 1429 1118 1484 suppeditantur
1137 1430 1220 1468 aliis
1237 1430 1277 1467 in
1294 1429 1416 1476 libris,
1434 1443 1530 1483 quos
1547 1429 1689 1483 poteris
1703 1442 1866 1468 mecumv

449 1496 590 1549 legere,
611 1509 705 1534 cum
725 1495 844 1534 voles.

506 1562 571 1600 Ad
602 1562 641 1599 id
672 1570 818 1606 autem,
855 1561 961 1613 quod
992 1566 1029 1599 'te
1060 1561 1158 1599 velle
1178 1561 1377 1606 senseram,
1405 1561 1604 1599 cumulate
1625 1559 1862 1598 satisfactum

451 1627 523 1666 efl‘e
542 1628 656 1665 debet
676 1627 866 1665 voluntati
886 1637 974 1665 tuae.
1034 1628 1156 1671 Nam,
1186 1641 1232 1664 ne
1253 1628 1486 1679 praeterirem
1506 1627 1668 1678 aliquid,
1690 1626 1796 1678 quod
1816 1626 1862 1664 ad

452 1703 729 1747 argumentum
747 1694 787 1731 in
800 1694 909 1732 omni
922 1693 1066 1731 ratione
1083 1693 1351 1745 reperiendum
1367 1693 1586 1746 pertineret,
1601 1693 1725 1746 plura,
1743 1705 1863 1744 quam

452 1774 473 1799 a
492 1770 530 1799 te
549 1760 754 1798 defiderata
772 1769 890 1804 erant,
924 1760 1008 1797 sum
1029 1760 1257 1812 complexus
1274 1778 1286 1804 ς
1324 1758 1494 1811 fecique,
1517 1759 1622 1812 quod
1643 1759 1737 1811 saepe
1758 1758 1863 1797 libe-

453 1827 548 1865 rales
582 1826 796 1865 venditores
829 1826 963 1872 solent,
995 1836 1053 1871 ut,
1089 1836 1182 1864 cum
1213 1826 1323 1871 aedes,
1357 1825 1573 1863 fundumve
1605 1825 1861 1870 vendiderint,

453 1892 668 1937 rutis-caefis
690 1893 865 1946 receptis,
898 1893 1111 1931 concedant
1132 1902 1262 1931 tamen
1283 1892 1431 1944 aliquid
1451 1892 1633 1945 emptori,
1662 1891 1767 1944 quod
1797 1905 1860 1929 or-

454 1959 569 1997 nandi
590 1958 699 1997 causa
718 1969 804 2012 apte
824 1968 862 1997 et
892 1959 980 1997 loco
998 1959 1166 2012 politum
1187 1958 1258 1996 effe
1278 1959 1490 1997 videantur.
1551 1959 1611 1996 Sic
1634 1958 1706 1996 tibi
1727 1970 1795 1995 nos
1815 1957 1862 1995 ad

454 2025 508 2071 id,
530 2025 636 2078 quod
657 2025 760 2078 quasi
781 2026 977 2078 mancipio
1003 2026 1089 2063 dare
1110 2026 1333 2071 debuimus,
1354 2033 1576 2063 ornamenta
1595 2023 1770 2077 quaedam
1790 2036 1862 2062 vo·-

453 2091 616 2137 luimus,
638 2105 716 2131 non
736 2091 878 2138 debita,
900 2091 1091 2130 accedere.
