2176 2912
690 167 1411 208 ORATORIBUS.
1666 182 1742 222 347

341 273 410 298 nec
431 261 553 313 copia,
584 260 646 298 sed
679 273 814 312 parum
838 258 959 312 preffi,
992 270 1029 298 et
1059 261 1175 298 nimis
1206 261 1471 299 redundantes.
1516 261 1663 300 Rhodii
1685 263 1740 300 sa-

340 326 477 370 niores,
499 335 537 363 et
556 326 776 364 Atticorum
792 325 1005 363 fimiliores.
1039 326 1110 363 Sed
1130 326 1176 364 de
1194 327 1340 364 Graecis
1357 326 1539 365 hactenus
1555 346 1567 372 ς
1595 328 1740 366 etenim

338 389 420 428 haec
441 391 518 442 ipsa
537 390 689 428 forsitan
707 389 850 427 fuerint
870 404 947 428 non
968 391 1178 429 necessaria.

394 457 505 495 Tum
526 458 681 502 Brutus,
718 456 789 494 Ista
809 470 910 501 vero,
943 457 1086 509 inquit,
1117 471 1236 510 quam
1258 456 1455 495 neceffaria
1474 457 1631 503 fuerint,
1664 473 1739 497 non

338 521 452 559 facile
472 523 663 560 dixerim:
691 522 864 574 jucunda
892 533 993 560 certe
1023 522 1123 561 mihi
1143 523 1315 568 fuerunt,
1351 537 1477 576 neque
1507 523 1630 562 solum
1664 538 1742 562 non

338 587 468 639 longa,
500 587 561 625 sed
587 589 703 626 etiam
725 588 909 633 breviora,
931 602 1049 641 quam
1071 589 1223 627 vellem.
1265 590 1441 642 Optime,
1459 589 1621 641 inquam
1637 607 1648 633 ;
1680 589 1743 627 sed

338 654 537 691 veniamus
557 654 602 691 ad
622 654 782 698 nostros,
797 653 842 691 de
858 655 999 706 quibus
1020 654 1178 692 difficile
1199 655 1251 692 est
1267 655 1353 707 plus
1374 655 1602 707 intelligere,
1625 668 1742 706 quam

338 728 529 769 quantum
550 733 597 757 ex
616 720 882 757 monumentis
903 719 1079 772 suspicari
1099 720 1204 758 licet.

394 785 506 823 XIV.
540 786 641 837 Qis
676 785 781 822 enim
800 794 911 837 putet
931 795 996 824 aut
1015 786 1249 824 celeritatem
1269 786 1414 838 ingenii
1445 787 1494 824 L.
1527 786 1648 824 Bruto
1668 786 1741 831 illi,

338 850 551 888 nobilitatis
571 851 697 888 vestrae
717 851 899 904 principi,
931 851 1119 890 defuiffe?
1152 852 1286 904 quide
1313 862 1433 890 matre
1463 852 1662 890 suavianda
1694 866 1742 892 ex

334 916 492 954 oraculo
511 916 707 969 Apollinis
728 927 809 955 tam
829 927 952 962 acute,
975 926 1185 970 arguteque
1205 919 1411 970 conjecerit
1426 937 1438 962 ς
1461 919 1530 970 qui
1548 919 1743 958 summam

337 982 582 1034 prudentiam
611 983 855 1022 fimulatione
874 983 1043 1022 stultitiae
1063 985 1224 1028 texerit;
1257 984 1325 1036 qui
1345 984 1653 1036 potentiffimum
1682 999 1740 1024 re-

337 1061 441 1100 gem,
471 1049 664 1087 clariffimi
695 1049 792 1102 regis
827 1049 969 1095 filium,
1000 1051 1191 1103 expulerit
1207 1069 1219 1096 3
1255 1051 1530 1103 civitatemque
1557 1060 1744 1104 perpetuo

337 1114 540 1153 dominatu
568 1115 768 1154 liberatam
808 1117 1091 1169 magistratibus
1122 1118 1273 1162 annuis,
1304 1117 1471 1170 legibus,
1507 1118 1743 1170 judiciisque

338 1181 552 1220 devinxerit
568 1200 579 1227 3
612 1183 680 1234 qui
700 1182 855 1235 collegae
875 1183 942 1221 suo
975 1184 1187 1236 imperium
1208 1184 1460 1236 abrogaverit,
1487 1194 1531 1222 ut
1551 1198 1571 1222 e
1591 1185 1743 1222 civitate

337 1248 472 1300 regalis
492 1249 662 1287 nominis
694 1249 924 1288 memoriam
956 1250 1133 1288 tolleret:
1166 1251 1272 1302 quod
1306 1260 1407 1289 certe
1433 1251 1534 1289 effici
1564 1264 1642 1290 non
1668 1263 1741 1304 po·

337 1313 477 1358 tuiffet,
510 1315 578 1352 nifi
598 1314 687 1353 effet
705 1316 875 1354 oratione
894 1315 1125 1369 persuasum.

392 1380 582 1419 Videmus
613 1382 708 1420 item
739 1383 870 1435 paucis
901 1383 1009 1421 annis
1033 1383 1117 1435 post
1143 1396 1248 1435 reges
1278 1384 1443 1427 exaCmS,
1487 1395 1580 1421 cum
1611 1382 1741 1435 plebes

335 1460 455 1500 prope
485 1448 609 1500 ripam
629 1449 790 1487 Anienis
811 1449 857 1486 ad
884 1450 1043 1487 tertium
1063 1449 1292 1487 milliarium
1312 1448 1545 1493 consediffet,
1574 1462 1744 1502 eumque

337 1522 527 1559 montem,
564 1515 632 1566 qui
666 1516 775 1552 Sacer
805 1515 1017 1568 appellatus
1049 1515 1116 1559 est,
1147 1514 1413 1567 occupavisset,
1452 1515 1516 1553 M.
1541 1515 1743 1554 Valerium

335 1579 562 1618 dictatorem
596 1581 759 1619 dicendo
779 1581 953 1619 sedaviffe
983 1581 1201 1626 discordias,
1236 1582 1348 1634 eique
1366 1580 1417 1618 ob
1445 1594 1530 1619 eam
1550 1594 1633 1619 rem
1666 1580 1741 1620 ho-

336 1658 444 1684 nores
465 1647 715 1699 ampliffimos
736 1647 903 1692 habitos,
925 1658 963 1685 et
983 1661 1073 1685 eum
1093 1648 1268 1700 primum
1288 1647 1339 1685 ob
1355 1661 1438 1686 earn
1455 1647 1576 1700 ipsam
1589 1647 1741 1686 causam

338 1712 564 1749 Maximum
595 1712 666 1750 effe
697 1713 946 1765 appellatum.
1007 1714 1071 1751 Ne
1093 1714 1141 1751 L.
1162 1713 1362 1752 Valerium
1383 1712 1542 1765 quidem
1564 1713 1741 1752 Potitum

336 1776 498 1814 arbitror
518 1791 595 1815 non
615 1778 761 1829 aliquid
782 1778 942 1830 potuiffe
962 1778 1139 1823 dicendo,
1161 1780 1230 1831 qui
1251 1779 1333 1831 post
1345 1779 1656 1818 Decemviralem
1677 1780 1740 1818 in-

336 1842 493 1887 vidiam,
525 1842 681 1894 plebem
709 1843 748 1880 in
768 1853 890 1895 patres
911 1844 1124 1888 incitatam,
1153 1845 1304 1897 legibus
1335 1854 1372 1883 et
1391 1845 1645 1884 concionibus
1667 1845 1740 1884 suis

336 1909 583 1961 mitigaverit.

392 1975 592 2013 Poffumus
610 1976 785 2028 Appium
807 1976 1018 2022 Claudium
1039 1977 1215 2030 suspicari
1236 1977 1433 2021 disertum,
1456 1977 1546 2028 quia
1566 1977 1739 2015 senatum

330 2041 491 2092 jamjam
512 2041 742 2080 inclinatum
763 2056 783 2079 a
802 2041 938 2093 Pyrrhi
960 2057 1052 2095 pace
1073 2043 1316 2081 revocaverit.
1368 2043 1568 2080 Poffumus
1591 2044 1638 2081 C.
1662 2044 1738 2081 Fa-

336 2106 518 2152 bricium,
536 2109 626 2159 quia
647 2109 689 2146 s1t
709 2109 755 2146 ad
774 2108 966 2160 Pyrrhum
987 2109 1032 2147 de
1049 2110 1208 2162 captivis
1227 2109 1489 2161 recuperandis
1507 2108 1636 2147 miffus
1653 2123 1738 2147 ora-

337 2181 418 2209 tor:
451 2174 503 2210 T.
528 2175 830 2219 Coruncanium,
862 2175 966 2227 quod
986 2188 1033 2212 ex
1055 2176 1292 2213 Pontificum
1315 2175 1602 2212 commentariis
1624 2175 1739 2226 longe

334 2237 549 2289 plurimum
562 2239 716 2291 ingenio
731 2240 883 2278 valuiffe
901 2241 1095 2279 videatur:
1121 2242 1195 2280 Μ’,
1214 2242 1395 2285 Curium,
1417 2241 1522 2294 quod
1543 2241 1587 2286 is,
1611 2241 1736 2279 tribu-

337 2317 408 2340 nus
429 2304 567 2355 plebis,
599 2306 785 2358 interrege
802 2307 932 2360 Appio
953 2309 1081 2353 Caeco,
1104 2308 1241 2346 diserto
1261 2307 1435 2353 homine,
1462 2308 1622 2346 comitia
1641 2320 1736 2344 con-

337 2378 392 2406 tra
411 2369 511 2421 leges
531 2368 708 2416 habente,
740 2386 831 2411 cum
852 2373 897 2411 de
918 2374 1028 2426 plebe
1049 2374 1233 2412 Consules
1254 2388 1329 2413 non
1357 2375 1582 2427 accipiebat,
1614 2381 1736 2424 patres

335 2445 422 2473 ante
452 2437 620 2474 auctores
650 2437 732 2476 fieri
762 2440 952 2493 coegerit,
985 2440 1089 2494 quod
1119 2439 1234 2479 fuerit
1253 2454 1525 2494 permagnum,
1561 2438 1736 2477 nondum

337 2499 421 2554 lege
442 2501 586 2540 Maenia
605 2502 692 2542 lata.

1301 2571 1435 2609 sz
