2176 2912
515 222 594 271 418
859 226 991 267 DE
1106 230 1579 271 CLARIS

517 316 642 355 civilis
678 318 804 360 causas
836 321 875 361 in
912 322 1151 375 privatorum
1182 324 1459 377 cupiditatibus
1480 323 1657 370 inclusas,
1695 324 1797 379 pacis
1819 324 1927 378 spem

517 396 537 420 a
557 384 717 436 publico
737 388 895 426 consilio
915 389 985 427 effe
1005 390 1215 436 exclusam,
1244 391 1476 430 videremus.
1538 391 1609 430 Sed
1639 391 1754 430 inum
1774 392 1927 430 videtur

519 448 682 490 felicitas
704 452 832 506 ipsius,
866 469 940 508 qua
967 455 1115 509 semper
1134 457 1185 495 est
1207 457 1306 502 usus,
1339 458 1385 496 ab
1416 459 1469 496 eis
1490 458 1664 504 miseriis,
1687 472 1772 510 quae
1791 458 1924 497 conse-

519 528 617 556 cutae
638 520 738 566 sunt,
758 531 882 560 morte
900 523 1156 563 vindicavifl‘e.
1912 569 1915 571 ,

575 586 661 624 Nos
696 597 838 633 autem,
870 589 1006 634 Brute,
1037 590 1222 641 quoniam
1243 590 1325 642 post
1358 590 1570 635 Hortensii,
1609 590 1805 629 clariffimi
1839 604 1925 629 ora-

519 653 627 698 toris,
668 663 837 692 mortem
873 655 974 693 orbae
1019 655 1248 707 eloquentiae
1289 657 1393 708 quasi
1428 666 1572 695 tutores
1621 657 1744 695 reliffi
1778 657 1930 702 sumus,

520 719 629 758 domi
662 730 859 759 teneamus
892 735 976 762 eam
1008 721 1155 774 septam
1184 723 1333 761 liberali
1366 723 1560 768 custodia,
1598 733 1637 761 et
1669 722 1739 761 hos
1774 725 1927 777 ignotos

520 795 633 839 atque
653 787 898 840 impudentes
933 801 1066 840 procos
1102 789 1363 841 repudiemus,
1395 800 1662 842 tueamurque,
1694 799 1737 828 ut
1756 790 1928 830 adultam

520 853 725 906 virginem,
756 854 866 898 caste,
897 864 935 892 et
969 855 1016 892 ab
1037 865 1253 894 amatorum
1285 857 1450 909 impetu,
1486 866 1678 909 quantum
1713 856 1927 909 poffumus,

521 920 809 974 prohibeamus.
871 922 1082 974 Equidem,
1122 923 1187 960 etfi
1208 923 1319 962 doleo
1340 938 1403 961 me
1437 924 1474 961 in
1505 925 1624 962 vitam
1651 924 1766 977 paulo
1797 923 1932 968 serius,

523 996 706 1040 tanquam
726 989 766 1026 in
786 989 904 1033 viam,
935 989 1157 1042 ingressum,
1188 990 1411 1043 priusquam
1441 989 1664 1028 confeetum
1695 991 1766 1028 iter
1793 991 1851 1035 s1t,
1887 991 1933 1028 in

521 1052 623 1093 hanc
642 1055 864 1108 reipublicae
884 1057 1037 1094 noctem
1057 1056 1228 1094 incidiffe
1243 1076 1254 1102 ς
1287 1067 1416 1096 tamen
1447 1071 1488 1095 ea
1507 1057 1764 1095 consolatione
1784 1057 1931 1096 susten-

523 1130 597 1166 tor,
619 1136 736 1174 quam
759 1131 800 1160 tu
821 1121 937 1166 mihi,
952 1123 1081 1168 Brute,
1103 1122 1311 1161 adhibuisti
1331 1124 1407 1161 tuis
1429 1123 1651 1161 suaviffimis
1671 1123 1815 1168 literis;
1839 1123 1930 1176 qui-

524 1187 595 1226 bus
617 1202 681 1226 me
696 1187 788 1226 forti
807 1188 938 1226 animo
957 1188 1028 1226 effe
1043 1198 1218 1242 oportere
1238 1189 1430 1235 censebas,
1449 1189 1553 1243 quod
1574 1203 1615 1227 ea
1634 1188 1834 1242 geffiffem,
1846 1203 1936 1242 quae

523 1255 570 1294 de
590 1268 667 1301 me,
690 1255 807 1293 etiam
827 1269 890 1294 me
911 1265 1074 1301 tacente,
1105 1256 1182 1309 ipsa
1201 1257 1462 1309 loquerentur,
1491 1265 1724 1310 mortuoque
1743 1256 1931 1295 viverent.

524 1323 637 1374 Qae,
672 1322 700 1360 fi
733 1323 832 1360 reete
851 1321 953 1367 efl'et,
985 1322 1103 1361 salute
1133 1323 1353 1376 reipublicae
1368 1342 1381 1369 ς
1413 1323 1467 1362 fin
1488 1323 1607 1369 secus,
1644 1323 1803 1362 interitu
1833 1322 1933 1376 ipso,

523 1389 787 1428 testimonium
809 1402 987 1427 meorum
1009 1390 1055 1428 de
1075 1390 1287 1444 reipublica
1306 1390 1557 1430 confiliorum
1573 1391 1718 1429 darent.

578 1456 751 1494 XCVII.
784 1456 854 1495 Sed
875 1457 914 1494 in
937 1466 973 1495 te
993 1457 1161 1503 intuens,
1190 1459 1321 1503 Brute,
1345 1457 1454 1496 doleo
1467 1476 1478 1504 ;
1510 1458 1621 1510 cujus
1652 1458 1693 1495 in
1712 1457 1933 1496 adolescen—

524 1524 634 1568 tiam,
665 1537 733 1576 per
770 1524 914 1561 medias
946 1524 1075 1562 laudes
1115 1525 1218 1577 quafi
1253 1524 1449 1578 quadrigis
1479 1524 1700 1570 vehentem,
1734 1524 1935 1563 transversa

524 1589 689 1628 incurrit
720 1589 855 1627 misera
888 1589 1042 1628 fortuna
1062 1591 1298 1644 reipublicae.
1360 1592 1441 1630 Hic
1463 1606 1525 1630 me
1545 1592 1654 1630 dolor
1674 1592 1812 1643 tangit,
1848 1590 1931 1628 haec

525 1669 588 1694 me
622 1669 711 1693 cura
738 1655 930 1701 sollicitat,
958 1665 997 1694 et
1029 1655 1135 1695 hunc
1168 1670 1325 1695 mecum
1349 1657 1496 1695 socium
1523 1658 1692 1710 ejusdem
1725 1666 1762 1695 et
1791 1657 1935 1695 amoris

526 1732 564 1760 et
579 1722 734 1774 judicii.
777 1723 874 1760 Tibi
894 1722 1085 1768 favemus,
1118 1732 1155 1761 te
1176 1733 1240 1762 tua
1259 1723 1336 1762 frui
1363 1725 1504 1763 virtute
1524 1725 1731 1777 cupimusJ
1764 1724 1837 1762 tibi
1858 1738 1932 1777 op-

524 1799 652 1827 tamus
672 1803 757 1827 eam
778 1790 1075 1842 rempublicam,
1108 1791 1147 1828 in
1177 1805 1251 1844 qua
1272 1791 1439 1829 duorum
1458 1805 1644 1845 generum
1673 1790 1933 1844 ampliffimo-

526 1869 613 1894 rum
653 1869 830 1894 renovare
867 1857 1111 1902 memoriam,
1153 1867 1267 1910 atque
1297 1871 1433 1911 augere
1466 1857 1593 1911 poffis.
1654 1859 1791 1896 Tuum
1825 1858 1933 1896 enim

524 1921 668 1966 forum,
692 1932 804 1960 tuum
825 1932 902 1961 erat
922 1923 1020 1961 illud
1052 1924 1319 1963 curriculum:
1353 1935 1395 1963 tu
1421 1925 1516 1963 illuc
1545 1938 1696 1963 veneras
1718 1938 1831 1969 unus,
1863 1924 1935 1976 qui

526 2003 603 2027 non
624 1989 797 2041 linguam
832 1990 950 2028 modo
981 1990 1134 2029 acuifl'es
1156 1992 1428 2030 exercitatione
1460 1991 1629 2036 dicendi,
1661 1991 1723 2028 sed
1753 1999 1790 2028 et
1811 1990 1933 2043 ipsam

525 2055 789 2108 eloquentiam
825 2056 1126 2109 locupletavisses
1162 2058 1382 2110 graviorum
1416 2057 1558 2095 artium
1593 2056 1864 2101 instrumento,
1894 2066 1935 2094 et

527 2121 662 2159 iisdem
683 2122 827 2160 artibus
848 2122 963 2161 decus
984 2137 1100 2162 omne
1121 2124 1272 2161 virtutis
1292 2137 1384 2161 cum
1405 2123 1554 2161 summa
1573 2123 1802 2175 eloquentiae
1823 2123 1934 2161 laude

521 2187 720 2238 junxisseS.
781 2189 842 2226 Ex
864 2197 901 2226 te
921 2189 1064 2241 duplex
1084 2203 1153 2227 nos
1174 2189 1292 2227 aflicit
1312 2189 1545 2234 sollicitudo,
1577 2189 1682 2241 quod
1702 2199 1740 2227 et
1766 2189 1843 2242 ipse
1872 2203 1932 2227 re-

526 2254 683 2307 publica
703 2267 839 2299 careas,
871 2265 908 2293 et
928 2256 994 2293 illa
1025 2265 1075 2294 te.
1136 2258 1201 2294 Tu
1224 2265 1350 2294 tamen
1385 2256 1466 2308 (etsi
1492 2256 1648 2294 cursum
1679 2257 1825 2309 ingenii
1857 2257 1931 2301 tui,

527 2322 658 2365 Brute,
688 2322 829 2373 premit
850 2320 930 2359 haec
952 2322 1174 2375 importuna
1205 2323 1327 2361 clades
1349 2323 1532 2376 civitatis)
1564 2323 1721 2362 contine
1743 2333 1779 2361 te
1796 2323 1835 2361 in
1857 2323 1933 2361 tuis

527 2387 758 2440 perennibus
778 2387 925 2434 studiis,
948 2399 985 2427 et
1004 2390 1112 2428 effice
1133 2390 1186 2435 id,
1204 2391 1307 2443 quod
1323 2391 1405 2443 jam
1422 2390 1722 2444 propemodum,
1741 2390 1800 2428 vel
1820 2390 1933 2442 plane

528 2454 656 2506 potius
677 2453 866 2499 effeceras,
900 2465 942 2493 ut
963 2466 1000 2493 te
1028 2457 1163 2510 eripias
1184 2471 1229 2495 ex
1251 2471 1306 2502 ea,
1329 2471 1445 2510 quam
1477 2472 1548 2510 ego
1569 2456 1733 2510 congessi
1767 2457 1807 2494 in
1826 2454 1933 2494 hunc

529 2520 757 2565 sermonem,
791 2522 902 2560 turba
934 2531 1197 2575 patronorum.
1264 2524 1351 2562 Nec
1382 2524 1487 2562 enim
1519 2524 1627 2562 decet
1659 2532 1709 2568 te,
1751 2531 1932 2560 ornatum

528 2587 732 2627 uberrimis
753 2589 912 2635 artibus,
934 2604 1026 2643 quas
1048 2589 1140 2630 cum
1161 2591 1278 2631 domo
1298 2589 1446 2630 haurire
1468 2605 1544 2630 non
1565 2590 1698 2644 poffes,
1720 2588 1934 2628 arcessivisti
