2176 2912
426 197 501 237 532
795 186 1427 226 ORATORIAE

424 276 631 317 defensioni
652 281 850 319 contraria.
910 281 971 318 Ac
992 294 1039 318 ne
1058 279 1133 318 hoc
1154 281 1311 333 quidem
1336 293 1455 333 genus
1471 279 1510 318 in
1531 293 1591 319 eas
1611 280 1735 319 causas
1756 280 1821 320 in·-

423 346 556 388 currit,
588 359 673 397 quae
703 345 921 398 conjediura
950 347 1210 386 continentur.
1271 347 1389 399 Qod
1409 347 1513 384 enim
1534 346 1681 385 factum
1702 360 1820 400 nega-

424 419 499 455 tur,
531 411 569 448 id
600 413 706 464 argui
737 426 816 450 non
852 413 974 464 potest
1007 412 1173 464 scripto:
1214 426 1261 450 ne
1291 414 1331 450 in
1363 412 1629 451 definitionem
1660 413 1820 465 quidem

422 477 540 522 venit,
572 491 709 530 genere
739 478 868 530 scripti
899 478 1029 530 ipsius.
1071 479 1177 516 Nam
1206 479 1322 516 etiam
1343 479 1369 516 fi
1399 479 1560 517 verbum
1586 479 1742 531 aliquod
1774 479 1821 516 de

421 541 562 595 scripto
594 544 859 582 definiendum
889 543 955 588 est,
986 556 1106 594 quam-
1124 544 1205 581 vim
1230 543 1394 588 habeat3
1427 553 1483 588 ut,
1517 557 1609 581 cum
1630 557 1676 582 ex
1706 544 1819 581 testa-
1860 551 1863 553 '

420 609 577 654 mentis,
610 610 704 661 quid
734 610 778 647 fit
807 622 942 661 penus,
974 618 1039 646 aut
1059 622 1150 646 cum
1170 622 1217 646 ex
1244 609 1327 661 lege
1356 610 1489 661 praedii-
1507 609 1703 661 quaeritur,
1734 623 1820 662 quae

420 674 507 712 sunt
538 685 621 713 ruta
640 675 729 712 caesa
744 693 757 719 3
788 688 866 712 non
888 674 1018 726 scripti
1037 688 1174 726 genus,
1202 674 1263 712 sed
1282 675 1389 712 verbi
1415 675 1693 727 interpretatio,
1722 688 1819 713 con-

419 742 635 779 troverslam
655 741 767 793 parit.
827 741 933 778 Cum·
952 750 1082 777 autem
1102 740 1211 792 plura
1231 740 1493 792 significantur·
1516 741 1669 793 scripto,
1701 754 1819 793 prop-

417 815 475 844 ter
506 807 628 851 verbi,
657 815 722 843 aut
755 806 966 844 verborum
991 806 1301 858 ambiguitatem,
1336 807 1397 858 (ut
1417 807 1529 845 liceat
1547 807 1596 851 ei,
1632 807 1700 858 qui
1720 819 1818 844 con-

417 881 473 910 tra
506 872 622 918 dicat,
652 876 697 910 eo
729 870 875 909 trahere
901 872 1219 924 signi-ficationem
1254 873 1398 925 scripti,
1428 887 1506 925 quo
1535 873 1722 926 expediat,
1753 881 1820 910 aut

416 939 536 983 velit;
579 948 657 983 aut,
689 938 804 975 etiam
839 938 865 975 fi
900 938 1080 990 ambigue
1115 938 1300 990 scriptum
1332 952 1408 976 non
1443 939 1500 983 fit,
1546 939 1605 976 vel
1640 952 1661 975 a
1690 938 1818 976 verbis

416 1005 655 1043 voluntatem
692 1012 732 1041 et
765 1003 993 1041 sententiam
1032 1003 1222 1056 scriptoris
1259 1004 1459 1048 abducere,
1491 1004 1550 1042 vel
1581 1004 1656 1041 alio
1689 1004 1725 1041 se
1752 1017 1818 1041 ea-

416 1071 506 1109 dem
526 1071 572 1108 de
593 1084 631 1108 re
651 1070 838 1108 contrarie
859 1069 999 1122 scripto
1019 1068 1252 1121 defendere,)
1276 1079 1361 1107 tum
1377 1070 1599 1122 disceptatio
1618 1083 1665 1107 ex
1685 1069 1818 1122 scripti

414 1137 663 1174 contentione
696 1135 835 1180 existit,
868 1144 910 1172 ut
941 1135 981 1172 in
1016 1135 1209 1187 ambiguis
1243 1135 1488 1188 disceptetur,
1520 1135 1615 1187 quid
1645 1135 1817 1173 maxime

413 1203 647 1256 significetur
663 1221 674 1248 3
707 1203 746 1240 in
773 1201 902 1255 scripti
931 1201 1199 1253 sententiaeque
1226 1203 1486 1247 contentione,
1518 1211 1650 1240 utrum
1686 1202 1816 1255 potius

413 1270 590 1322 sequatur
603 1270 724 1322 judex
740 1287 752 1314 ς
784 1270 824 1306 in
844 1268 1042 1307 contrariis
1063 1268 1226 1322 scriptis,
1257 1278 1389 1307 utrum
1416 1269 1538 1322 magis
1568 1269 1612 1307 fit
1632 1282 1815 1322 compro-

414 1336 600 1374 bandum.
660 1335 898 1388 Disceptatio
924 1344 1052 1373 autern
1079 1349 1172 1373 cum
1202 1335 1253 1373 est
1279 1335 1499 1381 constituta,
1529 1335 1720 1388 proposita
1745 1334 1816 1373 esse

412 1403 525 1441 debet
546 1403 698 1447 oratori,
718 1401 796 1456 quo
816 1415 950 1440 omnes
971 1402 1318 1453 argumentationes
1339 1402 1506 1455 repet-itae
1526 1416 1571 1440 ex
1593 1401 1816 1439 inveniendi

412 1470 507 1508 locis
528 1470 795 1521 conjiciantur.
847 1469 966 1520 Qod
987 1482 1209 1521 quanquam
1229 1469 1313 1506 satis
1335 1469 1386 1506 est
1407 1470 1455 1514 ei,
1486 1469 1555 1521 qui
1574 1468 1690 1512 videt,
1719 1468 1816 1520 quid

411 1537 452 1574 in
474 1549 628 1588 quoque
646 1536 732 1573 loco
753 1535 877 1579 lateat,
910 1536 1056 1586 quique
1076 1535 1162 1572 illos
1184 1535 1302 1579 locos,
1323 1544 1506 1587 tanquam
1527 1534 1720 1572 thesauros
1741 1534 1813 1571 ali-

412 1616 508 1654 quos
529 1610 857 1654 argumentorum,
889 1609 1039 1637 notatos
1071 1599 1185 1637 habet
1204 1618 1215 1645 3
1249 1610 1376 1638 tamen
1396 1614 1449 1644 ea,
1478 1614 1562 1651 quae
1583 1600 1812 1638 suntcerta-

410 1681 498 1705 rum
519 1667 713 1705 causarum
733 1666 898 1719 propria,
931 1675 1145 1718 tangemus.

465 1734 639 1772 XXXII.
669 1733 714 1770 In
735 1732 952 1784 conjectura
972 1731 1089 1783 igitur
1110 1745 1201 1768 cum
1222 1731 1273 1769 est
1294 1733 1332 1769 in
1355 1731 1556 1769 infitiando
1575 1744 1674 1776 reuS,
1694 1744 1810 1769 accu‘⁸¹

410 1800 519 1838 satori
540 1799 622 1838 haec
649 1799 725 1836 duo
744 1799 867 1850 prima
889 1798 988 1842 sunt,
1022 1797 1101 1848 (sed
1128 1798 1382 1836 accusatorem
1404 1811 1473 1850 pro
1493 1798 1602 1836 omni
1633 1798 1754 1835 aetore
1775 1806 1812 1835 et

415 1866 577 1918 petitore
608 1865 785 1917 appello:
818 1863 970 1916 poffunt
1001 1864 1105 1901 enim
1128 1864 1244 1902 etiam
1274 1865 1350 1902 sine
1381 1864 1593 1902 accusatore
1621 1864 1660 1901 in
1693 1863 1811 1901 caufis

410 1931 491 1969 haec
512 1931 642 1968 eadem
664 1930 1003 1968 controverfiarum
1023 1943 1158 1982 genera
1178 1929 1329 1982 versari)
1362 1930 1423 1968 sed
1452 1929 1534 1968 haec
1566 1930 1643 1967 duo
1663 1929 1749 1967 sunt
1775 1929 1809 1967 ei

411 1998 547 2049 prima,
580 1997 699 2041 causa,
731 2005 768 2034 et
789 2005 960 2034 eventus.
1021 1996 1183 2034 Causam
1205 1996 1355 2048 appello
1376 1996 1561 2033 rationem
1589 1994 1807 2039 efficiendi;

409 2074 606 2108 eventum,
642 2064 694 2108 id,
727 2063 831 2115 quod
865 2063 917 2100 est
943 2061 1137 2100 effeffum.
1199 2065 1329 2114 Atque
1356 2062 1432 2114 ipsa
1464 2062 1623 2114 quidem
1656 2062 1811 2113 partitio

409 2131 603 2168 causarum
625 2130 738 2182 paulo
758 2139 843 2167 ante
867 2130 907 2166 in
928 2129 1102 2166 suasionis
1124 2129 1218 2166 locis
1240 2128 1439 2166 distributa
1458 2128 1522 2165 est.
1584 2128 1681 2178 Qae
1702 2128 1807 2166 enim

409 2197 449 2234 in
479 2197 636 2234 consilio
664 2196 846 2247 capiendo
877 2194 999 2232 futuri
1036 2196 1219 2247 temporis
1252 2194 1581 2247 praecipiebantur‚
1615 2194 1808 2245 quamob-

410 2276 491 2300 rem
522 2270 586 2299 aut
621 2261 826 2298 utilitatem
853 2260 1071 2297 viderentur
1100 2258 1290 2304 habitura,
1322 2270 1386 2297 aut
1417 2259 1609 2297 efficiendi
1643 2258 1807 2296 faculta-

410 2338 505 2372 tem,
538 2327 684 2371 eadem,
716 2327 783 2378 qui
819 2327 864 2363 dc
894 2326 994 2363 fadio
1021 2326 1365 2378 argumentabitur,
1409 2326 1588 2378 colligere
1622 2325 1806 2371 debebit3

409 2394 662 2446 quamobrem
682 2402 719 2430 et
755 2392 863 2429 utilia
899 2392 970 2436 illi,
1002 2406 1119 2443 quem
1153 2402 1297 2443 arguet,
1328 2391 1451 2437 fuisse,
1482 2401 1519 2428 et
1553 2391 1600 2429 ab
1636 2404 1681 2428 eo
1707 2391 1807 2429 effici

410 2460 571 2513 potuisse
616 2458 858 2498 demonstret.
919 2458 1109 2496 Utilitatis
1146 2460 1362 2510 conjectura
1397 2466 1588 2503 movetur,
1633 2457 1658 2495 fi
1693 2456 1804 2501 illud,
