2176 2912
575 193 894 232 LIBER
966 192 1384 231 PRIMUS.
1635 210 1689 249 45

340 285 469 324 XXV.
502 284 547 321 In
566 284 672 321 victu
691 283 925 321 considerare
945 292 1111 336 oportet,
1140 283 1242 336 apud
1257 297 1390 336 quem,
1413 294 1450 322 et
1466 299 1544 337 quo
1565 300 1685 332 more,

285 361 324 390 et
343 352 452 403 cujus
473 350 672 395 arbitratu,
694 350 740 387 fit
759 349 968 395 educatus,
998 364 1094 402 quos
1112 349 1291 388 habuerit
1306 351 1447 388 artium
1468 351 1688 390 liberalium

284 416 498 469 magistros,
530 429 626 468 quos
647 415 801 453 vivendi
821 425 1086 468 praeceptores,
1118 416 1260 468 quibus
1281 417 1416 454 amicis
1437 426 1578 462 utatur,
1610 433 1688 470 quo

283 483 325 520 in
344 482 516 534 negotio,
548 481 707 533 quaestu,
738 481 902 519 artificio
922 483 967 519 fit
986 492 1223 534 occupatus;
1256 495 1335 534 quo
1367 482 1484 520 modo
1515 497 1597 521 rem
1628 483 1687 521 fa-

284 547 477 586 miliarem
497 547 750 592 administret,
772 561 848 600 qua
859 547 1137 585 consuetudine
1151 548 1359 585 domestica
1374 548 1432 587 fit.
1474 549 1520 586 In
1536 548 1690 588 fortuna

284 614 481 666 quaeritur,
504 613 628 651 servus
645 613 704 658 fit,
726 627 772 650 an
793 613 892 651 liber
904 632 916 657 3
949 614 1178 666 pecuniosus
1200 627 1246 651 an
1267 614 1419 659 tenu183
1452 615 1621 667 privatus
1642 629 1689 654 an

285 692 377 717 cum
398 679 581 732 potestate
589 698 601 724 3
630 679 655 717 fi
673 693 765 717 cum
786 679 984 732 potestate,
1000 680 1088 731 jure
1108 694 1155 718 an
1171 681 1311 732 injuria
1319 699 1329 725 3
1353 679 1462 726 felix,
1484 681 1622 727 clarus,
1644 696 1691 720 an

285 755 441 790 contra3
465 742 596 797 quales
613 744 755 783 liberos
771 744 923 783 habeat.
964 747 1025 783 Ac
1041 746 1066 784 s1
1088 746 1135 784 de
1149 760 1228 784 non
1243 747 1331 784 vivo
1347 756 1551 798 quaeretur,
1574 749 1692 787 etiam

287 812 394 864 quali
415 821 541 849 morte
561 812 606 849 fit
625 810 796 855 affectus,
827 812 899 849 erit
918 812 1250 852 confiderandum.

341 877 539 915 Habitum
569 886 699 914 autem
731 878 985 930 appellamus,
1013 880 1135 916 animi
1165 889 1229 917 aut
1256 880 1426 932 corporis
1454 881 1692 920 constantem

286 951 324 980 et
357 942 572 980 absolutam
603 943 732 995 aliqua
762 943 802 980 in
835 957 874 981 re
900 943 1203 996 perfeetionem5
1246 955 1288 983 ut
1308 946 1475 991 virtutis,
1507 957 1572 984 aut
1603 948 1692 986 artis

286 1009 576 1061 perceptionem
596 1010 774 1061 alicujus,
796 1020 863 1048 aut
877 1012 1054 1063 quamvis
1075 1011 1289 1050 scientiam.
1332 1013 1384 1050 Et
1404 1013 1500 1050 item
1521 1015 1692 1067 corporis

287 1076 457 1127 aliquam
477 1076 799 1114 commoditatem
821 1091 898 1115 non
920 1087 1053 1116 natura
1073 1078 1215 1124 datam,
1237 1079 1300 1116 sed
1318 1079 1442 1117 studio
1459 1089 1497 1118 et
1510 1081 1694 1119 industria

289 1151 451 1193 partam.
511 1142 680 1180 Affectio
714 1143 767 1181 est
800 1145 923 1182 animi
961 1154 1026 1182 aut
1055 1146 1226 1198 corporis
1257 1159 1304 1183 ex
1340 1155 1528 1198 tempore,
1568 1147 1696 1200 aliqua

289 1207 335 1244 de
366 1207 487 1251 causa,
529 1210 801 1254 commutatio,
835 1220 878 1247 ut
908 1211 1055 1255 laetitia,
1087 1211 1292 1264 cupiditas,
1331 1222 1473 1258 metus,
1506 1213 1693 1259 molestia,

290 1273 464 1317 morbus,
507 1273 699 1318 debilitas,
739 1284 777 1312 et
803 1276 875 1312 alia
905 1291 989 1328 quae
1019 1291 1158 1330 genere
1189 1279 1230 1316 in
1266 1279 1404 1317 eodem
1438 1281 1693 1332 reperiuntur.

290 1338 473 1376 Studium
493 1348 623 1377 autem
643 1340 696 1377 est
715 1341 836 1379 animi
862 1341 1002 1379 assidua
1031 1352 1069 1380 et
1100 1342 1308 1382 vehemens
1339 1345 1385 1382 ad
1416 1345 1586 1397 aliquam
1614 1361 1696 1385 rem

292 1404 483 1458 applicata
519 1419 659 1458 magna
696 1420 789 1444 cum
832 1408 1030 1446 voluntate
1072 1410 1290 1462 occupatio,
1340 1420 1383 1448 ut
1428 1410 1695 1465 philosophiae,

290 1472 472 1523 poetices,
504 1473 738 1524 geometriae,
771 1473 983 1512 literarum.
1036 1475 1256 1513 Consilium
1274 1476 1331 1513 est
1346 1477 1494 1529 aliquid
1515 1477 1695 1525 faciendi,

290 1546 354 1574 aut
375 1551 453 1575 non
480 1535 660 1582 faciendi,
693 1552 778 1576 vere
809 1540 1026 1592 excogitata
1052 1541 1162 1578 ratio.
1215 1542 1329 1579 Faeta
1359 1552 1491 1580 autem
1523 1554 1561 1582 et
1591 1545 1696 1584 casus

291 1612 329 1639 et
349 1604 546 1641 orationes
564 1604 687 1642 tribus
707 1618 754 1642 ex
777 1607 1016 1658 temporibus
1038 1607 1403 1653 confiderabuntur;
1436 1611 1531 1662 quid
1546 1610 1695 1657 fecerit,

292 1679 357 1706 aut
377 1670 474 1721 quid
501 1670 569 1723 ipsi
596 1671 791 1716 acciderit,
827 1682 892 1710 aut
913 1673 1007 1725 quid
1028 1673 1190 1711 dixerit:
1228 1684 1293 1712 aut
1321 1675 1416 1726 quid
1445 1675 1573 1722 faciat,
1603 1679 1698 1730 quid

291 1735 360 1788 ipfi
380 1737 540 1782 accidat,
573 1738 667 1790 quid
688 1738 807 1776 dicat:
841 1748 906 1776 aut
927 1740 1021 1792 quid
1037 1739 1205 1778 facturus
1226 1741 1284 1785 sit,
1317 1742 1411 1793 quid
1431 1743 1498 1795 ipfi
1520 1744 1697 1783 casurum

293 1801 350 1843 fit,
382 1815 457 1853 qua
476 1803 520 1840 fit
542 1803 674 1841 usurus
702 1805 887 1843 oratione.
939 1806 998 1842 Ac
1025 1805 1194 1858 personis
1226 1807 1388 1859 quidem
1416 1807 1498 1847 haec
1519 1811 1705 1849 videntur.

294 1866 366 1904 effe
386 1867 584 1905 attributa.

349 1933 501 1970 XXVI..
534 1933 715 1986 Negotiis
736 1945 866 1973 autem
887 1950 971 1988 quae
992 1936 1079 1975 sunt
1099 1939 1283 1977 attributa
1302 1941 1445 1992 partim
1467 1942 1555 1980 sunt
1570 1945 1701 1981 conti—

294 1999 424 2035 nentia
436 2011 529 2036 cum
542 1999 623 2051 ipso
639 2002 810 2052 negotio,
833 2003 976 2054 partim
993 2003 1032 2040 in
1049 2003 1217 2055 gestione
1237 2007 1383 2058 negotii
1399 2008 1698 2055 considerantur,

293 2065 435 2117 partim
456 2066 632 2117 adjuneta
659 2068 816 2119 negotio
842 2068 942 2113 sunt,
975 2071 1117 2123 partim
1148 2071 1298 2122 gestum
1331 2075 1534 2125 negotium
1565 2077 1699 2114 conse-

295 2141 482 2183 quuntur.
535 2133 788 2171 Continentia
808 2148 900 2172 curn
928 2136 1009 2188 ipso
1040 2138 1198 2189 negotio
1230 2138 1316 2176 sunt
1347 2153 1401 2184 ea,
1439 2154 1523 2192 quoe
1553 2142 1702 2196 semper

294 2197 407 2235 affixa
425 2198 496 2236 effe
509 2198 688 2237 videntur
708 2200 753 2237 ad
774 2215 869 2245 rem,
893 2215 1020 2253 neque
1035 2203 1083 2241 ab
1102 2217 1143 2241 ea
1164 2205 1316 2256 possunt
1337 2205 1510 2258 separari.
1560 2209 1621 2246 Ex
1638 2208 1699 2247 his

296 2263 420 2314 prima
440 2263 492 2301 est
514 2264 637 2302 brevis
651 2266 874 2318 complexio
890 2269 1008 2306 totius
1026 2270 1186 2321 negotii,
1209 2284 1293 2322 quae
1312 2271 1505 2310 summam
1527 2275 1703 2313 continet

298 2327 403 2374 faeti,
426 2328 501 2366 hoc
518 2331 636 2369 modo
644 2350 654 2376 3
689 2333 860 2371 Parentis
881 2335 1032 2380 occifio,
1056 2337 1185 2387 patriae
1201 2337 1384 2389 proditio;
1426 2340 1578 2378 Deinde
1594 2341 1702 2379 causa

299 2394 380 2444 ejus
401 2395 576 2440 summae,
598 2410 666 2449 per
685 2412 817 2449 quam,
840 2408 878 2436 et
894 2402 1162 2451 quamobrem,
1185 2412 1222 2439 et
1238 2404 1348 2455 cujus
1366 2405 1417 2441 rei
1435 2405 1543 2443 causa
1555 2406 1701 2445 saelum

298 2459 356 2503 fit,
391 2462 587 2511 quaeritur.
640 2465 791 2502 Deinde
823 2475 909 2504 ante
936 2481 1016 2505 rem
1043 2468 1188 2520 gestam
1215 2484 1299 2521 quac
1320 2470 1417 2508 faeta
1438 2471 1538 2516 sunt,
1571 2474 1699 2509 conti-

300 2535 432 2564 nenter
449 2527 566 2580 usque
582 2529 626 2567 ad
643 2530 770 2583 ipsum
784 2534 1001 2585 negotium.
1043 2535 1252 2573 Deindein
1266 2536 1347 2588 ipso
1362 2538 1528 2589 gerendo
1545 2538 1707 2591 negotio
