2176 2912
466 191 788 234 LIBER
864 189 1443 229 S‘ECUNDUS.
1617 193 1669 246 87

260 290 361 329 solus
381 287 532 331 exierit,
566 284 672 338 quod
693 284 808 322 illum
829 292 908 322 tam
930 282 1164 322 familiarem
1189 283 1423 323 comitatum
1457 293 1538 322 tam
1558 299 1669 338 aequo

260 356 392 394 animo
411 352 624 406 reliquerit,
654 350 761 404 quod
778 360 987 389 cruentum
1006 350 1182 403 gladium
1197 349 1389 388 habuerit.

316 423 474 460 Horum
495 432 579 473 pars
599 419 646 457 ad
661 417 867 456 confilium
884 417 1065 470 pertinet.
1098 417 1297 468 Qaeritur
1312 417 1433 461 enim,
1456 426 1590 455 utrum
1608 419 1668 456 vi-

260 489 393 527 deatur
423 486 630 540 diligenter
649 485 745 524 ratio
763 483 931 522 faciendi
963 483 1034 522 effe
1054 483 1186 522 habita
1215 493 1255 522 et
1284 484 1514 536 excogitata,
1545 497 1591 521 an
1619 486 1672 522 ita

261 565 419 600 temere,
451 562 494 591 ut
513 567 592 591 non
612 551 817 590 verifimile
837 551 895 596 fit,
918 564 1158 604 quemquam
1186 560 1265 589 tam
1282 560 1426 588 temere
1453 550 1499 588 ad
1520 550 1670 588 malefi-

260 622 369 660 cium
385 619 580 658 acceffiffe.
613 620 659 658 In
673 632 752 671 quo
768 618 966 671 quaeritur,
985 632 1081 656 num
1098 631 1176 670 quo
1193 618 1268 655 alio
1287 617 1406 655 modo
1421 617 1670 655 commodius

263 687 430 741 potuerit
451 686 548 731 fieri,
576 685 636 724 vel
663 699 684 723 a
702 684 860 723 fortuna
878 684 1149 722 administrari.
1193 685 1300 723 Nam
1321 683 1429 736 saepe,
1452 683 1477 720 fi
1498 684 1673 736 pecuniae

262 755 498 806 adjumenta,
531 752 558 790 fi
577 752 769 804 adjutores
790 751 925 795 defint,
955 750 1116 789 facultas
1147 749 1258 789 fuiffe
1277 749 1443 788 faciendi
1464 763 1542 787 non
1562 749 1671 787 vide-

262 829 340 858 tur.
373 820 464 857 Hoc
486 817 603 856 modo
623 817 649 855 fi
670 816 875 868 diligenter
895 816 1153 860 attendamus,
1179 825 1266 869 apta
1286 816 1386 853 inter
1406 815 1441 853 se
1461 814 1532 852 effe
1552 814 1671 853 intel-

261 885 422 938 ligimus
442 884 525 922 haec
550 897 636 935 quae
656 882 836 935 negotiis,
859 892 896 920 et
915 883 982 920 illa
998 897 1083 935 quae
1104 882 1287 935 personis,
1311 882 1399 920 sunt
1413 882 1610 920 attributa.

317 951 400 989 Hic
422 963 547 1002 neque
567 948 681 987 facile
701 949 754 986 est
774 946 900 1001 neq'ue
929 948 1178 987 necessarium
1205 948 1453 1000 distinguere,
1476 957 1518 985 ut
1545 948 1586 986 in
1610 947 1673 985 su-

264 1018 480 1071 perioribus
500 1016 688 1070 partibus,
704 1030 783 1069 quo
796 1018 905 1069 pacto
926 1017 1098 1069 quidque
1117 1016 1391 1060 accusatorem,
1407 1025 1445 1053 et
1461 1028 1540 1067 quo
1556 1015 1675 1053 modo

264 1083 504 1122 defensorem
525 1085 696 1129 tractare,
717 1092 903 1136 oporteat.
937 1083 1032 1121 Non
1050 1082 1314 1126 neceffarium,
1335 1091 1533 1134 propterea
1553 1081 1674 1133 quod,

264 1149 374 1188 causa
393 1149 525 1202 posita,
554 1149 649 1201 quid
679 1150 719 1186 in
741 1163 936 1201 quamque
968 1150 1185 1194 conveniat,
1217 1162 1273 1186 res
1306 1148 1382 1201 ipsa
1409 1148 1565 1186 docebit
1595 1161 1675 1191 eos,

266 1217 334 1270 qui
355 1230 433 1255 non
454 1216 586 1254 omnia
601 1215 667 1254 1116
688 1207 728 1253 se
740 1217 963 1254 inventuros
979 1217 1188 1269 putabunt,
1210 1216 1272 1254 sed
1288 1217 1335 1254 ad
1351 1230 1406 1260 ea,
1429 1230 1513 1268 quae
1529 1229 1672 1268 praece-

266 1293 331 1336 pta
346 1283 447 1328 sunt,
473 1283 773 1335 comparationis
794 1284 912 1321 modo
929 1284 1123 1335 quandam
1142 1285 1183 1321 in
1204 1296 1415 1321 commune
1436 1283 1675 1321 mediocrem

265 1349 567 1402 intelligentiam
581 1348 796 1387 conferent.
816 1350 911 1388 Non
928 1348 1041 1387 facile
1062 1359 1206 1394 autem,
1225 1348 1331 1401 quod
1346 1358 1385 1386 et
1401 1348 1602 1386 infinitum
1623 1348 1676 1386 est

266 1426 325 1455 tot
344 1416 391 1454 de
411 1416 525 1454 rebus
543 1425 748 1468 utramque
764 1417 803 1453 in
822 1425 970 1468 partem
988 1416 1214 1468 singillatim
1235 1416 1281 1453 de
1298 1429 1528 1467 unaquaque
1548 1414 1675 1466 expli-

265 1495 363 1527 care,
394 1491 432 1519 et
463 1479 553 1519 alias
585 1481 694 1529 aliter
713 1480 795 1518 haec
817 1482 857 1518 in
889 1490 1094 1533 utramque
1115 1490 1263 1533 partem
1294 1480 1411 1518 causat¹
1434 1480 1555 1518 solent
1578 1493 1675 1518 con-

265 1549 408 1587 venire.

320 1615 433 1653 XIV.
456 1615 586 1666 Qare
601 1614 833 1652 confiderare
849 1612 946 1658 haec,
969 1627 1054 1666 quae
1074 1612 1337 1666 exposuimus,
1354 1612 1563 1665 oportebit.
1598 1613 1675 1650 Fa-

266 1681 378 1719 cilius
392 1690 522 1720 autem
534 1681 581 1719 ad
593 1681 859 1719 inventionem
872 1681 1024 1718 animus
1038 1680 1205 1725 incedet,
1214 1680 1241 1718 fi
1255 1679 1349 1732 gesti
1362 1679 1508 1731 negotii
1522 1688 1559 1715 et
1569 1678 1677 1717 suam

268 1756 306 1785 et
326 1747 523 1786 adversarii
544 1747 802 1787 narrationem
819 1747 914 1799 faepe
930 1756 967 1785 et
988 1746 1193 1799 diligenter
1212 1746 1457 1798 pertractabit
1473 1763 1485 1790 3
1508 1754 1559 1789 et,
1578 1743 1676 1796 quid

270 1827 438 1865 quaeque
466 1827 551 1865 pars
583 1813 807 1865 suspicionis
827 1811 1001 1858 habebit,
1037 1813 1210 1857 eliciens,
1245 1811 1511 1856 considerabit,
1543 1824 1676 1862 quare,

269 1892 349 1931 quo
365 1879 541 1924 consilio,
555 1892 631 1931 qua
643 1878 706 1931 spe
718 1878 956 1931 perficiendi,
974 1879 1147 1930 quidque
1159 1877 1306 1916 factum
1323 1879 1386 1916 fit:
1410 1891 1478 1916 cur
1493 1876 1569 1915 hoc
1587 1890 1675 1915 mo-

269 1945 318 1984 do
334 1946 477 1998 potius,
500 1959 618 1997 quam
638 1945 731 1984 illo:
754 1959 823 1983 cur
843 1945 889 1983 ab
907 1943 983 1983 hoc
999 1945 1143 1997 potius,
1163 1958 1280 1997 quam
1301 1944 1348 1982 ab
1368 1944 1460 1982 illo:
1484 1958 1553 1982 cur
1566 1944 1678 1982 nullo

270 2013 456 2065 adjutore,
478 2022 543 2050 aut
558 2026 626 2050 6111
651 2011 751 2050 hoc:
774 2026 842 2050 cur
858 2026 974 2050 nemo
995 2012 1039 2050 fit
1055 2012 1244 2056 conscius,
1267 2021 1331 2049 aut
1353 2025 1420 2049 cur
1441 2011 1499 2055 fit,
1521 2020 1587 2049 aut
1607 2024 1677 2049 cur

269 2078 335 2117 hic
355 2080 423 2118 s1t:
446 2093 514 2118 cur
530 2078 606 2117 hoc
621 2089 709 2118 ante
725 2078 872 2118 fac‘tum
888 2079 956 2118 fit:
980 2093 1049 2117 cur
1063 2078 1139 2117 hoc
1154 2089 1242 2117 ante
1257 2077 1403 2116 fa6mm
1422 2091 1499 2116 non
1516 2078 1584 2116 fit:
1607 2090 1677 2115 cur

269 2144 344 2183 hoc
364 2146 405 2184 in
425 2145 506 2199 ipso
527 2146 707 2198 negotio:
731 2160 799 2184 6111
819 2145 895 2183 1106
916 2146 998 2198 post
1018 2146 1221 2198 negotium
1240 2161 1248 2183 z
1271 2153 1337 2182 aut
1353 2144 1449 2196 quid
1464 2143 1611 2182 factum
1630 2143 1678 2181 de

270 2211 476 2249 industria:
509 2221 574 2249 aut
595 2212 690 2264 quid
710 2225 791 2250 rem
822 2211 943 2264 ipsam
962 2212 1214 2250 consecutum
1236 2211 1280 2249 fit
1298 2226 1306 2248 2
1339 2210 1535 2248 constetne
1555 2210 1677 2247 oratio

271 2286 336 2314 aut
355 2291 448 2315 cum
468 2291 519 2322 re,
535 2287 599 2315 aut
618 2278 698 2331 ipsa
715 2277 869 2316 secum:
891 2277 967 2316 hoc
986 2277 1151 2330 hujusne
1164 2278 1225 2325 rei
1241 2277 1285 2315 fit
1303 2276 1470 2329 signum,
1489 2290 1535 2314 an
1553 2276 1672 2319 illius,

265 2355 312 2380 an
331 2342 446 2395 hujus
467 2353 505 2382 et
538 2344 657 2389 illius,
688 2353 726 2382 et
757 2345 879 2382 utrius
906 2345 1064 2397 potius;
1096 2344 1191 2397 quid
1211 2343 1358 2382 faenum
1386 2343 1431 2381 s1t
1463 2342 1568 2395 quod
1599 2354 1678 2379 non

272 2411 499 2461 oportuerit,
529 2420 595 2449 aut
615 2425 694 2449 non
713 2410 862 2449 fartum
882 2412 987 2463 quod
1008 2411 1236 2464 oportuerit.

329 2475 436 2513 Cum
455 2476 606 2514 animus
627 2476 698 2515 hac
717 2477 932 2515 intentione
952 2490 1087 2515 omnes
1113 2477 1231 2514 totius
1256 2475 1402 2528 negotii
1430 2483 1552 2526 partes
1581 2485 1676 2510 con-

273 2539 461 2587 siderabit,
498 2550 584 2580 tum
605 2542 663 2580 illi
684 2543 750 2594 ips1
771 2543 811 2580 in
845 2542 1022 2582 medium
1042 2542 1251 2581 conservati
1283 2541 1359 2579 loci
1380 2538 1600 2592 procedent,
1632 2536 1677 2573 de
