2176 2912
426 157 501 198 228
781 157 896 196 DE
972 156 1483 196 ORATORE

424 250 668 304 susciperent,
689 250 972 304 profiterentur,
1003 260 1171 304 agerent,
1200 250 1348 303 seseque
1369 260 1406 288 et
1422 249 1577 289 videndi
1598 261 1655 288 res
1685 249 1829 288 obscu-

425 317 599 362 riffimas,
633 326 670 355 et
701 317 798 354 bene
817 317 985 362 vivendi,
1030 326 1067 355 et
1086 317 1237 370 copiose
1256 317 1409 354 dicendi
1430 316 1616 354 rationem
1649 314 1827 353 homini-

426 385 496 422 bus
525 384 678 422 daturos
708 383 1002 436 pollicerentur,
1031 397 1109 422 non
1141 383 1342 421 admovere
1370 396 1500 420 aurem
1516 400 1527 427 ;
1559 390 1611 426 et,
1642 381 1668 419 fi
1698 381 1831 434 palam

423 451 554 488 audire
573 464 636 488 eos
657 464 733 488 non
755 450 922 495 auderes,
941 464 988 488 ne
1007 450 1198 488 minueres
1219 450 1319 502 apud
1340 459 1425 488 tuos
1438 450 1537 487 cives
1558 448 1824 486 auetoritatem

423 526 545 561 tuam,
577 516 895 554 subauscultando
927 525 1053 554 tamen
1080 516 1253 568 excipere
1283 528 1394 553 voces
1425 528 1573 560 eorum,
1608 523 1647 552 et
1672 514 1823 566 procul,
1859 537 1863 538 ν

424 583 519 635 quid
540 591 744 627 narrarent,
776 582 982 620 attendere.
1028 583 1163 633 Itaque
1182 581 1271 626 feci,
1304 581 1456 626 Catule,
1486 590 1524 619 et
1544 581 1704 619 istorum
1733 594 1824 619 om-

422 649 535 686 nium
556 648 781 686 summatim
800 647 924 684 causas
944 656 982 684 et
1001 660 1137 699 genera
1156 646 1234 698 ipsa
1251 647 1408 698 gustavi.

478 714 691 752 XXXVII.
719 712 842 750 Valde
861 711 1034 756 hercule,
1052 712 1184 763 inquit
1203 711 1379 756 Catulus,
1400 710 1559 756 timide,
1573 719 1756 763 tanquam
1776 710 1828 748 ad

422 780 591 832 aliquem
621 778 794 816 libidinis
821 777 1039 830 scopulum,
1071 778 1120 816 fic
1141 786 1248 816 tuam
1270 787 1444 816 mentem
1470 777 1518 816 ad
1536 775 1824 830 philosophiam

422 845 614 898 appulisti,
632 858 750 897 quam
762 843 844 882 haec
856 844 988 882 civitas
1005 842 1195 896 aspernata
1207 857 1408 896 nunquam
1423 843 1490 882 est.
1512 844 1619 882 Nam
1634 853 1672 882 et
1687 842 1828 881 referta>

421 912 619 964 quondam
640 912 751 950 Italia
766 910 1096 963 Pythagoreorum
1116 910 1207 955 fuit,
1225 920 1329 955 tum,
1347 924 1440 948 cum
1459 920 1538 948 erat
1556 911 1597 948 in
1617 909 1688 948 hac
1707 918 1821 962 gente

421 991 560 1030 magna
590 977 655 1015 illa
675 977 846 1015 Graecia:
878 990 926 1015 ex
956 990 1034 1028 quo
1053 978 1169 1015 etiam
1184 977 1342 1028 quidam
1363 977 1541 1015 Numam
1561 976 1818 1028 Pompilium,

421 1055 551 1095 regem
572 1044 757 1088 nostrum,
779 1042 887 1081 fuifl‘e
909 1042 1195 1095 Pythagoreum
1213 1041 1342 1081 ferunt
1355 1062 1366 1087 ;
1399 1043 1467 1095 qui
1490 1042 1596 1080 annis
1617 1041 1820 1093 permultis

420 1119 506 1146 ante
527 1109 615 1154 fuit,
647 1123 764 1161 quam
783 1109 860 1162 ipse
881 1108 1111 1161 Pythagoras
1126 1128 1137 1154 3
1169 1122 1247 1161 quo
1267 1109 1383 1146 etiam
1404 1109 1524 1159 major
1543 1107 1601 1145 vir
1619 1105 1818 1144 habendus

419 1174 486 1219 est,
517 1189 608 1213 cum
629 1175 736 1212 illam
770 1175 993 1227 sapientiam
1027 1174 1300 1212 constituendae
1326 1174 1490 1212 civitatis
1522 1172 1669 1211 duobus
1701 1184 1820 1223 prope

418 1240 553 1278 seculis
587 1251 672 1278 ante
705 1242 901 1292 cognovit,
933 1253 1050 1292 quam
1083 1253 1168 1278 eam
1189 1241 1316 1279 Graeci
1351 1248 1480 1278 natam
1511 1238 1581 1276 effe
1611 1236 1819 1276 senserunt.

419 1307 471 1344 Et
491 1316 591 1344 certe
612 1321 688 1344 non
711 1308 800 1344 tulit
821 1306 920 1344 ullos
950 1305 1032 1344 haec
1052 1307 1184 1344 civitas
1204 1316 1270 1345 aut
1288 1307 1410 1360 gloria
1427 1306 1617 1349 clariores,
1639 1314 1704 1342 aut
1723 1317 1816 1341 auc-

418 1373 569 1412 toritate
602 1374 804 1426 graviores,
841 1382 905 1410 aut
938 1371 1179 1411 humanitate
1212 1374 1423 1426 poli-tiores,
1455 1374 1499 1411 P.
1534 1370 1732 1414 Africano,
1764 1370 1816 1408 C.

417 1439 552 1484 Laelio,
583 1441 630 1477 L.
654 1440 785 1484 Furio,
818 1440 886 1490 qui
917 1439 1045 1477 secum
1075 1439 1345 1478 eruditiffimos
1371 1439 1550 1477 homines
1583 1451 1629 1475 ex
1666 1436 1815 1475 Graecia

416 1505 542 1555 palam
563 1505 707 1557 semper
726 1504 956 1542 habuerunt.
1000 1506 1132 1556 Atque
1163 1519 1234 1557 ego
1251 1519 1297 1543 ex
1327 1506 1404 1543 istis
1426 1505 1519 1557 saepe
1550 1503 1690 1548 audivi,
1721 1516 1814 1540 cum

415 1570 595 1615 dicerent,
626 1580 847 1623 pergratum
867 1568 1117 1608 Athenienses
1137 1579 1174 1607 et
1194 1571 1263 1608 fibi
1283 1570 1420 1615 feciffe,
1454 1580 1492 1608 et
1511 1570 1645 1608 multis
1663 1569 1813 1621 princi-

411 1636 526 1687 pibus
554 1637 733 1681 civitatis,
765 1637 884 1688 quod,
921 1649 1014 1673 cum
1033 1635 1079 1673 ad
1099 1635 1270 1674 senatum
1299 1637 1440 1689 legatos
1462 1636 1507 1673 de
1528 1636 1601 1673 suis
1629 1635 1810 1673 maximis

413 1703 523 1740 rebus
544 1703 756 1746 mitterent,
788 1711 861 1739 tres
882 1701 986 1739 illius
1003 1702 1121 1739 aetatis
1143 1702 1395 1740 nobiliffimos
1413 1700 1666 1753 Philosophos
1687 1700 1811 1738 misis-

411 1768 506 1813 scut,
530 1770 779 1813 Carneadem,
809 1778 847 1806 et
869 1767 1099 1813 Critolaum,
1121 1777 1159 1805 et
1180 1769 1398 1820 Diogenem
1418 1783 1426 1806 :
1459 1769 1586 1819 itaque
1605 1781 1682 1812 eos,
1714 1768 1811 1805 dum-

411 1835 549 1872 Romae
567 1834 697 1878 essent,
728 1844 802 1872 eta
833 1834 880 1879 se,
913 1842 950 1871 et
984 1833 1030 1871 ab
1051 1834 1148 1878 aliis,
1176 1832 1397 1886 frequenter
1416 1834 1579 1872 auditos.
1627 1835 1735 1885 Qos
1766 1842 1809 1870 tu

410 1914 501 1937 cum
532 1899 688 1944 haberes
723 1902 904 1944 austores,
935 1900 1100 1944 Antoni,
1136 1900 1269 1944 miror,
1307 1914 1375 1938 cur
1407 1898 1673 1952 philosophiae,
1712 1899 1808 1937 ficut

410 1964 558 2003 Zethus
579 1966 644 2003 ille
666 1966 916 2010 Pacuvianus,
946 1979 1064 2018 prope
1083 1965 1231 2003 bellum
1251 1965 1448 2003 indixeris.

464 2031 647 2075 Minime,
676 2031 804 2082 inquit
825 2031 1044 2068 Antonius:
1076 2044 1118 2068 ac
1145 2030 1194 2067 fic
1216 2030 1362 2067 decrevi
1379 2028 1640 2082 philosophari
1661 2029 1805 2081 potius,

407 2106 451 2135 ut
483 2097 765 2149 Neoptolemus
797 2096 897 2148 apud
928 2096 1118 2140 Ennium,
1141 2096 1293 2148 paucis:
1324 2109 1406 2133 nam
1431 2095 1565 2133 omnino
1598 2095 1698 2134 haud
1716 2097 1803 2148 pla-

406 2173 473 2201 cet.
526 2162 595 2199 Sed
618 2171 744 2198 tamen
764 2160 845 2199 haec
867 2161 919 2198 est
938 2174 1023 2198 mea
1042 2160 1238 2205 sententia,
1269 2175 1385 2213 quarn
1408 2161 1561 2198 videbar
1580 2160 1802 2213 exposuisse.

408 2229 493 2279 Ego
514 2227 581 2264 ista
610 2227 729 2264 studia
750 2241 825 2264 non
858 2227 1050 2278 improbO,
1082 2226 1276 2264 moderata
1305 2227 1423 2264 modo
1453 2227 1547 2264 fint:
1579 2227 1803 2278 opinionem

404 2294 562 2331 istorum
584 2293 811 2337 studiorum,
842 2301 880 2329 et
900 2291 1155 2344 suspicionem
1174 2292 1323 2330 artificii
1345 2292 1444 2344 apud
1468 2305 1544 2337 eos,
1576 2293 1643 2344 qui
1663 2306 1718 2330 res
1733 2294 1802 2345 ju-

403 2361 547 2404 dicent,
578 2359 713 2397 oratori
735 2358 979 2397 adversariam
1000 2358 1071 2396 effe
1091 2359 1274 2397 arbitror:
1306 2359 1508 2397 imminuit
1532 2359 1638 2397 enim
1658 2368 1696 2397 et
1716 2372 1801 2397 ora-

403 2427 496 2464 toris
517 2425 796 2469 auctoritatem,
826 2433 864 2462 et
885 2424 1065 2462 orationis
1086 2423 1218 2462 fidem.

459 2491 693 2532 XXXVIII.
725 2491 811 2536 Sed,
845 2499 888 2528 ut
907 2503 952 2528 eo
971 2498 1181 2537 revocetur,
1203 2489 1304 2529 unde
1322 2488 1400 2530 huc
1421 2489 1625 2529 declinavit
1654 2489 1773 2528 oratio
1784 2507 1797 2536 3
