2176 2912
394 179 480 220 ,494
851 164 1356 204 TOPICA.

430 260 526 299 XII.
559 258 760 297 Admonet
787 266 918 297 autem
938 257 1005 296 hic
1026 257 1148 302 locus,
1177 266 1220 296 ut
1240 265 1444 310 quaeratur,
1467 257 1562 311 quid
1594 266 1682 297 ante
1711 272 1810 304 rem,

399 327 495 381 quid
515 340 607 365 cum
639 340 692 371 re,
724 325 820 378 quid
841 325 923 378 post
958 338 1055 370 rem,
1087 324 1271 363 evenerit.
1323 323 1440 363 Nihil
1460 323 1536 363 hoc
1563 325 1609 363 ad
1635 326 1701 377 jus
1718 344 1731 371 ;
1765 326 1813 364 ad

400 396 647 438 Ciceronem,
680 393 881 444 inquiebat
915 391 1054 430 Gallus
1090 391 1228 437 noster,
1264 392 1290 430 fi
1311 392 1397 444 quis
1419 391 1466 429 ad
1496 406 1588 431 eum
1608 393 1683 431 tale
1715 392 1813 446 quid

399 460 594 504 retulerat,
628 469 670 496 ut
705 458 751 496 de
781 457 883 496 farao
914 467 1159 511 quaereretur.
1211 459 1278 496 Tu
1307 467 1435 496 tamen
1469 459 1626 510 patiere,
1657 459 1813 498 nullum

400 542 421 567 a
438 542 502 566 me
531 528 619 565 artis
641 526 824 564 institutas
859 526 992 564 locum
1013 525 1212 578 praeteriri,
1245 539 1306 570 ne,
1328 525 1354 563 fi
1386 524 1501 571 nihil,
1530 526 1600 564 nifi
1629 526 1736 579 quod
1767 526 1814 564 ad
1854 557 1857 559 .

398 605 440 634 te
460 595 662 649 pertineat,
682 593 930 631 scribendum
948 592 1109 645 putariS,
1140 592 1312 630 nimium
1334 601 1371 630 te
1390 605 1516 630 amare
1535 592 1698 632 videare.
1745 594 1814 632 Est

402 662 523 715 igitur
547 674 686 713 magna
705 673 752 697 ex
776 668 885 712 parte
906 659 1016 696 locus
1036 657 1103 696 hic
1123 659 1325 703 oratorius,
1358 672 1438 696 non
1458 658 1578 697 modo
1598 672 1677 697 non
1692 659 1813 711 juris-

401 729 682 771 consultorum,
705 726 767 764 sed
788 739 835 764 ne
855 724 1187 778 Philosophorum
1207 725 1384 778 quidem.

458 797 563 833 Ante
583 807 665 831 rem
694 792 800 830 enim
829 800 1068 844 quaeruntur,
1104 805 1189 844 quae
1224 791 1313 830 talia
1343 791 1444 838 sunt,
1476 801 1692 846 apparatus,
1728 792 1814 831 col-

401 862 547 915 loquia,
578 861 702 905 locus,
741 859 1012 904 constitutum,
1049 860 1289 898 convivium.
1340 860 1446 897 Cum
1480 873 1520 897 re
1554 869 1698 905 autem,
1743 873 1815 913 pe-

402 929 500 967 dum
519 927 703 981 crepitus,
734 926 912 979 strepitus
932 925 1158 971 hominum,
1181 940 1388 979 corporum
1409 926 1570 971 umbrae,
1603 936 1642 965 et
1662 927 1688 965 fi
1719 926 1815 979 quid

402 995 606 1049 ejusmodi.
666 996 722 1033 At
741 994 824 1047 post
844 1007 941 1040 rem,
970 993 1101 1038 rubor,
1124 993 1259 1046 pallor,
1292 994 1490 1039 titubatio,
1526 1003 1565 1032 et
1591 994 1617 1032 fi
1648 1008 1725 1047 qua
1743 994 1816 1032 alia

402 1065 507 1117 signa
537 1062 844 1101 conturbationis
877 1070 915 1099 et
949 1061 1217 1106 conscientiae;
1263 1070 1441 1114 praeterea
1476 1061 1674 1099 restinctus
1698 1061 1814 1114 ignis,

404 1130 554 1183 gladius
576 1137 772 1172 cruentus,
795 1136 1019 1180 caeteraque‚
1052 1141 1137 1180 quae
1158 1127 1417 1181 suspicionem
1437 1126 1529 1165 fasti
1549 1126 1704 1180 poffunt
1726 1141 1816 1166 mo-

404 1210 505 1235 vere.

460 1263 657 1316 Deinceps
679 1261 731 1300 est
751 1262 858 1299 locus
886 1261 1179 1299 dialefficorum
1208 1261 1386 1314 proprius
1407 1274 1455 1300 ex
1475 1260 1816 1314 consequentibus,

405 1339 444 1368 et
482 1329 814 1374 antecedentibus,
855 1338 893 1366 et
929 1328 1249 1382 repugnantibus,
1292 1329 1361 1381 qui
1395 1328 1514 1367 etiam
1549 1329 1596 1366 ab
1627 1328 1818 1381 adjunetis

405 1397 521 1450 longe
542 1396 708 1435 diversus
728 1396 793 1434 est.
826 1396 934 1434 Nam
955 1396 1147 1448 adjunCta,
1181 1396 1227 1434 de
1248 1395 1392 1448 quibus
1412 1395 1528 1449 paulo
1549 1405 1635 1434 ante
1668 1395 1819 1434 dierum

405 1465 472 1509 est,
496 1477 574 1502 non
595 1464 744 1516 semper
763 1463 947 1501 eveniunt
962 1481 974 1508 3
997 1462 1270 1515 consequentia
1289 1472 1419 1500 autem
1441 1462 1603 1515 semper.
1636 1463 1695 1501 Ea
1713 1462 1821 1501 enim

406 1532 495 1569 dico
515 1529 800 1582 consequentia,
823 1544 908 1581 quae
939 1543 1021 1567 rem
1043 1529 1246 1567 necessario
1273 1529 1578 1582 consequuntur.
1638 1529 1820 1581 Itemque

407 1607 446 1635 et
458 1595 732 1640 antecedentia,
755 1604 793 1633 et
808 1595 1073 1647 repugnantia.
1107 1594 1314 1647 Qidquid
1334 1596 1440 1633 enim
1461 1594 1652 1633 antecedit
1676 1608 1818 1647 quam-

407 1678 485 1716 que
505 1677 600 1708 rem,
632 1663 671 1700 id
702 1660 868 1700 cohaeret
888 1675 981 1700 cum
1014 1675 1052 1699 re
1072 1660 1300 1706 necessario,
1332 1670 1371 1699 et
1397 1661 1590 1714 quidquid
1616 1670 1818 1715 repugnat,

406 1730 446 1769 id
467 1729 654 1782 ejusmodi
675 1728 740 1774 est,
772 1737 816 1766 ut
836 1726 1023 1767 cohaerere
1044 1741 1245 1780 nunquam
1266 1727 1391 1781 poffit.

462 1798 579 1836 XIII.
613 1798 718 1835 Cum
754 1795 944 1848 tripartito
978 1795 1097 1848 igitur
1124 1795 1373 1833 distribuatur
1392 1795 1499 1834 locus
1520 1793 1600 1840 hic,
1623 1794 1663 1832 in
1685 1795 1818 1833 conse-

406 1864 621 1908 cutionem,
655 1862 964 1907 antecefiionem,
1001 1862 1320 1915 repugnantiam;
1357 1861 1570 1915 reperiendi
1601 1862 1821 1914 argumenti

407 1931 518 1969 locus
549 1930 711 1982 simplex
736 1929 802 1974 est,
827 1928 1013 1967 tractandi
1046 1928 1198 1981 triplex.
1259 1929 1368 1967 Nam
1399 1927 1496 1981 quid
1525 1927 1693 1973 interest,
1726 1941 1821 1966 cum

407 1995 484 2035 hoc
505 1996 721 2049 sumpseris,
735 1995 942 2048 pecuniam
963 2004 1202 2033 numeratam
1221 1995 1376 2033 mulieri
1392 1994 1537 2039 deberi,
1554 1994 1617 2031 cui
1639 1993 1682 2031 fit
1702 2007 1821 2031 omne

409 2072 614 2115 argentum
634 2062 819 2115 legatum,
835 2070 967 2100 utrum
990 2060 1064 2099 hoc
1086 2062 1203 2099 modo
1224 2060 1429 2099 concludas
1446 2060 1749 2113 argumentum?
1781 2060 1825 2098 Si

401 2130 556 2182 pecunia
572 2131 726 2181 signata
745 2138 936 2182 mgentmn
967 2128 1024 2181 est,
1055 2129 1176 2181 legata
1196 2128 1239 2180 1st
1258 2127 1422 2166 nmlieri:
1453 2127 1497 2180 est
1529 2135 1648 2165 autem
1666 2127 1822 2179 pecunia

396 2198 550 2249 figmata
570 2205 762 2248 argentum
778 2214 789 2240 3
821 2196 941 2248 legata
960 2196 1090 2247 igitur.
1122 2196 1186 2232 An
1215 2194 1283 2232 illo
1304 2193 1421 2232 modo
1440 2194 1452 2231 ?
1485 2194 1528 2232 Si
1542 2203 1734 2232 numerata
1749 2202 1820 2246 pe-

411 2263 517 2303 amia
535 2277 602 2301 non
622 2262 666 2316 est
685 2263 819 2315 legata,
850 2276 917 2300 non
938 2262 982 2315 est
1000 2270 1191 2299 numerata
1210 2261 1364 2313 pecunia
1382 2269 1598 2314 argentum5
1625 2260 1670 2313 ss
1702 2269 1822 2298 autem

410 2339 601 2369 numerata
628 2329 781 2382 pecunia
811 2339 1031 2381 tzaegesztmn5
1063 2328 1183 2381 legata
1213 2328 1330 2380 igitur
1363 2327 1420 2381 est.
1486 2321 1545 2366 ἔζη
1569 2326 1637 2365 illo
1668 2325 1819 2366 modo?

412 2399 499 2436 Νονῑ
530 2405 565 2435 et
595 2397 752 2449 legatum
786 2405 978 2449 argeutum
1009 2395 1068 2448 est,
1101 2405 1135 2434 et
1166 2409 1233 2434 non
1267 2395 1312 2449 est
1342 2396 1464 2448 legata
1483 2403 1684 2433 'numerata
1705 2402 1820 2446 pecu—

411 2464 499 2503 nia.-
530 2466 688 2518 legatum
707 2473 826 2502 autem
851 2473 1043 2516 argentum
1063 2462 1135 2516 cst,
1167 2462 1287 2515 legata
1316 2462 1433 2516 Igitur
1462 2470 1654 2502 numerata
1666 2458 1821 2515 pecunia

411 2530 457 2583 ‹st
462 2561 470 2570 .
