<?xml version="1.0" encoding="UTF-8"?>
<!DOCTYPE html PUBLIC "-//W3C//DTD XHTML 1.0 Transitional//EN"
    "http://www.w3.org/TR/xhtml1/DTD/xhtml1-transitional.dtd">
<html xmlns="http://www.w3.org/1999/xhtml" xml:lang="en" lang="en">
 <head>
  <title>
</title>
<meta http-equiv="Content-Type" content="text/html;charset=utf-8" />
  <meta name='ocr-system' content='tesseract 3.04.00' />
  <meta name='ocr-capabilities' content='ocr_page ocr_carea ocr_par ocr_line ocrx_word'/>
</head>
<body>
  <div class='ocr_page' id='page_1' title='image "./operacumindicibu01ciceuoft_0139.png"; bbox 0 0 2176 2912; ppageno 0'>
   <div class='ocr_carea' id='block_1_1' title="bbox 491 182 1676 263">
    <p class='ocr_par' dir='ltr' id='par_1_1' title="bbox 491 182 1676 263">
     <span class='ocr_line' id='line_1_1' title="bbox 491 182 1676 263; baseline 0.027 -44"><span class='ocrx_word' id='word_1_1' title='bbox 491 182 811 225; x_wconf 90' lang='lat' dir='ltr'><strong>LIBER</strong></span> <span class='ocrx_word' id='word_1_2' title='bbox 888 188 1462 243; x_wconf 84' lang='lat' dir='ltr'>SECUNDUS.</span> <span class='ocrx_word' id='word_1_3' title='bbox 1604 225 1676 263; x_wconf 85' lang='lat'>¹29</span> 
     </span>
    </p>
   </div>
   <div class='ocr_carea' id='block_1_2' title="bbox 229 272 1677 2509">
    <p class='ocr_par' dir='ltr' id='par_1_2' title="bbox 256 272 1677 991">
     <span class='ocr_line' id='line_1_2' title="bbox 270 272 1677 340; baseline 0.024 -33"><span class='ocrx_word' id='word_1_4' title='bbox 270 283 387 323; x_wconf 89' lang='lat' dir='ltr'>quam</span> <span class='ocrx_word' id='word_1_5' title='bbox 418 272 704 325; x_wconf 69' lang='lat' dir='ltr'>adjune&#39;ti0nem</span> <span class='ocrx_word' id='word_1_6' title='bbox 739 279 1002 323; x_wconf 78' lang='lat' dir='ltr'>nominamus,</span> <span class='ocrx_word' id='word_1_7' title='bbox 1064 287 1210 327; x_wconf 83' lang='lat' dir='ltr'>Pariter</span> <span class='ocrx_word' id='word_1_8' title='bbox 1245 302 1374 333; x_wconf 87' lang='lat' dir='ltr'>autem</span> <span class='ocrx_word' id='word_1_9' title='bbox 1409 297 1575 338; x_wconf 80' lang='lat' dir='ltr'>invenias</span> <span class='ocrx_word' id='word_1_10' title='bbox 1607 303 1677 340; x_wconf 69' lang='lat' dir='ltr'>effi-</span> 
     </span>
     <span class='ocr_line' id='line_1_3' title="bbox 271 337 1671 409; baseline 0.024 -37"><span class='ocrx_word' id='word_1_11' title='bbox 271 337 413 375; x_wconf 89' lang='lat' dir='ltr'>multas</span> <span class='ocrx_word' id='word_1_12' title='bbox 434 351 489 376; x_wconf 89' lang='lat' dir='ltr'>res</span> <span class='ocrx_word' id='word_1_13' title='bbox 521 341 819 390; x_wconf 87' lang='lat' dir='ltr'>neceffitudinis,</span> <span class='ocrx_word' id='word_1_14' title='bbox 849 347 896 385; x_wconf 91' lang='lat' dir='ltr'>ad</span> <span class='ocrx_word' id='word_1_15' title='bbox 928 363 1021 401; x_wconf 87' lang='lat' dir='ltr'>quas</span> <span class='ocrx_word' id='word_1_16' title='bbox 1042 352 1177 393; x_wconf 75' lang='lat' dir='ltr'>similis</span> <span class='ocrx_word' id='word_1_17' title='bbox 1198 357 1392 409; x_wconf 60' lang='lat' dir='ltr'>adjunctio</span> <span class='ocrx_word' id='word_1_18' title='bbox 1416 376 1492 402; x_wconf 88' lang='lat' dir='ltr'>non</span> <span class='ocrx_word' id='word_1_19' title='bbox 1513 368 1671 407; x_wconf 79' lang='lat' dir='ltr'>accedit.</span> 
     </span>
     <span class='ocr_line' id='line_1_4' title="bbox 268 402 1670 470; baseline 0.024 -33"><span class='ocrx_word' id='word_1_20' title='bbox 268 402 386 454; x_wconf 83' lang='lat' dir='ltr'>Qod</span> <span class='ocrx_word' id='word_1_21' title='bbox 404 416 540 455; x_wconf 88' lang='lat' dir='ltr'>genus,</span> <span class='ocrx_word' id='word_1_22' title='bbox 572 415 615 444; x_wconf 93' lang='lat' dir='ltr'>ut</span> <span class='ocrx_word' id='word_1_23' title='bbox 634 405 813 448; x_wconf 85' lang='lat' dir='ltr'>homines</span> <span class='ocrx_word' id='word_1_24' title='bbox 834 415 1013 454; x_wconf 82' lang='lat' dir='ltr'>mortales</span> <span class='ocrx_word' id='word_1_25' title='bbox 1034 417 1234 467; x_wconf 82' lang='lat' dir='ltr'>intereant,</span> <span class='ocrx_word' id='word_1_26' title='bbox 1267 427 1407 465; x_wconf 81' lang='lat' dir='ltr'>neceffe</span> <span class='ocrx_word' id='word_1_27' title='bbox 1428 429 1480 466; x_wconf 87' lang='lat' dir='ltr'>est</span> <span class='ocrx_word' id='word_1_28' title='bbox 1501 431 1576 469; x_wconf 87' lang='lat' dir='ltr'>fine</span> <span class='ocrx_word' id='word_1_29' title='bbox 1604 434 1670 470; x_wconf 78' lang='lat' dir='ltr'>ad-</span> 
     </span>
     <span class='ocr_line' id='line_1_5' title="bbox 258 466 1669 550; baseline 0.024 -48"><span class='ocrx_word' id='word_1_30' title='bbox 258 466 485 517; x_wconf 65' lang='lat' dir='ltr'>junctione,</span> <span class='ocrx_word' id='word_1_31' title='bbox 519 480 561 508; x_wconf 90' lang='lat' dir='ltr'>ut</span> <span class='ocrx_word' id='word_1_32' title='bbox 582 471 672 511; x_wconf 91' lang='lat' dir='ltr'>cibo</span> <span class='ocrx_word' id='word_1_33' title='bbox 692 483 860 522; x_wconf 86' lang='lat' dir='ltr'>utantur,</span> <span class='ocrx_word' id='word_1_34' title='bbox 891 493 967 517; x_wconf 93' lang='lat' dir='ltr'>non</span> <span class='ocrx_word' id='word_1_35' title='bbox 988 484 1130 523; x_wconf 83' lang='lat' dir='ltr'>neceffe</span> <span class='ocrx_word' id='word_1_36' title='bbox 1150 486 1215 532; x_wconf 87' lang='lat' dir='ltr'>est,</span> <span class='ocrx_word' id='word_1_37' title='bbox 1245 490 1312 527; x_wconf 81' lang='lat' dir='ltr'>nifi</span> <span class='ocrx_word' id='word_1_38' title='bbox 1334 504 1425 530; x_wconf 86' lang='lat' dir='ltr'>cum</span> <span class='ocrx_word' id='word_1_39' title='bbox 1448 494 1512 532; x_wconf 77' lang='lat' dir='ltr'>illa</span> <span class='ocrx_word' id='word_1_40' title='bbox 1532 510 1669 550; x_wconf 83' lang='lat' dir='ltr'>excep-</span> 
     </span>
     <span class='ocr_line' id='line_1_6' title="bbox 265 532 1668 608; baseline 0.024 -39"><span class='ocrx_word' id='word_1_41' title='bbox 265 532 381 578; x_wconf 87' lang='lat' dir='ltr'>tione,</span> <span class='ocrx_word' id='word_1_42' title='bbox 405 535 525 574; x_wconf 86' lang='lat' dir='ltr'>Extra</span> <span class='ocrx_word' id='word_1_43' title='bbox 545 551 677 590; x_wconf 89' lang='lat' dir='ltr'>quam‚</span> <span class='ocrx_word' id='word_1_44' title='bbox 701 541 727 579; x_wconf 89' lang='lat' dir='ltr'>fi</span> <span class='ocrx_word' id='word_1_45' title='bbox 748 543 875 583; x_wconf 88' lang='lat' dir='ltr'>nolint</span> <span class='ocrx_word' id='word_1_46' title='bbox 895 545 998 586; x_wconf 78' lang='lat' dir='ltr'>fame</span> <span class='ocrx_word' id='word_1_47' title='bbox 1017 551 1150 602; x_wconf 87' lang='lat' dir='ltr'>perire.</span> <span class='ocrx_word' id='word_1_48' title='bbox 1212 556 1331 608; x_wconf 86' lang='lat' dir='ltr'>Ergo,</span> <span class='ocrx_word' id='word_1_49' title='bbox 1366 568 1408 596; x_wconf 89' lang='lat' dir='ltr'>ut</span> <span class='ocrx_word' id='word_1_50' title='bbox 1429 560 1522 605; x_wconf 79' lang='lat' dir='ltr'>dixi,</span> <span class='ocrx_word' id='word_1_51' title='bbox 1556 563 1668 607; x_wconf 84' lang='lat' dir='ltr'>illud,</span> 
     </span>
     <span class='ocr_line' id='line_1_7' title="bbox 263 600 1670 668; baseline 0.024 -33"><span class='ocrx_word' id='word_1_52' title='bbox 263 600 368 651; x_wconf 90' lang='lat' dir='ltr'>quod</span> <span class='ocrx_word' id='word_1_53' title='bbox 381 601 617 656; x_wconf 87' lang='lat' dir='ltr'>adjungitur,</span> <span class='ocrx_word' id='word_1_54' title='bbox 636 605 796 661; x_wconf 87' lang='lat' dir='ltr'>semper,</span> <span class='ocrx_word' id='word_1_55' title='bbox 815 612 1031 664; x_wconf 85' lang='lat' dir='ltr'>cujusmodi</span> <span class='ocrx_word' id='word_1_56' title='bbox 1048 617 1105 662; x_wconf 87' lang='lat' dir='ltr'>fit,</span> <span class='ocrx_word' id='word_1_57' title='bbox 1122 620 1193 657; x_wconf 91' lang='lat' dir='ltr'>erit</span> <span class='ocrx_word' id='word_1_58' title='bbox 1206 623 1532 666; x_wconf 74' lang='lat' dir='ltr'>conliderandum.</span> <span class='ocrx_word' id='word_1_59' title='bbox 1565 630 1670 668; x_wconf 80' lang='lat' dir='ltr'>Nam</span> 
     </span>
     <span class='ocr_line' id='line_1_8' title="bbox 261 666 1670 734; baseline 0.023 -32"><span class='ocrx_word' id='word_1_60' title='bbox 261 666 371 704; x_wconf 90' lang='lat' dir='ltr'>omni</span> <span class='ocrx_word' id='word_1_61' title='bbox 400 676 573 722; x_wconf 88' lang='lat' dir='ltr'>tempore</span> <span class='ocrx_word' id='word_1_62' title='bbox 603 671 643 710; x_wconf 92' lang='lat' dir='ltr'>id</span> <span class='ocrx_word' id='word_1_63' title='bbox 662 675 883 725; x_wconf 82' lang='lat' dir='ltr'>pertinebit,</span> <span class='ocrx_word' id='word_1_64' title='bbox 915 689 979 718; x_wconf 83' lang='lat' dir='ltr'>aut</span> <span class='ocrx_word' id='word_1_65' title='bbox 1012 683 1057 720; x_wconf 83' lang='lat' dir='ltr'>ad</span> <span class='ocrx_word' id='word_1_66' title='bbox 1089 683 1339 734; x_wconf 86' lang='lat' dir='ltr'>honestatem,</span> <span class='ocrx_word' id='word_1_67' title='bbox 1373 701 1415 729; x_wconf 88' lang='lat' dir='ltr'>ut</span> <span class='ocrx_word' id='word_1_68' title='bbox 1445 691 1520 732; x_wconf 88' lang='lat' dir='ltr'>hoc</span> <span class='ocrx_word' id='word_1_69' title='bbox 1551 697 1670 734; x_wconf 88' lang='lat' dir='ltr'>modo</span> 
     </span>
     <span class='ocr_line' id='line_1_9' title="bbox 260 726 1669 802; baseline 0.024 -35"><span class='ocrx_word' id='word_1_70' title='bbox 260 734 482 784; x_wconf 80' lang='lat' dir='ltr'>exponenda</span> <span class='ocrx_word' id='word_1_71' title='bbox 502 726 734 777; x_wconf 71' lang='lat' dir='ltr'>necessitudo</span> <span class='ocrx_word' id='word_1_72' title='bbox 758 741 816 787; x_wconf 85' lang='lat' dir='ltr'>fit,</span> <span class='ocrx_word' id='word_1_73' title='bbox 849 744 1007 785; x_wconf 69' lang='lat' dir='ltr'>Necess‘e</span> <span class='ocrx_word' id='word_1_74' title='bbox 1036 749 1089 787; x_wconf 90' lang='lat' dir='ltr'>est</span> <span class='ocrx_word' id='word_1_75' title='bbox 1118 750 1193 790; x_wconf 88' lang='lat' dir='ltr'>hoc</span> <span class='ocrx_word' id='word_1_76' title='bbox 1224 752 1423 802; x_wconf 81' lang='lat' dir='ltr'>faciamus,</span> <span class='ocrx_word' id='word_1_77' title='bbox 1456 759 1481 797; x_wconf 79' lang='lat' dir='ltr'><strong>fi</strong></span> <span class='ocrx_word' id='word_1_78' title='bbox 1512 758 1669 800; x_wconf 87' lang='lat' dir='ltr'>honeste</span> 
     </span>
     <span class='ocr_line' id='line_1_10' title="bbox 258 797 1663 872; baseline 0.024 -39"><span class='ocrx_word' id='word_1_79' title='bbox 258 797 438 837; x_wconf 86' lang='lat' dir='ltr'>volumus</span> <span class='ocrx_word' id='word_1_80' title='bbox 459 801 608 841; x_wconf 85' lang='lat' dir='ltr'>vivere:</span> <span class='ocrx_word' id='word_1_81' title='bbox 640 815 704 843; x_wconf 90' lang='lat' dir='ltr'>aut</span> <span class='ocrx_word' id='word_1_82' title='bbox 735 807 1127 860; x_wconf 68' lang='lat' dir='ltr'>adincolumitatem,</span> <span class='ocrx_word' id='word_1_83' title='bbox 1160 817 1235 856; x_wconf 90' lang='lat' dir='ltr'>hoc</span> <span class='ocrx_word' id='word_1_84' title='bbox 1256 822 1388 867; x_wconf 85' lang='lat' dir='ltr'>modo,</span> <span class='ocrx_word' id='word_1_85' title='bbox 1418 825 1576 864; x_wconf 83' lang='lat' dir='ltr'>Neceffe</span> <span class='ocrx_word' id='word_1_86' title='bbox 1596 828 1663 872; x_wconf 82' lang='lat' dir='ltr'>est,</span> 
     </span>
     <span class='ocr_line' id='line_1_11' title="bbox 257 861 1662 939; baseline 0.024 -39"><span class='ocrx_word' id='word_1_87' title='bbox 257 861 282 899; x_wconf 88' lang='lat' dir='ltr'><strong>fi</strong></span> <span class='ocrx_word' id='word_1_88' title='bbox 304 864 521 905; x_wconf 88' lang='lat' dir='ltr'>incolumes</span> <span class='ocrx_word' id='word_1_89' title='bbox 542 869 722 910; x_wconf 87' lang='lat' dir='ltr'>volumus</span> <span class='ocrx_word' id='word_1_90' title='bbox 755 873 850 913; x_wconf 85' lang='lat' dir='ltr'>effe:</span> <span class='ocrx_word' id='word_1_91' title='bbox 883 887 946 915; x_wconf 89' lang='lat' dir='ltr'>aut</span> <span class='ocrx_word' id='word_1_92' title='bbox 982 880 1027 917; x_wconf 86' lang='lat' dir='ltr'>ad</span> <span class='ocrx_word' id='word_1_93' title='bbox 1057 886 1392 935; x_wconf 81' lang='lat' dir='ltr'>commoditatem,</span> <span class='ocrx_word' id='word_1_94' title='bbox 1423 889 1500 935; x_wconf 86' lang='lat' dir='ltr'>hoc</span> <span class='ocrx_word' id='word_1_95' title='bbox 1530 895 1662 939; x_wconf 89' lang='lat' dir='ltr'>m0d0,</span> 
     </span>
     <span class='ocr_line' id='line_1_12' title="bbox 256 928 1290 991; baseline 0.024 -26"><span class='ocrx_word' id='word_1_96' title='bbox 256 928 414 969; x_wconf 84' lang='lat' dir='ltr'>Neceffe</span> <span class='ocrx_word' id='word_1_97' title='bbox 433 933 498 978; x_wconf 87' lang='lat' dir='ltr'>est,</span> <span class='ocrx_word' id='word_1_98' title='bbox 530 934 556 972; x_wconf 92' lang='lat' dir='ltr'>fi</span> <span class='ocrx_word' id='word_1_99' title='bbox 577 935 654 974; x_wconf 89' lang='lat' dir='ltr'>fine</span> <span class='ocrx_word' id='word_1_100' title='bbox 674 938 929 980; x_wconf 88' lang='lat' dir='ltr'>incommodo</span> <span class='ocrx_word' id='word_1_101' title='bbox 950 946 1130 986; x_wconf 80' lang='lat' dir='ltr'>volumus</span> <span class='ocrx_word' id='word_1_102' title='bbox 1152 951 1290 991; x_wconf 88' lang='lat' dir='ltr'>vivere.</span> 
     </span>
    </p>

    <p class='ocr_par' dir='ltr' id='par_1_3' title="bbox 237 996 1659 2000">
     <span class='ocr_line' id='line_1_13' title="bbox 308 996 1657 1065; baseline 0.024 -32"><span class='ocrx_word' id='word_1_103' title='bbox 308 996 459 1037; x_wconf 87' lang='lat' dir='ltr'><strong>LVIII.</strong></span> <span class='ocrx_word' id='word_1_104' title='bbox 491 1002 553 1038; x_wconf 91' lang='lat' dir='ltr'>Ac</span> <span class='ocrx_word' id='word_1_105' title='bbox 572 1001 722 1042; x_wconf 84' lang='lat' dir='ltr'>summa</span> <span class='ocrx_word' id='word_1_106' title='bbox 743 1007 903 1057; x_wconf 90' lang='lat' dir='ltr'>quidem</span> <span class='ocrx_word' id='word_1_107' title='bbox 924 1013 1157 1053; x_wconf 86' lang='lat' dir='ltr'>neceffitudo</span> <span class='ocrx_word' id='word_1_108' title='bbox 1177 1018 1326 1058; x_wconf 91' lang='lat' dir='ltr'>videtur</span> <span class='ocrx_word' id='word_1_109' title='bbox 1346 1021 1415 1059; x_wconf 81' lang='lat' dir='ltr'>effe</span> <span class='ocrx_word' id='word_1_110' title='bbox 1432 1021 1657 1065; x_wconf 77' lang='lat' dir='ltr'>honestatis:</span> 
     </span>
     <span class='ocr_line' id='line_1_14' title="bbox 253 1059 1658 1137; baseline 0.025 -40"><span class='ocrx_word' id='word_1_111' title='bbox 253 1059 346 1099; x_wconf 92' lang='lat' dir='ltr'>huic</span> <span class='ocrx_word' id='word_1_112' title='bbox 367 1065 558 1115; x_wconf 85' lang='lat' dir='ltr'>proxima,</span> <span class='ocrx_word' id='word_1_113' title='bbox 593 1069 873 1112; x_wconf 79' lang='lat' dir='ltr'>incolumitatis</span> <span class='ocrx_word' id='word_1_114' title='bbox 893 1090 901 1114; x_wconf 92' lang='lat'>:</span> <span class='ocrx_word' id='word_1_115' title='bbox 935 1079 1045 1117; x_wconf 85' lang='lat' dir='ltr'>tertia</span> <span class='ocrx_word' id='word_1_116' title='bbox 1069 1093 1111 1119; x_wconf 89' lang='lat' dir='ltr'>ac</span> <span class='ocrx_word' id='word_1_117' title='bbox 1132 1082 1328 1130; x_wconf 78' lang='lat' dir='ltr'>leviflima,</span> <span class='ocrx_word' id='word_1_118' title='bbox 1352 1092 1658 1137; x_wconf 70' lang='lat' dir='ltr'>commoditatis,</span> 
     </span>
     <span class='ocr_line' id='line_1_15' title="bbox 251 1131 1659 1198; baseline 0.025 -35"><span class='ocrx_word' id='word_1_119' title='bbox 251 1140 336 1179; x_wconf 81' lang='lat' dir='ltr'>quae</span> <span class='ocrx_word' id='word_1_120' title='bbox 355 1142 447 1168; x_wconf 90' lang='lat' dir='ltr'>cum</span> <span class='ocrx_word' id='word_1_121' title='bbox 468 1131 529 1170; x_wconf 90' lang='lat' dir='ltr'>his</span> <span class='ocrx_word' id='word_1_122' title='bbox 552 1148 751 1190; x_wconf 81' lang='lat' dir='ltr'>nunquam</span> <span class='ocrx_word' id='word_1_123' title='bbox 772 1142 912 1192; x_wconf 82' lang='lat' dir='ltr'>poterit</span> <span class='ocrx_word' id='word_1_124' title='bbox 932 1143 1078 1184; x_wconf 84' lang='lat' dir='ltr'>duabus</span> <span class='ocrx_word' id='word_1_125' title='bbox 1099 1152 1340 1192; x_wconf 79' lang='lat' dir='ltr'>contendere.</span> <span class='ocrx_word' id='word_1_126' title='bbox 1385 1156 1510 1195; x_wconf 77' lang='lat' dir='ltr'>Hasce</span> <span class='ocrx_word' id='word_1_127' title='bbox 1530 1168 1659 1198; x_wconf 86' lang='lat' dir='ltr'>autem</span> 
     </span>
     <span class='ocr_line' id='line_1_16' title="bbox 249 1193 1657 1272; baseline 0.025 -43"><span class='ocrx_word' id='word_1_128' title='bbox 249 1193 349 1232; x_wconf 87' lang='lat' dir='ltr'>inter</span> <span class='ocrx_word' id='word_1_129' title='bbox 369 1195 403 1233; x_wconf 89' lang='lat' dir='ltr'>se</span> <span class='ocrx_word' id='word_1_130' title='bbox 423 1197 516 1251; x_wconf 82' lang='lat' dir='ltr'>saepe</span> <span class='ocrx_word' id='word_1_131' title='bbox 537 1202 678 1240; x_wconf 84' lang='lat' dir='ltr'>neceffe</span> <span class='ocrx_word' id='word_1_132' title='bbox 697 1205 749 1243; x_wconf 91' lang='lat' dir='ltr'>est</span> <span class='ocrx_word' id='word_1_133' title='bbox 765 1211 989 1260; x_wconf 82' lang='lat' dir='ltr'>comparari,</span> <span class='ocrx_word' id='word_1_134' title='bbox 1013 1223 1055 1251; x_wconf 87' lang='lat' dir='ltr'>ut</span> <span class='ocrx_word' id='word_1_135' title='bbox 1075 1228 1296 1268; x_wconf 77' lang='lat' dir='ltr'>quanquam</span> <span class='ocrx_word' id='word_1_136' title='bbox 1317 1222 1464 1272; x_wconf 75' lang='lat' dir='ltr'>praestet</span> <span class='ocrx_word' id='word_1_137' title='bbox 1484 1222 1657 1263; x_wconf 68' lang='lat' dir='ltr'>honestas</span> 
     </span>
     <span class='ocr_line' id='line_1_17' title="bbox 249 1259 1654 1331; baseline 0.024 -35"><span class='ocrx_word' id='word_1_138' title='bbox 249 1259 524 1309; x_wconf 81' lang='lat' dir='ltr'>incolumitati,</span> <span class='ocrx_word' id='word_1_139' title='bbox 545 1275 686 1313; x_wconf 86' lang='lat' dir='ltr'>tamen,</span> <span class='ocrx_word' id='word_1_140' title='bbox 702 1271 776 1307; x_wconf 89' lang='lat' dir='ltr'>utri</span> <span class='ocrx_word' id='word_1_141' title='bbox 789 1274 1031 1323; x_wconf 79' lang='lat' dir='ltr'>potiflimum</span> <span class='ocrx_word' id='word_1_142' title='bbox 1044 1281 1321 1322; x_wconf 86' lang='lat' dir='ltr'>consulendum</span> <span class='ocrx_word' id='word_1_143' title='bbox 1336 1286 1393 1331; x_wconf 83' lang='lat' dir='ltr'>fit,</span> <span class='ocrx_word' id='word_1_144' title='bbox 1409 1288 1654 1330; x_wconf 82' lang='lat' dir='ltr'>deliberetur.</span> 
     </span>
     <span class='ocr_line' id='line_1_18' title="bbox 249 1327 1655 1408; baseline 0.023 -45"><span class='ocrx_word' id='word_1_145' title='bbox 249 1327 371 1379; x_wconf 83' lang='lat' dir='ltr'>Cujus</span> <span class='ocrx_word' id='word_1_146' title='bbox 405 1331 456 1368; x_wconf 85' lang='lat' dir='ltr'>rei</span> <span class='ocrx_word' id='word_1_147' title='bbox 488 1342 637 1372; x_wconf 88' lang='lat' dir='ltr'>certum</span> <span class='ocrx_word' id='word_1_148' title='bbox 668 1338 863 1388; x_wconf 84' lang='lat' dir='ltr'>quoddam</span> <span class='ocrx_word' id='word_1_149' title='bbox 894 1343 1159 1398; x_wconf 81' lang='lat' dir='ltr'>praescriptum</span> <span class='ocrx_word' id='word_1_150' title='bbox 1186 1351 1336 1389; x_wconf 84' lang='lat' dir='ltr'>videtur</span> <span class='ocrx_word' id='word_1_151' title='bbox 1366 1353 1404 1391; x_wconf 89' lang='lat' dir='ltr'>in</span> <span class='ocrx_word' id='word_1_152' title='bbox 1425 1366 1655 1408; x_wconf 86' lang='lat' dir='ltr'>perpetuum</span> 
     </span>
     <span class='ocr_line' id='line_1_19' title="bbox 246 1393 1654 1463; baseline 0.023 -33"><span class='ocrx_word' id='word_1_153' title='bbox 246 1393 325 1431; x_wconf 87' lang='lat' dir='ltr'>dari</span> <span class='ocrx_word' id='word_1_154' title='bbox 345 1395 461 1447; x_wconf 83' lang='lat' dir='ltr'>poffe.</span> <span class='ocrx_word' id='word_1_155' title='bbox 522 1399 643 1446; x_wconf 86' lang='lat' dir='ltr'>Nam,</span> <span class='ocrx_word' id='word_1_156' title='bbox 680 1417 755 1454; x_wconf 89' lang='lat' dir='ltr'>qua</span> <span class='ocrx_word' id='word_1_157' title='bbox 775 1406 815 1443; x_wconf 91' lang='lat' dir='ltr'>in</span> <span class='ocrx_word' id='word_1_158' title='bbox 842 1421 880 1444; x_wconf 91' lang='lat' dir='ltr'>re</span> <span class='ocrx_word' id='word_1_159' title='bbox 901 1408 981 1447; x_wconf 89' lang='lat' dir='ltr'>fieri</span> <span class='ocrx_word' id='word_1_160' title='bbox 1001 1415 1155 1463; x_wconf 86' lang='lat' dir='ltr'>poterit,</span> <span class='ocrx_word' id='word_1_161' title='bbox 1189 1426 1244 1461; x_wconf 85' lang='lat' dir='ltr'>ut,</span> <span class='ocrx_word' id='word_1_162' title='bbox 1268 1431 1360 1456; x_wconf 87' lang='lat' dir='ltr'>cum</span> <span class='ocrx_word' id='word_1_163' title='bbox 1391 1421 1654 1462; x_wconf 77' lang='lat' dir='ltr'>incolumitati</span> 
     </span>
     <span class='ocr_line' id='line_1_20' title="bbox 244 1460 1652 1533; baseline 0.023 -37"><span class='ocrx_word' id='word_1_164' title='bbox 244 1460 565 1510; x_wconf 82' lang='lat' dir='ltr'>consuluerimus,</span> <span class='ocrx_word' id='word_1_165' title='bbox 582 1469 685 1518; x_wconf 89' lang='lat' dir='ltr'>quod</span> <span class='ocrx_word' id='word_1_166' title='bbox 705 1470 749 1507; x_wconf 84' lang='lat' dir='ltr'>fit</span> <span class='ocrx_word' id='word_1_167' title='bbox 770 1472 809 1509; x_wconf 88' lang='lat' dir='ltr'>in</span> <span class='ocrx_word' id='word_1_168' title='bbox 830 1474 1024 1525; x_wconf 52' lang='lat' dir='ltr'>praesentia</span> <span class='ocrx_word' id='word_1_169' title='bbox 1045 1479 1090 1516; x_wconf 87' lang='lat' dir='ltr'>de</span> <span class='ocrx_word' id='word_1_170' title='bbox 1110 1479 1304 1520; x_wconf 81' lang='lat' dir='ltr'>honestate</span> <span class='ocrx_word' id='word_1_171' title='bbox 1325 1484 1554 1533; x_wconf 84' lang='lat' dir='ltr'>delibatum,</span> <span class='ocrx_word' id='word_1_172' title='bbox 1574 1490 1652 1527; x_wconf 85' lang='lat' dir='ltr'>vir-</span> 
     </span>
     <span class='ocr_line' id='line_1_21' title="bbox 243 1527 1650 1593; baseline 0.023 -31"><span class='ocrx_word' id='word_1_173' title='bbox 243 1533 326 1563; x_wconf 92' lang='lat' dir='ltr'>tute</span> <span class='ocrx_word' id='word_1_174' title='bbox 344 1527 550 1581; x_wconf 88' lang='lat' dir='ltr'>aliquando</span> <span class='ocrx_word' id='word_1_175' title='bbox 568 1541 606 1569; x_wconf 88' lang='lat' dir='ltr'>et</span> <span class='ocrx_word' id='word_1_176' title='bbox 625 1534 809 1575; x_wconf 85' lang='lat' dir='ltr'>industria</span> <span class='ocrx_word' id='word_1_177' title='bbox 829 1551 1085 1593; x_wconf 87' lang='lat' dir='ltr'>recuperetur,</span> <span class='ocrx_word' id='word_1_178' title='bbox 1119 1546 1400 1588; x_wconf 79' lang='lat' dir='ltr'>incolumitatis</span> <span class='ocrx_word' id='word_1_179' title='bbox 1428 1553 1522 1591; x_wconf 85' lang='lat' dir='ltr'>ratio</span> <span class='ocrx_word' id='word_1_180' title='bbox 1543 1555 1650 1592; x_wconf 92' lang='lat' dir='ltr'>vide-</span> 
     </span>
     <span class='ocr_line' id='line_1_22' title="bbox 242 1590 1650 1674; baseline 0.023 -46"><span class='ocrx_word' id='word_1_181' title='bbox 242 1590 348 1631; x_wconf 91' lang='lat' dir='ltr'>bitur</span> <span class='ocrx_word' id='word_1_182' title='bbox 368 1593 564 1636; x_wconf 84' lang='lat' dir='ltr'>habenda:</span> <span class='ocrx_word' id='word_1_183' title='bbox 588 1612 680 1638; x_wconf 87' lang='lat' dir='ltr'>cum</span> <span class='ocrx_word' id='word_1_184' title='bbox 697 1611 826 1642; x_wconf 84' lang='lat' dir='ltr'>autem</span> <span class='ocrx_word' id='word_1_185' title='bbox 847 1605 886 1643; x_wconf 92' lang='lat' dir='ltr'>id</span> <span class='ocrx_word' id='word_1_186' title='bbox 906 1620 982 1645; x_wconf 87' lang='lat' dir='ltr'>non</span> <span class='ocrx_word' id='word_1_187' title='bbox 1002 1612 1156 1661; x_wconf 87' lang='lat' dir='ltr'>poterit,</span> <span class='ocrx_word' id='word_1_188' title='bbox 1175 1612 1394 1655; x_wconf 85' lang='lat' dir='ltr'>honestatis.</span> <span class='ocrx_word' id='word_1_189' title='bbox 1424 1619 1482 1656; x_wconf 90' lang='lat' dir='ltr'>Ita</span> <span class='ocrx_word' id='word_1_190' title='bbox 1494 1620 1534 1658; x_wconf 87' lang='lat' dir='ltr'>in</span> <span class='ocrx_word' id='word_1_191' title='bbox 1550 1621 1650 1674; x_wconf 86' lang='lat' dir='ltr'>ejus-</span> 
     </span>
     <span class='ocr_line' id='line_1_23' title="bbox 241 1659 1649 1741; baseline 0.023 -46"><span class='ocrx_word' id='word_1_192' title='bbox 241 1659 349 1697; x_wconf 89' lang='lat' dir='ltr'>modi</span> <span class='ocrx_word' id='word_1_193' title='bbox 385 1675 541 1715; x_wconf 90' lang='lat' dir='ltr'>quoque</span> <span class='ocrx_word' id='word_1_194' title='bbox 572 1679 623 1711; x_wconf 87' lang='lat' dir='ltr'>re,</span> <span class='ocrx_word' id='word_1_195' title='bbox 655 1681 746 1707; x_wconf 92' lang='lat' dir='ltr'>cum</span> <span class='ocrx_word' id='word_1_196' title='bbox 779 1670 1039 1713; x_wconf 82' lang='lat' dir='ltr'>incolumitati</span> <span class='ocrx_word' id='word_1_197' title='bbox 1070 1678 1289 1718; x_wconf 90' lang='lat' dir='ltr'>videbimur</span> <span class='ocrx_word' id='word_1_198' title='bbox 1320 1683 1526 1741; x_wconf 78' lang='lat' dir='ltr'>consulere,</span> <span class='ocrx_word' id='word_1_199' title='bbox 1565 1702 1649 1726; x_wconf 88' lang='lat' dir='ltr'>vere</span> 
     </span>
     <span class='ocr_line' id='line_1_24' title="bbox 240 1726 1647 1801; baseline 0.023 -40"><span class='ocrx_word' id='word_1_200' title='bbox 240 1726 450 1775; x_wconf 88' lang='lat' dir='ltr'>poterimus</span> <span class='ocrx_word' id='word_1_201' title='bbox 472 1729 610 1777; x_wconf 86' lang='lat' dir='ltr'>dicere,</span> <span class='ocrx_word' id='word_1_202' title='bbox 641 1747 710 1771; x_wconf 84' lang='lat' dir='ltr'>nos</span> <span class='ocrx_word' id='word_1_203' title='bbox 738 1734 942 1776; x_wconf 82' lang='lat' dir='ltr'>honestatis</span> <span class='ocrx_word' id='word_1_204' title='bbox 964 1742 1150 1783; x_wconf 77' lang='lat' dir='ltr'>rationem</span> <span class='ocrx_word' id='word_1_205' title='bbox 1182 1745 1332 1793; x_wconf 85' lang='lat' dir='ltr'>habere,</span> <span class='ocrx_word' id='word_1_206' title='bbox 1365 1752 1549 1801; x_wconf 84' lang='lat' dir='ltr'>quoniam</span> <span class='ocrx_word' id='word_1_207' title='bbox 1571 1753 1647 1792; x_wconf 87' lang='lat' dir='ltr'>fine</span> 
     </span>
     <span class='ocr_line' id='line_1_25' title="bbox 240 1790 1647 1868; baseline 0.023 -42"><span class='ocrx_word' id='word_1_208' title='bbox 240 1790 506 1832; x_wconf 82' lang='lat' dir='ltr'>incolumitate</span> <span class='ocrx_word' id='word_1_209' title='bbox 526 1809 610 1835; x_wconf 80' lang='lat' dir='ltr'>eam</span> <span class='ocrx_word' id='word_1_210' title='bbox 629 1800 737 1837; x_wconf 92' lang='lat' dir='ltr'>nullo</span> <span class='ocrx_word' id='word_1_211' title='bbox 759 1811 931 1855; x_wconf 85' lang='lat' dir='ltr'>tempore</span> <span class='ocrx_word' id='word_1_212' title='bbox 948 1807 1142 1858; x_wconf 70' lang='lat' dir='ltr'>possumus</span> <span class='ocrx_word' id='word_1_213' title='bbox 1161 1812 1330 1865; x_wconf 86' lang='lat' dir='ltr'>adipisci.</span> <span class='ocrx_word' id='word_1_214' title='bbox 1361 1817 1449 1868; x_wconf 84' lang='lat' dir='ltr'>Qa</span> <span class='ocrx_word' id='word_1_215' title='bbox 1469 1818 1508 1855; x_wconf 90' lang='lat' dir='ltr'>in</span> <span class='ocrx_word' id='word_1_216' title='bbox 1531 1833 1567 1856; x_wconf 93' lang='lat' dir='ltr'>re</span> <span class='ocrx_word' id='word_1_217' title='bbox 1588 1820 1647 1858; x_wconf 88' lang='lat' dir='ltr'>vel</span> 
     </span>
     <span class='ocr_line' id='line_1_26' title="bbox 237 1858 1645 1929; baseline 0.023 -37"><span class='ocrx_word' id='word_1_218' title='bbox 237 1858 443 1896; x_wconf 88' lang='lat' dir='ltr'>concedere</span> <span class='ocrx_word' id='word_1_219' title='bbox 478 1861 597 1907; x_wconf 84' lang='lat' dir='ltr'>alteri,</span> <span class='ocrx_word' id='word_1_220' title='bbox 630 1865 687 1902; x_wconf 85' lang='lat' dir='ltr'>vel</span> <span class='ocrx_word' id='word_1_221' title='bbox 719 1867 764 1904; x_wconf 89' lang='lat' dir='ltr'>ad</span> <span class='ocrx_word' id='word_1_222' title='bbox 796 1870 1060 1912; x_wconf 88' lang='lat' dir='ltr'>conditionem</span> <span class='ocrx_word' id='word_1_223' title='bbox 1093 1877 1247 1916; x_wconf 70' lang='lat' dir='ltr'>alterius</span> <span class='ocrx_word' id='word_1_224' title='bbox 1270 1880 1507 1929; x_wconf 83' lang='lat' dir='ltr'>descendere,</span> <span class='ocrx_word' id='word_1_225' title='bbox 1538 1896 1575 1923; x_wconf 89' lang='lat' dir='ltr'>et</span> <span class='ocrx_word' id='word_1_226' title='bbox 1606 1887 1645 1924; x_wconf 89' lang='lat' dir='ltr'>in</span> 
     </span>
     <span class='ocr_line' id='line_1_27' title="bbox 237 1923 1559 2000; baseline 0.023 -41"><span class='ocrx_word' id='word_1_227' title='bbox 237 1923 432 1975; x_wconf 74' lang='lat' dir='ltr'>praesentia</span> <span class='ocrx_word' id='word_1_228' title='bbox 452 1928 654 1979; x_wconf 86' lang='lat' dir='ltr'>quiescere,</span> <span class='ocrx_word' id='word_1_229' title='bbox 676 1942 789 1985; x_wconf 85' lang='lat' dir='ltr'>atque</span> <span class='ocrx_word' id='word_1_230' title='bbox 809 1936 913 1974; x_wconf 89' lang='lat' dir='ltr'>aliud</span> <span class='ocrx_word' id='word_1_231' title='bbox 934 1948 1085 1991; x_wconf 82' lang='lat' dir='ltr'>tempus</span> <span class='ocrx_word' id='word_1_232' title='bbox 1107 1944 1329 1996; x_wconf 66' lang='lat' dir='ltr'>exspectare,</span> <span class='ocrx_word' id='word_1_233' title='bbox 1352 1952 1559 2000; x_wconf 87' lang='lat' dir='ltr'>oportebit.</span> 
     </span>
    </p>

    <p class='ocr_par' dir='ltr' id='par_1_4' title="bbox 229 1990 1646 2509">
     <span class='ocr_line' id='line_1_28' title="bbox 291 1990 1643 2071; baseline 0.023 -44"><span class='ocrx_word' id='word_1_234' title='bbox 291 1990 336 2028; x_wconf 90' lang='lat' dir='ltr'>ln</span> <span class='ocrx_word' id='word_1_235' title='bbox 361 1995 650 2035; x_wconf 84' lang='lat' dir='ltr'>commoditatis</span> <span class='ocrx_word' id='word_1_236' title='bbox 672 2013 759 2038; x_wconf 90' lang='lat' dir='ltr'>vero</span> <span class='ocrx_word' id='word_1_237' title='bbox 790 2003 949 2048; x_wconf 86' lang='lat' dir='ltr'>ratione,</span> <span class='ocrx_word' id='word_1_238' title='bbox 981 2008 1098 2045; x_wconf 86' lang='lat' dir='ltr'>modo</span> <span class='ocrx_word' id='word_1_239' title='bbox 1120 2010 1216 2048; x_wconf 88' lang='lat' dir='ltr'>illud</span> <span class='ocrx_word' id='word_1_240' title='bbox 1244 2016 1473 2061; x_wconf 82' lang='lat' dir='ltr'>attendatur,</span> <span class='ocrx_word' id='word_1_241' title='bbox 1506 2019 1643 2071; x_wconf 85' lang='lat' dir='ltr'>digna-</span> 
     </span>
     <span class='ocr_line' id='line_1_29' title="bbox 239 2057 1646 2133; baseline 0.023 -41"><span class='ocrx_word' id='word_1_242' title='bbox 239 2068 285 2093; x_wconf 92' lang='lat' dir='ltr'>ne</span> <span class='ocrx_word' id='word_1_243' title='bbox 304 2057 412 2095; x_wconf 85' lang='lat' dir='ltr'>causa</span> <span class='ocrx_word' id='word_1_244' title='bbox 431 2060 602 2100; x_wconf 83' lang='lat' dir='ltr'>videatur</span> <span class='ocrx_word' id='word_1_245' title='bbox 627 2076 682 2109; x_wconf 86' lang='lat' dir='ltr'>ea,</span> <span class='ocrx_word' id='word_1_246' title='bbox 713 2079 797 2118; x_wconf 79' lang='lat' dir='ltr'>quae</span> <span class='ocrx_word' id='word_1_247' title='bbox 816 2069 862 2106; x_wconf 82' lang='lat' dir='ltr'>ad</span> <span class='ocrx_word' id='word_1_248' title='bbox 880 2071 1088 2111; x_wconf 79' lang='lat' dir='ltr'>utilitatem</span> <span class='ocrx_word' id='word_1_249' title='bbox 1111 2079 1328 2128; x_wconf 81' lang='lat' dir='ltr'>pertinebit,</span> <span class='ocrx_word' id='word_1_250' title='bbox 1362 2095 1477 2133; x_wconf 81' lang='lat' dir='ltr'>quare</span> <span class='ocrx_word' id='word_1_251' title='bbox 1507 2095 1571 2123; x_wconf 82' lang='lat' dir='ltr'>aut</span> <span class='ocrx_word' id='word_1_252' title='bbox 1598 2086 1646 2124; x_wconf 80' lang='lat' dir='ltr'>de</span> 
     </span>
     <span class='ocr_line' id='line_1_30' title="bbox 234 2122 1639 2201; baseline 0.023 -44"><span class='ocrx_word' id='word_1_253' title='bbox 234 2122 533 2174; x_wconf 85' lang='lat' dir='ltr'>magnificentia,</span> <span class='ocrx_word' id='word_1_254' title='bbox 565 2138 629 2167; x_wconf 82' lang='lat' dir='ltr'>aut</span> <span class='ocrx_word' id='word_1_255' title='bbox 664 2130 710 2168; x_wconf 93' lang='lat' dir='ltr'>de</span> <span class='ocrx_word' id='word_1_256' title='bbox 740 2131 933 2172; x_wconf 82' lang='lat' dir='ltr'>honestate</span> <span class='ocrx_word' id='word_1_257' title='bbox 965 2139 1148 2189; x_wconf 84' lang='lat' dir='ltr'>quiddam</span> <span class='ocrx_word' id='word_1_258' title='bbox 1168 2143 1382 2196; x_wconf 68' lang='lat' dir='ltr'>derogetur.</span> <span class='ocrx_word' id='word_1_259' title='bbox 1444 2151 1574 2201; x_wconf 79' lang='lat' dir='ltr'>Atque</span> <span class='ocrx_word' id='word_1_260' title='bbox 1601 2152 1639 2188; x_wconf 88' lang='lat' dir='ltr'>in</span> 
     </span>
     <span class='ocr_line' id='line_1_31' title="bbox 233 2184 1638 2265; baseline 0.022 -42"><span class='ocrx_word' id='word_1_261' title='bbox 233 2184 306 2225; x_wconf 88' lang='lat' dir='ltr'>hoc</span> <span class='ocrx_word' id='word_1_262' title='bbox 327 2187 412 2228; x_wconf 92' lang='lat' dir='ltr'>loco</span> <span class='ocrx_word' id='word_1_263' title='bbox 433 2190 533 2230; x_wconf 91' lang='lat' dir='ltr'>mihi</span> <span class='ocrx_word' id='word_1_264' title='bbox 554 2205 669 2247; x_wconf 84' lang='lat' dir='ltr'>caput</span> <span class='ocrx_word' id='word_1_265' title='bbox 689 2197 787 2236; x_wconf 89' lang='lat' dir='ltr'>illud</span> <span class='ocrx_word' id='word_1_266' title='bbox 810 2200 958 2240; x_wconf 73' lang='lat' dir='ltr'>videtur</span> <span class='ocrx_word' id='word_1_267' title='bbox 978 2203 1061 2248; x_wconf 78' lang='lat' dir='ltr'>effe,</span> <span class='ocrx_word' id='word_1_268' title='bbox 1093 2218 1133 2244; x_wconf 89' lang='lat' dir='ltr'>ut</span> <span class='ocrx_word' id='word_1_269' title='bbox 1155 2223 1384 2260; x_wconf 68' lang='lat' dir='ltr'>qua-ramus,</span> <span class='ocrx_word' id='word_1_270' title='bbox 1409 2215 1502 2265; x_wconf 86' lang='lat' dir='ltr'>quid</span> <span class='ocrx_word' id='word_1_271' title='bbox 1525 2217 1567 2253; x_wconf 68' lang='lat' dir='ltr'>lit</span> <span class='ocrx_word' id='word_1_272' title='bbox 1591 2217 1638 2253; x_wconf 86' lang='lat' dir='ltr'>i]-</span> 
     </span>
     <span class='ocr_line' id='line_1_32' title="bbox 232 2252 1638 2329; baseline 0.023 -41"><span class='ocrx_word' id='word_1_273' title='bbox 232 2252 311 2296; x_wconf 83' lang='lat' dir='ltr'>lud,</span> <span class='ocrx_word' id='word_1_274' title='bbox 345 2256 449 2306; x_wconf 92' lang='lat' dir='ltr'>quod</span> <span class='ocrx_word' id='word_1_275' title='bbox 481 2258 506 2296; x_wconf 90' lang='lat' dir='ltr'>s1</span> <span class='ocrx_word' id='word_1_276' title='bbox 538 2260 708 2313; x_wconf 89' lang='lat' dir='ltr'>adipisci,</span> <span class='ocrx_word' id='word_1_277' title='bbox 739 2275 804 2304; x_wconf 88' lang='lat' dir='ltr'>aut</span> <span class='ocrx_word' id='word_1_278' title='bbox 837 2267 1005 2320; x_wconf 74' lang='lat' dir='ltr'>effugere</span> <span class='ocrx_word' id='word_1_279' title='bbox 1025 2272 1204 2318; x_wconf 59' lang='lat' dir='ltr'>velimus,</span> <span class='ocrx_word' id='word_1_280' title='bbox 1236 2276 1363 2329; x_wconf 80' lang='lat' dir='ltr'>aliqua</span> <span class='ocrx_word' id='word_1_281' title='bbox 1385 2294 1439 2316; x_wconf 57' lang='lat' dir='ltr'>res</span> <span class='ocrx_word' id='word_1_282' title='bbox 1464 2283 1572 2319; x_wconf 79' lang='lat' dir='ltr'>nobis</span> <span class='ocrx_word' id='word_1_283' title='bbox 1596 2283 1638 2320; x_wconf 77' lang='lat' dir='ltr'>fit</span> 
     </span>
     <span class='ocr_line' id='line_1_33' title="bbox 233 2320 1638 2400; baseline 0.023 -46"><span class='ocrx_word' id='word_1_284' title='bbox 233 2320 441 2367; x_wconf 81' lang='lat' dir='ltr'>neceffaria,</span> <span class='ocrx_word' id='word_1_285' title='bbox 460 2322 535 2362; x_wconf 93' lang='lat' dir='ltr'>hoc</span> <span class='ocrx_word' id='word_1_286' title='bbox 554 2326 618 2372; x_wconf 90' lang='lat' dir='ltr'>est,</span> <span class='ocrx_word' id='word_1_287' title='bbox 637 2342 721 2381; x_wconf 83' lang='lat' dir='ltr'>qua:</span> <span class='ocrx_word' id='word_1_288' title='bbox 748 2331 791 2371; x_wconf 90' lang='lat' dir='ltr'>fit</span> <span class='ocrx_word' id='word_1_289' title='bbox 812 2334 1019 2386; x_wconf 70' lang='lat' dir='ltr'>adjunctio,</span> <span class='ocrx_word' id='word_1_290' title='bbox 1056 2351 1097 2376; x_wconf 89' lang='lat' dir='ltr'>ut</span> <span class='ocrx_word' id='word_1_291' title='bbox 1117 2343 1292 2392; x_wconf 82' lang='lat' dir='ltr'>proinde,</span> <span class='ocrx_word' id='word_1_292' title='bbox 1324 2346 1379 2383; x_wconf 91' lang='lat' dir='ltr'>uti</span> <span class='ocrx_word' id='word_1_293' title='bbox 1401 2360 1561 2400; x_wconf 56' lang='lat' dir='ltr'>quaque</span> <span class='ocrx_word' id='word_1_294' title='bbox 1583 2364 1638 2386; x_wconf 78' lang='lat' dir='ltr'>res</span> 
     </span>
     <span class='ocr_line' id='line_1_34' title="bbox 229 2386 1638 2457; baseline 0.023 -36"><span class='ocrx_word' id='word_1_295' title='bbox 229 2386 314 2430; x_wconf 86' lang='lat' dir='ltr'>erit,</span> <span class='ocrx_word' id='word_1_296' title='bbox 337 2387 567 2437; x_wconf 86' lang='lat' dir='ltr'>laboremus,</span> <span class='ocrx_word' id='word_1_297' title='bbox 589 2403 627 2432; x_wconf 90' lang='lat' dir='ltr'>et</span> <span class='ocrx_word' id='word_1_298' title='bbox 646 2398 902 2448; x_wconf 81' lang='lat' dir='ltr'>graviflimam</span> <span class='ocrx_word' id='word_1_299' title='bbox 923 2417 1117 2457; x_wconf 79' lang='lat' dir='ltr'>quamque</span> <span class='ocrx_word' id='word_1_300' title='bbox 1139 2409 1289 2448; x_wconf 60' lang='lat' dir='ltr'>caulium</span> <span class='ocrx_word' id='word_1_301' title='bbox 1308 2411 1638 2453; x_wconf 76' lang='lat' dir='ltr'>vehementiffime</span> 
     </span>
     <span class='ocr_line' id='line_1_35' title="bbox 232 2452 842 2509; baseline 0.026 -21"><span class='ocrx_word' id='word_1_302' title='bbox 232 2452 472 2493; x_wconf 83' lang='lat' dir='ltr'>necessariam</span> <span class='ocrx_word' id='word_1_303' title='bbox 487 2457 724 2509; x_wconf 87' lang='lat' dir='ltr'>judicemus.</span> <span class='ocrx_word' id='word_1_304' title='bbox 836 2465 842 2468; x_wconf 80' lang='grc'><strong>’</strong></span> 
     </span>
    </p>
   </div>
   <div class='ocr_carea' id='block_1_3' title="bbox 287 2518 1632 2594">
    <p class='ocr_par' dir='ltr' id='par_1_5' title="bbox 287 2518 1632 2594">
     <span class='ocr_line' id='line_1_36' title="bbox 287 2518 1632 2594; baseline 0.024 -40"><span class='ocrx_word' id='word_1_305' title='bbox 287 2518 454 2559; x_wconf 61' lang='lat' dir='ltr'>Affectio</span> <span class='ocrx_word' id='word_1_306' title='bbox 474 2523 526 2560; x_wconf 88' lang='lat' dir='ltr'>est</span> <span class='ocrx_word' id='word_1_307' title='bbox 546 2528 736 2576; x_wconf 81' lang='lat' dir='ltr'>quaedam,</span> <span class='ocrx_word' id='word_1_308' title='bbox 763 2544 810 2570; x_wconf 77' lang='lat' dir='ltr'>ex</span> <span class='ocrx_word' id='word_1_309' title='bbox 832 2542 1018 2587; x_wconf 84' lang='lat' dir='ltr'>ternpore,</span> <span class='ocrx_word' id='word_1_310' title='bbox 1051 2548 1114 2577; x_wconf 87' lang='lat' dir='ltr'>aut</span> <span class='ocrx_word' id='word_1_311' title='bbox 1146 2544 1459 2594; x_wconf 75' lang='lat' dir='ltr'>ex&#39;negotiorum</span> <span class='ocrx_word' id='word_1_312' title='bbox 1481 2556 1632 2592; x_wconf 83' lang='lat' dir='ltr'>eventu,</span> 
     </span>
    </p>
   </div>
   <div class='ocr_carea' id='block_1_4' title="bbox 368 2588 1265 2646">
    <p class='ocr_par' dir='ltr' id='par_1_6' title="bbox 368 2588 1265 2646">
     <span class='ocr_line' id='line_1_37' title="bbox 368 2588 1265 2646; baseline 0.022 -20"><span class='ocrx_word' id='word_1_313' title='bbox 368 2588 578 2632; x_wconf 86' lang='lat' dir='ltr'>ToM.I.</span> <span class='ocrx_word' id='word_1_314' title='bbox 1229 2609 1265 2646; x_wconf 91' lang='lat' dir='ltr'>R</span> 
     </span>
    </p>
   </div>
  </div>
 </body>
</html>
