2176 2912
387 270 462 308 144
737 253 851 293 DE
929 249 1432 290 ORATORE

381 351 566 407 perfectos
593 350 675 402 jam
695 346 873 385 homines
895 345 935 383 in
955 344 1118 383 dicendo
1144 352 1182 381 et
1202 342 1434 396 perpolitos:
1466 340 1525 379 vel
1542 339 1675 379 Nostri
1694 340 1777 378 De-

382 418 585 460 cemviros,
617 415 685 467 qui
713 427 778 452 ‘X11
808 412 952 450 tabulas
982 409 1289 463 perscripserunt,
1311 421 1407 460 quos
1432 406 1573 445 necesse
1600 406 1652 444 est
1671 405 1780 444 fuiffe

384 485 604 538 prudentes,
636 488 869 532 anteponant
901 478 940 515 in
975 475 1049 515 hoc
1079 484 1216 528 ge‘nere
1246 484 1284 512 et
1312 477 1387 512 Ser.
1412 473 1561 517 Galbae,
1584 481 1621 510 et
1653 471 1780 510 socero

385 562 452 589 tuo
473 552 521 589 C.
546 549 683 592 Laelio,
704 558 800 598 quos
820 543 966 582 constat
986 541 1139 580 dicendi
1159 541 1279 593 gloria
1299 538 1516 592 praestitiffe.
1564 539 1781 589 Nunquam
1841 586 1844 587 ⁷

383 618 489 656 enim
510 615 670 667 negabo,
692 612 762 650 effe
782 609 963 662 quasdam
983 617 1077 646 artes
1100 607 1268 659 proprias
1287 618 1435 649 eorum,
1458 604 1525 656 qui
1545 605 1585 642 in
1604 602 1666 641 his
1687 616 1780 654 cog-

384 681 581 721 noscendis
612 688 726 730 atque
753 674 953 714 traetandis
974 672 1145 711 studium
1165 671 1278 709 suum
1308 682 1425 708 omne
1455 669 1662 721 posuerunt
1678 687 1689 712 ς
1721 667 1783 706 sed

384 758 573 787 oratorem
594 745 755 798 plenum
775 750 889 792 atque
909 738 1122 791 perfectum
1142 735 1213 773 effe
1233 749 1324 773 eum
1344 735 1485 778 dicam,
1501 734 1569 786 qui
1589 734 1636 772 de
1651 733 1782 772 omni·-

385 814 456 852 bus
476 813 586 851 rebus
608 808 718 862 poffit
738 806 851 849 varie,
874 802 1103 856 copioseque
1123 801 1262 839 dicere.

440 879 550 917 XIV.
576 875 735 914 Etenim
757 871 910 924 saepedn
931 870 976 907 iis
997 868 1128 912 causis,
1156 880 1248 919 quas
1265 879 1399 904 omnes
1420 864 1589 918 proprias
1611 863 1681 902 effe
1700 876 1784 902 ora-

385 955 516 983 torum
537 940 784 983 confitentur,
816 937 869 975 est
889 934 1048 988 aliquid,
1084 933 1188 986 quod
1219 947 1297 971 non
1327 945 1374 970 ex
1395 931 1464 969 usu
1484 930 1635 975 forenfi,
1667 942 1786 982 quem

387 1010 511 1049 solum
531 1006 745 1046 oratoribus
766 1001 991 1045 conceditis,
1021 1000 1081 1038 sed
1109 1013 1156 1037 ex
1177 998 1394 1037 obscuriore
1423 997 1551 1048 aliqua
1568 995 1723 1034 scientia
1742 994 1787 1033 fit

387 1074 661 1128 promendum,
679 1079 716 1108 et
733 1067 1013 1107 affumendum.
1047 1066 1190 1116 Qaero
1206 1065 1326 1108 enim,
1342 1077 1437 1101 num
1454 1062 1564 1115 poffit
1577 1071 1641 1099 aut
1656 1070 1789 1100 contra

388 1143 675 1193 imperatorem,
706 1144 770 1173 aut
790 1148 859 1187 pro
889 1133 1117 1185 imperatore
1137 1131 1215 1168 dici
1241 1130 1316 1168 fine
1337 1129 1390 1167 rei
1409 1127 1587 1167 militaris
1608 1127 1690 1171 usu,
1721 1135 1788 1164 aut

388 1207 482 1259 saepe
503 1206 620 1243 etiam
640 1203 716 1241 fine
737 1201 940 1252 regionum
961 1197 1193 1236 terrestrium
1214 1205 1278 1233 aut
1299 1194 1582 1232 maritimarum
1603 1192 1785 1230 scientia?

388 1285 485 1310 num
517 1269 617 1322 apud
637 1266 828 1321 populum
852 1264 898 1302 de
923 1263 1073 1315 legibus
1088 1260 1286 1313 jubendiS,
1317 1268 1382 1297 aut
1404 1257 1573 1295 vetandis
1591 1276 1601 1301 ;
1633 1270 1730 1295 num
1748 1257 1789 1294 in

389 1338 519 1376 senatu
539 1336 585 1373 de
617 1333 728 1372 omni
766 1330 987 1384 reipublicae
1006 1341 1142 1380 genere
1161 1326 1239 1364 dici
1260 1325 1335 1363 fine
1362 1324 1513 1363 summa
1543 1337 1670 1361 rerum
1690 1323 1787 1361 civi-

390 1405 490 1442 lium
520 1400 743 1454 cognitione
769 1406 807 1435 et
841 1394 1072 1449 prudentia?
1104 1406 1201 1431 num
1231 1391 1425 1430 admoveri
1457 1388 1567 1443 poffit
1591 1389 1712 1427 oratio
1742 1388 1789 1426 ad

390 1468 516 1508 sensus
537 1467 772 1507 animorum,
803 1471 917 1514 atque
938 1469 1068 1499 motus
1090 1459 1148 1496 vel
1168 1456 1479 1500 inflammandos,
1501 1454 1560 1492 vel
1581 1454 1697 1493 etiam
1719 1467 1787 1492 ex-

391 1533 639 1588 tinguendos,
673 1529 796 1582 (quod
817 1540 940 1566 unum
962 1527 1001 1564 in
1021 1533 1168 1563 oratore
1187 1524 1426 1574 dominatur)
1449 1522 1525 1560 fine
1545 1520 1787 1573 diligentiffi-

392 1615 456 1640 ma
486 1597 799 1652 pervestigatione
833 1606 963 1631 earum
995 1591 1176 1629 omnium
1207 1590 1415 1633 rationum,
1453 1602 1537 1639 quae
1567 1587 1613 1625 de
1645 1586 1788 1625 naturis

392 1665 555 1705 humani
576 1662 723 1716 generis
744 1673 786 1698 ac
807 1658 981 1697 moribus
1001 1670 1022 1694 a
1041 1653 1286 1707 Philosophis
1307 1654 1548 1706 explicantur
1565 1653 1578 1690 ?

387 1771 390 1773 ,
444 1734 575 1782 Atque
594 1727 696 1766 haud
717 1726 793 1765 scio
808 1738 854 1763 an
876 1724 1004 1762 minus
1025 1721 1100 1761 hoc
1120 1721 1227 1759 vobis
1244 1721 1314 1758 fim
1330 1720 1557 1772 probaturus
1572 1737 1583 1763 ς
1606 1718 1788 1771 equidem

395 1812 473 1836 non
495 1795 694 1838 dubitabo,
726 1790 830 1844 quod
852 1789 985 1833 sentio,
1007 1788 1145 1826 dicere.
1190 1786 1348 1838 Physica
1368 1786 1434 1824 ista
1452 1784 1541 1837 ipsa,
1571 1793 1609 1822 et
1630 1783 1788 1822 Mathe-

394 1863 547 1906 matica‚
584 1870 621 1898 et
654 1873 738 1911 quae
770 1856 882 1909 paulo
913 1864 999 1893 ante
1029 1862 1252 1891 caeterarum
1281 1852 1422 1890 artium
1447 1851 1599 1904 propria
1619 1849 1789 1903 posuisti,

395 1928 559 1966 scientiae
578 1926 664 1963 sunt
683 1936 831 1966 eorum,
850 1921 918 1973 qui
938 1920 1004 1958 illa
1024 1919 1275 1972 profitentur:
1299 1917 1482 1955 illustrare
1503 1925 1631 1954 autem
1648 1915 1789 1953 oratio-

394 2008 443 2032 ne
464 1994 488 2031 fi
517 1986 602 2044 quis
624 1991 706 2028 istas
726 1988 819 2041 ipsas
851 1996 947 2024 artes
969 1986 1074 2029 velit,
1106 1985 1151 2022 ad
1172 1985 1328 2022 oratoris
1356 1983 1390 2020 ei
1411 1981 1717 2033 confugiendum
1739 1980 1791 2018 est

395 2059 634 2098 facultatem.
694 2056 835 2106 Neque
865 2053 985 2096 enim,
1015 2051 1041 2088 s1
1063 2049 1270 2088 Philonem
1291 2049 1404 2086 illum
1425 2046 1692 2090 architectum,
1724 2046 1791 2097 qui

398 2123 696 2163 Atheniensibus
731 2118 1069 2158 armamentarium
1104 2115 1210 2158 fecit,
1242 2114 1385 2152 constat
1417 2112 1617 2165 perdiserte
1650 2111 1794 2163 populo

398 2191 583 2229 rationem
606 2187 729 2240 operis
751 2186 805 2223 sui
826 2183 1035 2226 reddidisse,
1058 2180 1355 2218 existimandum
1376 2179 1427 2216 est
1448 2177 1644 2216 architeeti
1664 2178 1792 2229 potius

397 2255 559 2293 artificio
580 2253 777 2294 disertum,
795 2262 912 2301 quam
928 2247 1100 2290 oratoris,
1117 2245 1237 2283 fuiss‘e.
1262 2246 1362 2288 Nec,
1385 2245 1409 2281 fi
1426 2243 1518 2281 huic
1536 2244 1597 2281 M.
1613 2243 1793 2280 Antonio

398 2336 467 2374 pro
489 2318 734 2358 Hermodoro
754 2315 879 2354 fuiffet
899 2315 944 2351 de
965 2313 1156 2351 navalium
1189 2325 1299 2363 opere
1319 2310 1541 2353 dicendum,
1576 2323 1667 2352 non,
1701 2323 1793 2346 cum

397 2388 445 2424 ab
468 2386 534 2423 illo
554 2384 702 2423 caulam
729 2380 928 2423 didicisset,
957 2379 1032 2430 ipse
1053 2387 1181 2415 ornate
1202 2377 1246 2414 de
1266 2377 1388 2414 alieno
1409 2375 1583 2419 artificio,
1619 2374 1791 2427 copiose-

400 2466 474 2504 que
494 2449 669 2488 dixisset?
693 2448 833 2499 Neque
855 2459 941 2482 vero
962 2443 1202 2495 Asclepiades
1224 2443 1268 2486 is,
1289 2456 1366 2494 quo
1388 2455 1454 2479 nos
1478 2441 1629 2478 medico
1645 2441 1793 2479 amieo-

398 2530 475 2570 que
496 2516 548 2554 usi
569 2515 713 2558 sumus,
744 2522 841 2556 tum,
873 2509 964 2548 cum
985 2507 1205 2561 eloquentia
1225 2507 1400 2546 vincebat
1426 2516 1577 2545 caeteros
1600 2505 1793 2550 Medicos,
