2176 2912
562 125 882 165 LIBER
953 124 1505 166 SECUNDUS.
1676 141 1752 181 259

352 214 418 259 sal,
441 213 501 252 sed
518 224 663 259 natura,
685 214 842 253 ridetur.
881 213 927 251 In
948 226 1040 266 quo,
1062 222 1105 251 ut
1125 213 1226 252 mihi
1245 214 1410 260 videtur,
1433 215 1635 269 persalsum
1655 216 1754 256 illud

351 280 407 318 est
426 281 527 333 apud
546 281 743 325 Naevium,

873 345 973 398 Qcid
978 346 1103 398 ploras
1114 354 1226 398 pater
1240 346 1260 385 ,9

491 412 648 456 Mirum,
670 412 711 450 ni
727 420 864 450 cantem
879 429 891 451 .·
923 411 1169 451 condemnatus
1174 414 1274 465 ficm

354 476 461 514 Huic
481 478 611 530 generi
631 478 733 529 quafi
753 478 989 516 contrarIum
1001 477 1053 515 est
1074 475 1241 516 ridiculi⁴
1247 491 1366 531 genus
1381 479 1559 531 patientis
1575 492 1617 516 ac
1639 479 1750 524 lenti;

353 552 409 587 ut,
438 556 529 581 cum
547 544 645 582 Cato
665 544 855 596 percuffus
875 543 964 582 effet
992 544 1040 581 ab
1061 558 1119 588 eo,
1151 545 1218 596 qui
1248 558 1376 583 arcam
1396 543 1554 589 ferebat,
1572 559 1668 583 cum
1689 546 1754 584 ille

354 608 509 654 diceret,
533 611 634 648 Cave
646 627 658 648 .·
691 610 850 662 rogavit,
871 609 1034 663 nunquid
1044 609 1148 648 aliud
1147 610 1277 662 fl’rret
1285 620 1427 663 praeter
1445 625 1569 648 arcam
1583 611 1603 648 ,ἓ

409 675 540 713 Etiam
574 675 742 713 stultitiae
772 675 859 713 sal-sa
889 674 1127 728 reprehensio
1142 693 1153 720 5
1187 685 1229 714 ut
1249 677 1314 714 ille
1335 676 1498 721 Siculus,
1520 677 1584 714 cui
1613 677 1754 715 Praetor

355 740 482 793 Scipio
501 752 706 794 patronum
726 741 844 779 causae
860 741 973 779 dabat
988 740 1180 794 hospitem
1198 742 1324 788 suum,
1342 741 1542 781 hominem
1565 743 1752 789 nobilem,

354 806 417 844 sed
437 807 646 846 admodum
671 807 1005 864 stultum,.thefh‚
1028 808 1170 859 inquit,
1202 810 1366 855 Praetor,
1388 809 1593 863 advetsszrio
1621 825 1690 850 meo
1709 811 1756 849 da

349 871 450 924 gstum
458 881 656 924 patronum
669 891 681 917 5
713 871 831 911 deinde
844 873 934 911 mihi
948 873 1115 911 neminem
1129 873 1276 913 dederis.

409 938 577 976 Movent
609 938 676 976 illa
697 939 826 983 etiam,
856 952 940 991 quae
973 940 1190 991 conjectura
1215 939 1468 993 explanantur
1490 940 1611 993 longe
1631 942 1753 986 aliter,

354 1013 468 1056 atque
489 1004 576 1043 sunt
593 1024 602 1049 ;
636 1005 698 1042 sed
717 1014 839 1050 acute,
872 1015 986 1057 atque
1008 1005 1197 1044 concinne
1213 1026 1224 1051 ;
1258 1016 1314 1052 ut,
1335 1020 1428 1045 cum
1449 1008 1609 1046 Scaurus
1639 1021 1754 1046 accu-

355 1070 449 1108 saret
469 1071 668 1109 Rutilium
688 1072 871 1116 ambitus,
898 1085 990 1110 cum
1011 1072 1087 1125 ipse
1108 1073 1253 1111 Consul
1274 1073 1362 1112 effet
1381 1073 1517 1119 faetus,
1539 1075 1605 1112 ille
1624 1075 1754 1128 repul-

354 1136 433 1174 sam
454 1137 607 1182 tuliffet,
638 1147 675 1175 et
696 1138 735 1175 in
755 1139 836 1190 ejus
855 1138 995 1176 tabulis
1026 1138 1237 1178 ostenderet
1257 1140 1396 1185 literas,
1428 1142 1472 1179 A
1484 1143 1533 1180 F.
1552 1142 1601 1180 P.
1620 1143 1670 1180 R.
1693 1142 1755 1179 id-

356 1217 432 1255 que
467 1205 608 1242 diceret
637 1204 721 1249 effe,
752 1206 888 1243 Affum
903 1204 980 1257 fide
1006 1205 1055 1243 P.
1073 1206 1232 1251 Rutz'lii5
1279 1207 1452 1245 Rutilius
1479 1217 1623 1253 autem,
1654 1210 1757 1247 Ante

337 1270 501 1322 fizHum,
515 1269 591 1322 post
607 1271 761 1309 relatum
777 1289 788 1315 ς
812 1272 859 1308 C.
880 1271 1066 1315 Cannius,
1084 1284 1198 1323 eques
1220 1273 1435 1316 Romanus,
1453 1271 1544 1311 cum
1563 1273 1670 1312 Rufo
1686 1275 1754 1312 ad-

353 1335 456 1380 effet,
478 1336 681 1381 exclamat,
704 1346 885 1374 neutrum
905 1337 982 1374 illis
1003 1336 1122 1375 literis
1151 1337 1344 1377 declarari.
1390 1339 1595 1392 Qcidergo,
1626 1340 1756 1394 inquit

353 1400 541 1439 Scaurus?
573 1403 856 1454 AEmiliusfi’cit,
879 1403 1056 1455 plefiitur
1069 1403 1242 1441 Rutilius.

408 1468 538 1506 LXX.
571 1468 764 1506 Ridentur
783 1469 900 1506 etiam
921 1467 1169 1520 discrepantia
1184 1487 1196 1513 3
1228 1468 1328 1520 Qid
1338 1469 1420 1508 huic
1437 1470 1541 1523 abest,
1573 1471 1640 1522 72ss
1650 1486 1706 1510 res
1720 1483 1756 1510 et

351 1532 476 1571 virtus
489 1533 509 1572 ,ἲ
540 1533 646 1571 Bella
665 1534 782 1571 etiam
802 1533 854 1570 est
873 1531 1074 1571 familiaris
1095 1533 1348 1586 reprehenfio,
1370 1535 1473 1586 quafi
1493 1536 1650 1575 errantis
1666 1555 1678 1581 ς
1711 1546 1755 1576 ut

352 1612 445 1636 cum
464 1599 681 1652 objurgavit
701 1599 841 1638 Albius
863 1599 1072 1644 Granium,
1101 1600 1221 1651 quod,
1253 1614 1345 1638 cum
1375 1602 1455 1653 ejus
1475 1603 1615 1640 tabulis
1637 1603 1754 1655 quid-

351 1664 443 1702 dam
482 1665 653 1703 Albucio
687 1665 895 1717 probatum
943 1665 1147 1710 videretur,
1184 1676 1221 1704 et
1254 1666 1363 1704 valde
1397 1667 1568 1706 absoluto
1603 1670 1753 1707 Scaevo-

353 1731 389 1767 la
414 1731 607 1783 gauderet,
642 1745 768 1784 neque
804 1732 1036 1783 intelligeret
1055 1741 1188 1770 contra
1209 1732 1289 1771 suas
1325 1734 1472 1772 tabulas
1503 1734 1574 1772 effe
1599 1735 1752 1786 judica-

352 1805 453 1834 tum.

407 1862 515 1900 Huic
547 1863 679 1900 similis
699 1863 751 1900 est
770 1864 886 1900 etiam
907 1862 1120 1901 admonitio
1142 1863 1180 1900 in
1201 1863 1358 1902 consilio
1378 1865 1503 1904 dando
1524 1865 1720 1906 familiaris
1737 1886 1750 1912 ς

353 1938 408 1973 ut,
440 1927 531 1966 cum
563 1938 724 1981 patrono
755 1929 872 1973 malo,
894 1942 986 1966 cum
1008 1942 1142 1967 vocem
1174 1929 1213 1966 in
1235 1930 1396 1967 dicendo
1416 1931 1634 1976 obtudiffet,
1666 1933 1751 1970 sua-

351 1994 464 2032 debat
492 1995 672 2038 Granius,
705 2004 747 2032 ut
779 1994 950 2032 mulsum
972 1993 1158 2046 frigidum
1180 1995 1340 2040 biberet,
1373 1996 1485 2033 simul
1516 2010 1558 2034 ac
1588 1997 1751 2037 domum

352 2059 524 2098 redisset:
558 2060 728 2106 Perdam,
760 2061 901 2113 inquit,
933 2075 1063 2105 vocem,
1080 2060 1305 2113 stl‘dfecero
1319 2078 1331 2099 .·
1363 2063 1496 2100 Mclius
1518 2063 1575 2115 cst,
1607 2063 1750 2117 inquit,

352 2140 455 2178 quam
471 2140 581 2164 reum.

407 2190 562 2228 Bellum
595 2191 712 2228 etiam
745 2191 810 2236 est,
842 2204 948 2236 cum,
980 2192 1075 2244 quid
1108 2193 1249 2245 cuique
1283 2193 1326 2230 fit
1347 2193 1657 2239 consentaneum,
1687 2194 1748 2231 di·-

353 2255 479 2300 citur,
525 2266 581 2300 ut,
617 2269 708 2294 cum
729 2259 902 2295 'Scaurus
933 2259 1162 2296 nonnullam
1200 2258 1355 2297 haberet
1389 2260 1574 2298 invidiam
1608 2273 1654 2297 ex
1687 2273 1747 2303 eo,

353 2320 457 2372 quod
485 2320 713 2373 Phrygionis
742 2323 932 2375 Pompeii,
963 2323 1167 2375 locupletis
1195 2323 1382 2369 hominis,
1415 2325 1514 2363 bona
1534 2326 1609 2364 fine
1635 2325 1748 2362 testa-

353 2395 484 2425 mento
504 2386 722 2440 possederat,
754 2387 969 2442 sederetque
990 2389 1193 2427 advocatus
1231 2404 1294 2429 reo
1329 2391 1474 2436 Bestiae,
1505 2405 1596 2430 cum
1630 2389 1746 2428 funus

1042 2455 1081 2493 K
1109 2453 1135 2492 k
1166 2467 1189 2494 2
