2176 2912
709 173 1431 219 ORATORIBUS.
1687 199 1766 239 409

365 263 556 302 assentior.
617 264 774 304 Omitto
808 275 988 313 caeteros;
1020 269 1132 307 venio
1152 270 1198 308 ad
1231 283 1310 316 e08‚
1341 272 1381 311 in
1401 274 1542 325 quibus
1566 276 1649 328 jam
1678 291 1765 331 per-

370 328 510 368 feetam
530 338 640 382 putas
673 330 743 368 effe
762 332 1039 384 eloquentiam,
1071 349 1168 387 quos
1189 350 1260 389 ego
1279 338 1421 383 audivi,
1449 340 1524 379 fine
1544 352 1764 382 controver-

364 393 414 432 sia
432 408 591 447 magnos
611 405 789 442 oratoreS,
820 398 995 437 Craffum
1015 409 1053 438 et
1072 402 1306 441 Antonium.
1344 405 1406 442 De
1426 404 1568 446 horum
1588 408 1765 448 laudibus

364 458 438 496 tibi
473 459 623 512 prorsus
658 461 858 508 affentior;
891 464 954 503 sed
984 473 1113 504 tamen
1147 481 1226 506 non
1247 468 1316 507 isto
1343 470 1474 516 modo,
1505 480 1549 510 ut
1577 473 1765 525 Polycleti

362 523 643 577 Doryphorum
663 526 732 565 fibi
751 528 941 582 Lysippus
962 530 1097 577 aiebat,
1125 532 1175 571 fic
1197 541 1238 572 tu
1257 533 1465 575 suasionem
1486 536 1580 589 legis
1601 540 1765 578 Serviliae

362 589 436 627 tibi
456 591 674 644 magistram
694 591 817 633 fuisse.
850 596 948 634 Haec
967 611 1148 650 germana
1166 599 1288 638 ironia
1307 601 1372 640 est.
1416 603 1499 640 Cur
1517 603 1570 642 ita
1588 603 1763 650 sentiam,

360 668 440 693 non
459 656 601 703 dicam,
622 672 670 697 ne
690 673 753 697 me
773 660 845 699 tibi
865 661 1036 701 assentari
1055 673 1179 717 putes.
1217 666 1376 705 Omitto
1394 668 1527 721 igitur,
1546 683 1631 722 quae
1651 671 1697 708 de
1716 672 1764 709 iis

360 721 461 773 ipfis,
481 737 565 775 quae
584 725 630 762 de
644 725 773 771 Cotta,
795 740 880 778 quae
899 727 945 766 de
961 729 1146 782 Sulpicio,
1165 745 1250 784 quae
1270 733 1388 772 modo
1403 734 1449 772 de
1467 735 1587 775 Caelio
1607 736 1761 776 dixeris.

360 787 395 824 Ii
425 790 530 827 enim
563 789 722 829 fuerunt
750 802 850 831 certe
875 803 1052 834 oratores.
1113 798 1262 850 Qanti
1296 808 1439 846 autem,
1476 810 1515 840 et
1540 802 1684 854 quales,
1719 812 1763 842 tu

358 852 511 894 videris.
558 857 664 896 Nam
684 858 783 896 illud
802 860 932 898 minus
964 875 1070 907 curo,
1106 864 1211 915 quod
1230 867 1444 918 congeffisti
1464 869 1652 921 operarios
1672 883 1762 909 om-

357 932 424 958 nes
440 937 452 965 3
484 930 528 960 ut
548 921 648 960 mihi
669 924 868 963 videantur
888 927 988 964 mori
1009 928 1166 967 voluiffe
1186 931 1380 977 nonnulli,
1412 942 1455 971 ut
1475 947 1495 971 a
1515 942 1552 973 te
1571 935 1613 973 in
1632 945 1761 976 orato-

356 998 446 1025 rum
466 1001 674 1028 numerum
695 990 936 1032 referrentur.

411 1054 664 1094 LXXXVII.
711 1058 810 1096 Haec
840 1073 933 1098 cum
963 1060 1030 1099 ille
1060 1061 1223 1109 dixisset,
1256 1064 1364 1118 longi
1387 1065 1571 1106 sermonis
1601 1068 1761 1110 initium

354 1118 540 1166 detulisti,
562 1122 737 1174 inquam,
770 1125 915 1170 Attice,
947 1139 1107 1180 remque
1125 1131 1369 1169 commovisti
1390 1146 1487 1171 nova
1506 1133 1762 1187 disputatione

356 1184 529 1238 dignam,
551 1201 669 1240 quam
688 1189 729 1227 in
749 1189 852 1228 aliud
874 1200 1028 1245 tempus
1048 1193 1285 1235 differamus.
1334 1197 1527 1237 Volvendi
1547 1200 1653 1239 enim
1673 1202 1761 1240 sunt

354 1250 447 1290 libri
466 1266 557 1291 cum
579 1254 756 1301 aliorum,
775 1265 861 1295 tum
881 1257 921 1295 in
940 1259 1077 1311 primis
1098 1261 1271 1301 Catonis.
1303 1263 1515 1317 Intelliges,
1537 1264 1637 1304 nihil
1653 1266 1758 1306 illius

353 1316 611 1365 lineamentis,
651 1321 720 1358 nisi
765 1334 899 1361 eorum
933 1324 1237 1376 pigmentorum,
1277 1336 1362 1380 quae
1395 1329 1550 1367 inventa
1582 1332 1759 1372 nondum

354 1392 475 1428 erant,
512 1384 660 1430 florem,
695 1396 732 1425 et
761 1387 932 1426 colorem
952 1388 1121 1429 defuiffe.
1172 1392 1280 1430 Nam
1307 1392 1352 1430 de
1373 1394 1489 1433 Craffi
1510 1396 1681 1435 oratione
1706 1398 1758 1437 fic

352 1449 546 1495 existimo,
578 1451 704 1503 ipsum
724 1451 874 1491 fortaffe
893 1453 1032 1493 melius
1062 1457 1225 1508 potuiffe
1245 1457 1405 1496 scribere
1421 1478 1434 1504 ς
1465 1459 1599 1506 alium,
1632 1472 1676 1500 ut
1694 1476 1755 1502 ar-

354 1514 488 1561 bitror,
519 1517 729 1556 neminem.
789 1519 876 1558 Nec
896 1520 938 1557 in
968 1519 1043 1558 hoc
1062 1522 1227 1560 ironiam
1255 1523 1407 1562 duxeris
1429 1525 1513 1570 effe,
1544 1527 1650 1578 quod
1670 1541 1755 1567 eam

351 1581 565 1620 orationem
595 1582 696 1622 mihi
724 1585 943 1638 magistram
972 1585 1082 1624 fuiffe
1102 1587 1280 1627 dixerim.
1332 1590 1440 1629 Nam
1465 1591 1530 1629 etfi
1553 1601 1595 1630 tu
1615 1593 1754 1634 melius

352 1647 566 1686 existimare
585 1649 722 1688 videris
744 1650 790 1688 de
810 1665 864 1696 ea,
899 1652 926 1689 fi
945 1665 1063 1704 quam
1084 1667 1188 1692 nunc
1213 1654 1416 1702 habemus,
1451 1656 1632 1697 facultate
1644 1678 1656 1704 ς
1695 1669 1754 1698 ta-

353 1726 457 1758 men,
478 1714 728 1753 adolescentes
750 1717 844 1769 quid
864 1718 905 1755 in
926 1718 1074 1756 Latinis
1094 1720 1223 1771 potius
1244 1721 1500 1768 imitaremur,
1535 1737 1612 1762 non
1631 1723 1753 1763 habe-

353 1778 502 1817 bamus.
553 1781 671 1832 Qod
690 1792 818 1819 autem
838 1783 965 1835 plures
985 1796 1006 1820 a
1025 1784 1136 1823 nobis
1158 1787 1348 1826 nominati
1369 1788 1469 1834 sunt,
1501 1789 1547 1827 eo
1566 1791 1753 1842 pertinuit

355 1845 416 1895 (ut
448 1845 563 1897 paulo
596 1855 682 1883 ante
708 1847 806 1899 dixi)
838 1848 944 1900 quod
964 1849 1130 1902 intelligi
1163 1851 1282 1897 volui,
1315 1853 1355 1891 in
1387 1868 1446 1900 eo,
1475 1856 1584 1908 cujus
1616 1870 1752 1896 omnes

351 1911 584 1964 cupidifiimi
604 1912 734 1957 essent,
767 1927 883 1966 quam
915 1915 1025 1968 pauci
1057 1915 1165 1968 digni
1187 1918 1344 1956 nomine
1363 1921 1576 1959 evaderent.
1623 1923 1752 1974 Qare

350 1974 457 2025 εῖρωνα
478 1991 554 2022 me,
587 1992 633 2016 ne
653 1979 678 2016 fi
700 1979 906 2019 Africanus
941 1981 1102 2033 quidem
1120 1981 1210 2028 fuit,
1243 1992 1285 2022 ut
1305 1985 1356 2023 ait
1384 1986 1423 2023 in
1443 1984 1598 2025 historia
1618 1987 1681 2025 sua
1699 1990 1748 2029 C.

349 2043 533 2089 Fannius,
555 2045 761 2084 existimari
781 2047 913 2086 velim.

404 2116 462 2153 Ut
490 2117 605 2161 voles,
638 2118 766 2170 inquit
797 2120 966 2159 Atticus.
1018 2122 1104 2174 Ego
1133 2123 1239 2161 enim
1260 2137 1351 2176 *non
1371 2124 1540 2163 alienum
1562 2139 1582 2163 a
1615 2134 1652 2164 te
1671 2141 1746 2180 pu-

350 2180 491 2226 tabam,
523 2183 628 2234 quod
657 2194 695 2221 et
717 2185 753 2221 in
775 2184 960 2224 Africano
989 2186 1130 2234 fuisset,
1162 2199 1199 2227 et
1225 2190 1264 2227 in
1286 2192 1447 2229 Socrate.
1508 2193 1618 2230 Turn
1646 2194 1746 2231 Bru-

349 2255 425 2291 tuS,
458 2247 503 2285 de
523 2248 591 2286 isto
612 2249 760 2301 postea,
797 2252 858 2289 sed
879 2262 920 2290 tu
944 2254 1103 2306 (inquit,
1126 2269 1189 2293 me
1210 2256 1380 2308 intuens)
1419 2258 1606 2296 orationes
1634 2259 1745 2296 nobis

349 2321 490 2349 veteres
510 2314 717 2366 explicabis
738 2317 750 2353 ?
794 2318 908 2363 Vero,
930 2319 1104 2371 inquam,
1133 2322 1276 2367 Brute,
1310 2322 1370 2360 sed
1392 2324 1429 2361 in
1453 2325 1644 2367 Cumano,
1680 2333 1746 2361 aut

348 2376 388 2414 in
409 2378 644 2425 Tusculano,
677 2381 893 2434 aliquandO,
927 2385 951 2422 fi
984 2386 1101 2424 modo
1123 2387 1281 2432 licebit,
1314 2390 1499 2440 quoniam
1521 2398 1683 2440 utroque
1704 2389 1744 2426 in

348 2442 434 2481 loco
454 2444 572 2482 vicini
593 2445 736 2486 sumus.
797 2449 867 2487 Sed
881 2450 963 2503 jam
984 2453 1028 2491 ad
1049 2452 1102 2498 id,
1124 2453 1225 2491 unde
1245 2454 1393 2506 digreffi
1415 2455 1558 2499 summ,
1580 2462 1743 2492 reverta-

345 2522 448 2548 mur.

427 2582 637 2627 Termi,
1282 2588 1394 2631 Fff
