2176 2912
401 265 474 303 126
649 263 763 301 DE
836 260 1550 300 INVENTIONE

449 356 654 395 Fortitudo
683 355 735 393 est
769 356 999 394 considerata
1029 354 1290 406 periculorum
1324 354 1522 407 susceptio,
1554 363 1591 392 et
1618 354 1794 396 laborum

395 423 589 477 perpeffio.
632 423 727 474 Ejus
748 431 884 474 partes,
920 420 1221 474 magnificentia,
1253 420 1422 465 fidentia,
1454 421 1647 473 patientia,
1670 421 1793 474 perse-

394 489 573 526 verantia.
606 487 899 540 Magnificentia
919 488 972 524 est
991 500 1118 524 rerum
1140 499 1367 538 magnarum
1381 495 1418 523 et
1434 486 1681 531 excelsarum,
1702 500 1794 525 cum

396 554 516 591 animi
536 553 663 605 ampla
694 553 858 604 quadam
889 562 926 590 et
956 551 1151 604 splendida
1171 551 1440 603 propositione,
1476 552 1647 603 agitatio,
1681 561 1795 603 atque
1842 602 1845 603 ⁷

397 619 685 657 administratio,
719 618 897 656 Fidentia
913 618 979 662 est,
1002 631 1068 670 per
1081 630 1198 668 quarn
1219 617 1368 669 magnis
1385 627 1422 654 et
1442 616 1609 655 honestis
1627 618 1666 655 in
1683 618 1795 655 rebus

396 685 570 723 multum
604 684 681 736 ipse
717 685 868 721 animus
903 684 943 720 in
965 683 1000 720 se
1029 682 1179 720 fiduciae
1215 692 1326 720 certae
1352 695 1445 720 cum
1480 682 1542 734 spe
1577 682 1793 720 collocavit.

397 752 584 791 Patientia
604 750 656 787 est
676 749 895 793 honestatis,
926 757 991 785 aut
1013 748 1189 786 utilitatis
1216 747 1338 791 causa,
1370 761 1498 785 rerum
1530 749 1734 787 arduarum
1753 761 1796 786 ac

395 817 617 854 difficilium
648 815 861 852 voluntaria
880 828 922 852 ac
953 814 1134 851 diuturna
1153 811 1347 865 perpeffio.
1388 813 1667 852 Perseverantia
1685 814 1796 852 estin

398 883 541 919 ratione
561 882 658 918 bene
678 880 908 918 considerata
927 879 1069 917 stabilis
1090 887 1129 916 et
1148 887 1330 931 perpetua
1349 878 1574 930 permansio.

452 946 700 999 Temperatia
719 946 771 983 est
792 946 947 984 rationis
969 945 1009 983 in
1030 945 1250 989 libidinem,
1280 954 1395 996 atque
1429 945 1470 982 in
1498 945 1593 983 alios
1614 959 1692 984 non
1712 959 1795 983 rec-

397 1022 455 1052 tos
478 1015 644 1066 impetus
665 1013 801 1056 animi,
832 1011 944 1050 firma
969 1020 1007 1049 et
1035 1011 1229 1049 moderata
1262 1010 1489 1049 dominatio.
1549 1012 1644 1063 Ejus
1674 1021 1796 1064 partes

397 1080 497 1125 sunt,
520 1080 770 1123 continentia,
785 1078 1003 1122 clementia,
1020 1077 1215 1115 modestia.
1240 1078 1493 1116 Continentia
1509 1077 1574 1123 est,
1592 1091 1659 1130 per
1679 1092 1796 1130 quam

397 1146 586 1199 cupiditas
617 1144 765 1182 confilii
791 1144 1068 1196 gubernatione
1102 1143 1260 1196 regitur.
1321 1144 1554 1188 Clementia,
1588 1157 1651 1195 per
1676 1157 1797 1195 quam

398 1211 518 1248 animi
554 1220 695 1248 temere
728 1210 769 1247 in
799 1209 935 1247 odium
961 1209 1121 1260 alicujus
1157 1209 1383 1246 inveetionis
1412 1208 1595 1246 concitati
1615 1208 1798 1247 comitate

400 1277 621 1314 retinentur.
653 1274 859 1318 Modestia,
895 1287 961 1326 per
994 1287 1112 1326 quarn
1133 1274 1256 1326 pudor
1280 1272 1461 1310 honestus
1481 1272 1624 1311 claram
1653 1282 1692 1311 et
1724 1273 1796 1311 sta-

400 1342 519 1380 bilem
534 1349 729 1394 comparat
744 1340 1021 1378 auctoritatem.
1044 1341 1175 1392 Atque
1191 1338 1272 1377 haec
1288 1339 1419 1378 omnia
1434 1348 1588 1392 propter
1603 1339 1640 1377 se
1657 1339 1796 1385 solum,

399 1417 443 1446 ut
461 1406 559 1445 nihil
581 1407 637 1459 adj
645 1415 809 1458 ungatur
828 1405 1100 1450 emolumenti,
1117 1405 1279 1459 petenda
1298 1405 1398 1443 sunt.
1433 1405 1552 1458 Qod
1572 1413 1615 1442 ut
1632 1405 1797 1443 demon*

398 1474 547 1518 stretur,
579 1486 702 1525 neque
722 1472 767 1510 ad
787 1471 862 1510 hoc
884 1471 1057 1510 nostrum
1077 1471 1299 1510 institutum
1319 1471 1498 1525 pertinet,
1520 1480 1558 1509 et
1577 1485 1597 1509 a
1617 1471 1798 1510 brevitate

399 1539 645 1592 praecipiendi
666 1547 861 1575 remotum
880 1537 946 1575 est.

454 1606 615 1658 Propter
635 1605 670 1642 se
689 1613 818 1642 autem
836 1603 990 1641 vitanda
1005 1603 1106 1648 sunt,
1121 1617 1198 1642 non
1218 1617 1260 1641 ea
1279 1603 1410 1648 modo,
1428 1616 1512 1655 quae
1530 1601 1592 1640 his
1613 1603 1800 1641 contraria

400 1671 500 1716 sunt,
535 1680 578 1708 ut
598 1669 818 1708 fortitudini
848 1669 1011 1722 ignavia,
1043 1678 1080 1707 et
1108 1669 1265 1721 justitiae
1286 1669 1495 1721 injustitia;
1526 1682 1661 1707 verum
1681 1670 1799 1708 etiam

401 1737 480 1781 illa,
512 1750 597 1788 quae
624 1736 840 1788 propinqua
857 1735 1036 1773 videntur
1055 1744 1092 1772 et
1112 1735 1279 1773 finitima
1297 1734 1382 1779 effe,
1413 1734 1548 1772 absunt
1567 1744 1695 1773 autem
1712 1735 1799 1773 lon-

400 1802 575 1856 giffime:
607 1801 712 1854 quod
742 1814 877 1853 genus,
908 1800 1073 1838 fidentiae
1093 1801 1344 1845 contrarium,
1374 1800 1426 1838 est
1446 1800 1673 1845 diffidentia,
1703 1811 1741 1838 et
1760 1813 1802 1838 ea

402 1883 439 1907 re
458 1869 599 1906 vitium
619 1867 694 1905 est:
718 1867 871 1904 audacia
886 1880 962 1904 non
981 1867 1231 1911 contrarium,
1247 1866 1307 1904 sed
1324 1866 1539 1918 appositum
1560 1866 1626 1911 est,
1645 1880 1687 1904 ac
1708 1880 1800 1919 pro-

401 1936 609 1988 pinquum,
637 1944 675 1971 et
695 1943 822 1971 tamen
844 1934 984 1971 vitium
1004 1933 1069 1971 est.
1120 1933 1181 1971 Sic
1202 1933 1412 1985 unicuique
1432 1933 1565 1971 virtuti
1586 1932 1801 1971 finitimum

402 2002 542 2039 vitium
563 2001 782 2053 reperietur,
805 2010 869 2038 aut
885 2009 988 2038 certo
999 2001 1081 2051 jam
1103 2000 1260 2037 nomine
1277 1999 1512 2052 appellatum
1528 2018 1540 2044 3
1573 2009 1616 2037 ut
1631 2000 1800 2043 audacia,

400 2081 486 2120 quae
505 2067 670 2105 fidentia:
686 2086 697 2112 ;
729 2067 948 2120 pertinacia,
971 2080 1055 2118 quae
1074 2066 1353 2118 perseverantiae
1374 2065 1539 2103 finitima
1558 2065 1610 2103 est
1625 2084 1637 2110 3
1669 2065 1798 2117 super-

401 2135 518 2178 stiti0‚
550 2148 633 2186 quae
655 2133 829 2185 religioni
849 2133 1064 2186 propinqua
1083 2132 1158 2169 est:
1188 2142 1256 2169 aut
1276 2132 1352 2169 fine
1384 2131 1466 2168 ullo
1496 2140 1600 2168 certo
1627 2132 1798 2169 nomine.

403 2201 501 2251 Qae
521 2200 653 2237 omnia
672 2200 780 2244 item,
802 2200 858 2236 uti
877 2198 1064 2236 contraria
1081 2211 1207 2234 rerum
1225 2197 1426 2241 bonarum,
1442 2197 1481 2234 in
1503 2197 1614 2234 rebus
1635 2196 1798 2234 vitandis

403 2279 647 2318 reponemus.
679 2268 738 2303 Ac
759 2265 805 2302 de
824 2277 870 2301 eo
901 2264 1060 2316 quidem
1081 2276 1218 2315 genere
1247 2262 1468 2307 honestatis,
1498 2263 1604 2314 quod
1624 2262 1733 2301 omni
1753 2276 1799 2300 ex
1833 2292 1836 2293 ν

403 2341 507 2384 parte
527 2341 682 2384 propter
702 2331 736 2369 se
756 2332 912 2383 petitur,
936 2330 1021 2368 satis
1042 2330 1191 2368 dictum
1212 2329 1276 2367 est.

458 2398 546 2436 LV.
570 2398 689 2435 Nunc
709 2398 756 2435 de
775 2411 834 2441 eo,
856 2397 895 2434 in
916 2411 994 2448 quo
1016 2397 1159 2434 utilitas
1180 2410 1335 2448 quoque
1356 2395 1592 2447 adjungitur,
1616 2395 1722 2448 quod
1744 2404 1801 2434 ta-

404 2477 493 2501 men
513 2463 716 2501 honestum
737 2476 933 2507 vocamus,
961 2462 1170 2500 dicendum
1190 2462 1353 2500 videtur.
1401 2464 1496 2500 Sunt
1516 2463 1636 2514 igitur
1660 2462 1800 2507 multa,

406 2544 490 2581 quae
508 2543 576 2568 nos
598 2544 689 2569 cum
703 2529 903 2581 dignitate,
919 2537 1004 2566 tum
1018 2527 1145 2566 fructu
1162 2542 1318 2581 quoque
1336 2528 1401 2566 suo
1417 2528 1566 2566 ducunt
1579 2528 1624 2566 ad
1640 2528 1676 2566 se
1691 2543 1700 2567 ε
1723 2541 1802 2581 quo

403 2597 445 2636 in
463 2610 600 2649 genere
617 2597 670 2635 est
687 2596 822 2649 gloria,
840 2595 1020 2648 dignitas,
1038 2595 1269 2648 amplitudo,
1291 2595 1474 2634 amicitia.
1503 2595 1641 2635 Gloria
1655 2595 1708 2634 est
1722 2594 1801 2634 fre·
