2176 2912
633 176 909 216 LIBER
974 176 1337 216 PRIMUS.
1639 191 1688 230 39

288 279 514 322 traduntur3
546 276 621 315 hoc
655 276 720 320 est,
752 275 856 328 quod
882 289 989 320 eum,
1025 276 1093 328 qui
1127 275 1248 320 audit,
1280 288 1405 327 neque
1439 275 1688 320 benevolum,

287 358 411 396 neque
430 353 637 388 attentum,
660 356 784 394 neque
805 342 972 380 docilem
991 341 1138 386 efficit;
1170 350 1249 386 aut,
1282 355 1360 393 quo
1385 339 1558 394 profecto
1590 340 1690 379 nihil

284 411 390 462 pejus
411 409 477 454 est,
500 418 544 447 ut
562 418 694 447 contra
715 409 772 452 s1t‚
794 407 901 446 facit.
934 409 994 445 Ac
1012 407 1058 445 de
1078 407 1234 445 exordio
1255 406 1413 459 quidem
1435 406 1520 444 satis
1542 407 1690 445 dictum

283 475 349 512 est.

330 541 440 579 XIX.
475 541 654 579 Narratio
673 540 725 578 est
745 554 871 578 rerum
892 539 1096 592 gestarum,
1114 548 1178 577 aut
1199 547 1241 576 ut
1261 538 1465 592 gestarum,
1488 538 1687 590 expositio.

285 606 561 646 Narrationum
597 608 668 645 tria
697 607 784 645 sunt
817 620 966 659 genera.
1011 607 1149 644 Unum
1182 619 1302 658 genus
1335 605 1401 650 est,
1432 605 1473 642 in
1503 618 1582 656 quo
1612 604 1690 657 ipsa

284 673 404 719 causa,
426 684 462 711 et
482 675 610 712 omnis
633 674 727 712 ratio
755 672 1015 711 controversiae
1048 673 1282 710 continetur.
1315 672 1511 716 Alterum,
1543 671 1583 708 in
1610 684 1690 723 quo

282 740 457 792 digresfio
488 741 615 793 aliqua
642 750 748 779 extra
778 739 942 784 causam,
971 748 1036 777 aut
1055 739 1352 783 criminationis,
1378 748 1442 776 aut
1462 736 1687 776 fimilitudi-

283 808 355 851 nis,
387 817 451 845 aut
485 807 747 845 delectationis
783 820 860 844 non
881 807 1011 843 alienae
1031 806 1078 843 ab
1099 819 1144 843 eo
1165 806 1334 857 negotio,
1362 819 1440 857 quo
1467 805 1514 842 de
1545 804 1686 856 agitur,

281 883 347 911 aut
373 873 842 926 amplificationis·causa,
874 873 1145 925 interponitur.
1178 872 1362 910 Tertium
1394 884 1514 923 genus
1542 871 1594 908 est
1626 884 1686 908 re-

281 950 433 978 motum
469 954 488 978 a
519 940 698 978 civilibus
730 940 861 985 caufis,
894 939 997 991 quod
1019 938 1279 976 delecstationis
1300 938 1421 982 causa,
1456 951 1533 975 non
1554 937 1687 975 inutili

279 1020 374 1044 cum
393 1007 678 1052 exercitatione,
704 1007 860 1052 dicitur,
893 1015 930 1043 et
951 1004 1142 1044 scribitur.
1186 1006 1283 1057 Ejus
1314 1014 1437 1057 partes
1469 1003 1557 1041 sunt
1586 1004 1686 1048 duae,

279 1087 443 1125 quarum
465 1074 579 1111 altera
609 1074 649 1111 in
670 1074 850 1126 negotiis,
887 1072 1003 1111 altera
1033 1073 1073 1109 in
1095 1071 1277 1124 personis,
1309 1071 1478 1108 maxime
1504 1070 1683 1109 versatur.

281 1140 350 1184 Ea,
383 1154 468 1192 quae
487 1141 528 1177 in
559 1140 804 1192 negotiorum
825 1139 1059 1191 expositione
1078 1137 1196 1190 pofita
1215 1137 1281 1182 est,
1314 1147 1387 1174 tres
1408 1135 1525 1174 habet
1545 1146 1686 1188 partes,

279 1203 466 1250 fabulam,
487 1203 698 1249 historiam,
720 1214 1008 1257 argumentum.
1076 1202 1222 1241 Fabula
1241 1202 1307 1246 est,
1330 1202 1368 1240 in
1389 1215 1464 1254 qua
1484 1215 1554 1239 nec
1574 1215 1685 1247 verae,

280 1285 350 1309 nec
371 1271 591 1309 verisimiles
613 1285 668 1309 res
688 1272 950 1308 continentur.
984 1269 1215 1321 Cujusmodi
1235 1269 1315 1314 est3

471 1339 621 1389 Angues
641 1337 800 1390 ingentes
818 1337 920 1374 alites
927 1336 1055 1387 jutza‘li
1059 1335 1164 1387 jugo.

278 1403 447 1442 Historia
476 1403 528 1442 est
560 1402 660 1456 gesta
691 1416 747 1440 res
781 1403 828 1441 ab
863 1403 980 1440 aetatis
1011 1401 1144 1439 nostrae
1165 1400 1351 1438 memoria
1368 1407 1528 1437 remota.
1564 1399 1683 1448 Qod

275 1485 410 1524 genus,
433 1471 586 1524 Appius
616 1470 760 1508 indixit
792 1467 1156 1521 Carthaginensibus
1192 1467 1357 1504 bellum.
1389 1468 1683 1518 Argumentum

276 1537 329 1575 est
349 1538 434 1576 ficta
454 1551 524 1583 res,
540 1550 625 1590 quae
641 1545 771 1574 tamen
791 1535 872 1573 fieri
888 1535 1030 1588 potuit.
1053 1532 1294 1586 Hujusmodi
1311 1533 1413 1586 apud
1425 1533 1656 1571 Terentium
1665 1551 1680 1579 ς

468 1606 568 1643 Mem
587 1604 616 1641 is
628 1603 810 1656 postquam
829 1602 963 1654 excqffit
982 1616 1024 1639 ex
1043 1600 1193 1653 ephebis,
1216 1601 1260 1638 So
1272 1614 1323 1638 za.

277 1671 347 1708 Illa
366 1681 495 1709 autern
516 1670 693 1714 narratio,
715 1683 800 1722 quae
820 1669 985 1707 versatur
1004 1668 1044 1705 in
1064 1666 1248 1720 personis,
1279 1665 1465 1720 ejusmodi
1484 1665 1551 1710 est,
1574 1674 1618 1703 ut
1637 1665 1679 1703 in

274 1750 314 1773 ea
336 1737 448 1775 fimul
469 1751 561 1775 cum
583 1737 694 1775 rebus
713 1736 800 1788 ipsis
820 1735 1068 1788 personarum
1089 1732 1295 1777 sermones,
1316 1741 1354 1770 et
1373 1732 1495 1770 animi
1516 1731 1681 1785 perspici

276 1803 427 1854 poffint‚
459 1803 534 1840 hoc
555 1803 700 1847 modo3

469 1869 574 1907 Venit
592 1868 643 1906 ad
657 1882 709 1906 me
714 1869 827 1920 saepe,
858 1866 1060 1910 clamitans,
1091 1865 1191 1917 Qt’d
1204 1865 1295 1918 agis,
1319 1865 1431 1903 Micio
1446 1865 1465 1902 I?

466 1937 546 1973 Cur
557 1933 680 1988 perdis
698 1933 939 1986 adolcfientem
959 1933 1054 1971 nobis
1071 1933 1090 1971 ἓ
1120 1947 1186 1970 cur
1201 1941 1300 1970 amat
1313 1932 1334 1968 ἒ

466 2003 546 2040 Cur
558 2010 666 2054 potat
684 2002 703 2039 ἓ
732 2015 800 2038 cur
818 2010 860 2038 tu
879 1999 934 2038 his
953 1999 1058 2037 rebus
1058 2000 1248 2052 ficmptum
1250 1998 1421 2051 sitggeris
1435 1999 1453 2036 ζ’

467 2068 599 2120 Vestitu
619 2067 722 2105 nimio
742 2066 899 2119 indulges
915 2082 929 2105 .·
959 2066 1104 2104 nimium
1124 2066 1265 2118 ineplzcs
1285 2080 1332 2102 es.

465 2135 627 2173 Nimium
647 2134 715 2187 il'st'
734 2133 846 2172 durus
865 2133 922 2188 est,
937 2142 1081 2185 praeter
1100 2146 1239 2185 (equum
1259 2141 1293 2170 et
1313 2131 1451 2169 bonum.

273 2202 362 2240 Hoc
384 2202 423 2238 in
444 2214 581 2253 genere
602 2199 826 2237 narrationis
858 2199 982 2236 multa
1002 2198 1116 2236 inesse
1136 2198 1250 2235 debet
1271 2196 1468 2239 festivitas,
1501 2193 1676 2233 confecta

271 2282 316 2305 ex
339 2281 463 2304 rerum
486 2267 677 2310 varietate,
700 2265 920 2302 animorum
940 2264 1263 2307 diffimssstudine,
1285 2262 1481 2315 gravitate,
1502 2261 1672 2305 lenitate,

273 2333 346 2384 spe,
368 2342 490 2377 metu,
508 2331 732 2384 suspicione,
754 2330 951 2374 defiderio,
967 2329 1278 2372 diffimulatione‚
1296 2341 1433 2372 errore,
1456 2326 1674 2364 misericor-

272 2398 346 2443 dia,
368 2398 531 2436 fortunae
551 2397 873 2441 commutatione,
896 2395 1084 2448 insperato
1101 2395 1368 2438 incommodo,
1387 2393 1510 2431 subita
1526 2391 1670 2434 lzetitia,

266 2463 440 2516 jucundo
453 2465 559 2503 exitu
576 2477 718 2502 rerum.
738 2462 885 2501 Verum
902 2460 983 2501 haec
1006 2475 1052 2501 ex
1072 2462 1133 2507 iis,
1148 2475 1232 2513 qua?
1247 2460 1373 2514 postea
1393 2460 1438 2498 de
1456 2457 1675 2498 elocutione
