2176 2912
530 125 847 170 LIBER
922 112 1495 159 SECUNDUS.
1637 121 1715 162 237

461 226 658 276 Segregare
675 219 738 258 abs
756 227 791 256 te
809 215 925 269 cuffits,
955 220 1021 251 aut
1026 210 1108 263 fine
1126 209 1181 247 illo
1202 204 1384 247 Salamina
1403 200 1572 256 ingredi?

461 291 586 342 Neque
597 295 792 340 paternum
810 282 984 335 aspeft'um
1003 293 1037 316 es
1055 275 1196 315 veritus
1212 274 1231 313 ?

326 359 541 408 Nunquam
561 353 659 392 illud
677 352 850 405 qspefium
870 346 1034 390 dicebat,
1064 343 1160 396 quin
1187 338 1288 379 mihi
1307 336 1500 376 Telamon
1521 335 1634 372 iratus
1655 332 1721 371 fue

326 435 404 461 rere
424 422 530 459 luftu
550 419 622 458 filii
640 417 845 456 videretur.
886 414 944 451 Ut
964 410 1068 449 idem
1088 406 1228 446 inflexa
1246 404 1291 443 ad
1312 399 1567 442 miserabilem
1587 398 1723 436 sonum

326 501 434 533 voce,

737 548 847 598 Qem
866 551 977 583 aetate
993 543 1119 580 exam
1138 537 1287 591 indigem

465 616 638 656 Liberam
658 612 828 666 lacerasti,
850 609 990 663 orbasti,
1013 605 1189 660 exstinasti
1201 623 1212 648 ς
1243 615 1350 655 neque
1355 598 1503 653 fratris
1521 596 1626 639 necis,

466 684 592 735 Neque
610 681 693 718 nati
709 679 779 730 ejus
787 676 917 730 parvi,
949 674 1011 727 qui
1028 672 1097 711 tibi
1113 671 1149 709 in
1170 669 1318 708 tutelam
1339 664 1382 718 est
1402 662 1562 702 traditus
1578 662 1597 699 :2

332 750 424 789 flens
445 758 559 800 atque
580 747 713 798 lugens
735 744 859 781 dicere
878 740 1091 778 videbatur.
1130 737 1228 786 Qae
1248 733 1274 771 fi
1295 732 1360 770 ille
1379 729 1526 773 histrio,
1557 725 1730 780 quotidie

330 829 425 853 cum
445 822 583 866 ageret,
615 821 743 850 tamen
778 809 876 846 reete
895 817 1001 857 agere
1023 804 1098 841 fine
1119 801 1248 839 dolore
1283 811 1361 836 non
1395 802 1543 848 poterat
1558 811 1570 838 5
1602 791 1696 844 quid
1714 790 1727 827 ?

333 880 544 919 Pacuvium
565 876 706 930 putatis
727 875 766 912 in
788 871 986 911 scribendo
1003 869 1082 906 leni
1098 867 1228 904 animo
1245 877 1286 901 ac
1308 860 1456 900 remisso
1473 857 1607 897 fuiffe?
1638 857 1729 895 Fie-

333 946 365 984 ri
385 944 494 983 nullo
514 943 631 982 modo
651 940 791 994 potuit.
835 939 938 989 Saepe
957 934 1063 972 enim
1088 931 1230 975 audivi,
1261 937 1415 982 poetam
1435 925 1583 963 bonum
1604 921 1730 961 nemi-

334 1024 423 1050 nem
456 1010 512 1061 (id
546 1008 652 1060 quod
681 1021 701 1044 a
720 1003 948 1045 Democrito
977 1010 1016 1038 et
1047 999 1206 1038 Platone
1234 996 1274 1033 in
1296 992 1442 1046 scriptis
1464 990 1642 1028 relietum
1660 987 1732 1024 effe

335 1076 487 1126 dicunt)
520 1074 595 1112 fine
614 1070 916 1110 inflammatione
935 1066 1155 1105 animorum
1175 1061 1330 1101 existere
1350 1056 1463 1112 posse,
1481 1065 1518 1094 et
1537 1055 1612 1093 fine
1633 1065 1732 1105 quo-

336 1142 425 1180 dam
445 1139 575 1178 afflatu
595 1137 697 1191 quasi
717 1136 870 1174 furoris.

391 1207 562 1247 XLVII.
595 1206 723 1255 Qare
749 1202 868 1241 nolite
898 1198 1112 1238 existimare
1139 1193 1344 1247 meipsum,
1375 1189 1442 1242 qui
1464 1202 1541 1227 non
1570 1185 1735 1225 heroum

337 1283 478 1312 veteres
499 1271 616 1315 casus,
634 1268 814 1321 fierosque
835 1266 974 1309 luftus,
991 1262 1131 1301 vellem
1146 1259 1289 1298 imitari
1309 1267 1422 1308 atque
1437 1253 1660 1292 adumbrare
1672 1250 1733 1288 di·-

339 1340 460 1379 cendo
477 1357 488 1383 ;
520 1350 642 1389 neque
662 1337 765 1373 affor
791 1333 904 1371 essem
922 1331 1051 1368 alienae
1067 1327 1246 1380 personae,
1278 1323 1338 1361 sed
1355 1323 1484 1359 austor
1503 1332 1611 1362 meae,
1642 1329 1735 1354 cum

340 1405 439 1445 mihi
460 1405 535 1443 M'.
559 1401 741 1454 Aquilius
762 1401 803 1437 in
822 1398 975 1437 civitate
996 1393 1214 1432 retinendus
1235 1389 1335 1433 effer,
1367 1400 1450 1439 quae
1485 1386 1525 1422 in
1545 1383 1611 1421 illa
1629 1380 1737 1420 causa

340 1470 547 1526 peroranda
575 1468 747 1511 fecerim,
779 1466 855 1503 fine
886 1475 1027 1514 magno
1057 1459 1187 1497 dolore
1207 1454 1345 1494 fecifi‘e.
1391 1454 1522 1502 Qem
1542 1450 1648 1487 enim
1667 1459 1739 1499 ego

342 1536 557 1576 Consulem
572 1533 694 1577 suiffe,
717 1534 984 1584 imperatorem
1004 1534 1182 1564 ornatum
1202 1536 1222 1560 a
1241 1521 1383 1563 senatu,
1405 1525 1583 1555 ovantem
1603 1515 1643 1551 in
1661 1514 1738 1551 Ca-

342 1603 525 1657 pitolium
555 1598 768 1643 ascendisse,
791 1592 1063 1636 meminissem,
1085 1590 1190 1628 hunc
1214 1601 1306 1626 cum
1327 1584 1527 1626 afflismm,
1559 1579 1738 1618 debilita-

343 1680 444 1715 tum,
489 1676 731 1710 moerentem,
763 1665 803 1702 in
836 1662 1035 1700 summum
1076 1657 1280 1695 discrimen
1313 1652 1523 1690 addufrum
1555 1647 1738 1689 viderem,

346 1749 422 1774 non
444 1735 548 1787 prius
583 1733 666 1770 sum
699 1738 857 1768 conatus
887 1723 1187 1765 misericordiam
1221 1720 1304 1758 aliis
1334 1726 1591 1758 commovere,
1623 1723 1741 1764 quam

345 1799 600 1840 misericordia
615 1798 699 1835 sum
718 1795 795 1848 ipse
816 1803 962 1846 captus.
986 1789 1086 1828 Senfi
1102 1787 1282 1838 equidem
1303 1794 1387 1822 tum
1402 1790 1632 1833 magnopere
1652 1790 1741 1815 mo-

346 1868 423 1905 veri
439 1866 602 1918 judices,
624 1876 715 1901 cum
735 1859 897 1899 excitavi
917 1855 1099 1895 moestum
1119 1867 1161 1890 ac
1179 1850 1412 1889 sordidatum
1434 1847 1573 1889 senem,
1595 1854 1633 1881 et
1650 1855 1744 1880 cum

346 1933 413 1972 ista
446 1930 533 1975 feci,
565 1943 650 1981 quae
683 1937 739 1971 tu,
772 1923 909 1968 Crasse,
940 1921 1083 1964 laudas,
1115 1932 1191 1956 non
1212 1926 1302 1960 arte,
1333 1914 1379 1951 de
1400 1925 1475 1966 qua
1495 1910 1588 1962 quid
1610 1910 1744 1960 loquar

347 1999 486 2042 nescio,
517 1996 578 2035 sed
610 2004 724 2033 motu
741 2005 880 2044 magno
900 1988 1019 2027 animi
1040 2000 1081 2024 ac
1112 1984 1255 2028 dolore,
1289 1990 1334 2019 ut
1366 1977 1617 2017 discinderem
1638 1974 1744 2012 tuni-

348 2079 448 2109 cam,
480 2073 523 2101 ut
555 2061 749 2100 cicatrices
769 2056 1006 2096 ostenderem
1025 2072 1036 2098 ;
1068 2065 1159 2090 curn
1181 2051 1229 2088 C.
1253 2047 1402 2086 Marius
1434 2054 1641 2082 moerorem
1660 2053 1743 2077 ora-

350 2130 464 2169 tionis
494 2142 586 2167 meae
616 2125 773 2180 praesens
794 2137 835 2161 ac
863 2122 991 2160 sedens
1023 2118 1196 2157 multum
1225 2112 1403 2164 lacrymis
1424 2110 1497 2148 suis
1528 2108 1744 2158 adjuvaret,

350 2208 518 2247 cumque
555 2207 625 2246 ego
656 2192 770 2229 illum
800 2189 932 2227 crebro
967 2185 1175 2239 appellans,
1206 2180 1395 2231 collegam
1428 2176 1463 2213 ei
1492 2175 1605 2212 suum
1634 2184 1745 2209 com-

353 2260 588 2303 mendarem,
625 2268 738 2309 atque
766 2255 891 2308 ipsum
926 2252 1154 2290 advocatum
1186 2247 1231 2284 ad
1258 2255 1511 2283 communem
1539 2241 1745 2291 imperato-

354 2340 440 2365 rum
461 2325 655 2363 fortunam
675 2320 955 2360 defendendam
976 2319 1207 2355 invocarem.
1239 2311 1333 2350 Non
1352 2308 1427 2346 fuit
1447 2306 1528 2344 haec
1549 2305 1624 2342 fine
1651 2300 1747 2340 meis

354 2391 546 2442 lacrymis,
577 2402 655 2426 non
688 2386 764 2424 fine
797 2385 927 2422 dolore
953 2394 1108 2434 magno,
1145 2376 1348 2419 miseratio,
1378 2372 1633 2421 omniumque
1654 2366 1745 2404 deo-

355 2470 456 2502 rum,
486 2465 522 2494 et
542 2453 766 2497 hominum,
795 2460 833 2489 et
852 2450 1011 2494 civium,
1043 2456 1079 2484 et
1099 2444 1291 2483 sociorum
1309 2437 1543 2492 imploratio.
1594 2431 1746 2483 Qibus
