2176 2912
416 171 494 208 244
769 159 884 198 DE
962 141 1469 198 oRAT'ORE

408 250 483 288 'nisi
509 250 587 304 ipsa
618 250 818 297 insulfitas,
848 252 1025 290 rideatur.
1086 253 1216 304 Qare
1235 250 1335 290 mihi
1356 251 1514 304 quidem
1534 251 1644 290 nullo
1662 252 1812 292 videtur

415 317 532 355 modo
552 317 723 355 doctrina
742 318 809 356 ista
829 332 884 357 res
903 318 1003 371 poffe
1030 318 1139 356 tradi.
1190 319 1350 358 Etenim
1369 330 1463 357 cum
1489 318 1567 357 duo
1585 332 1722 372 genera
1740 320 1812 358 smt

413 381 650 427 facetiarum,
673 382 836 421 alterum
856 383 1092 436 aequabiliter
1111 383 1151 421 in
1167 384 1275 422 omni
1295 384 1466 422 sermone
1485 383 1630 430 fusum,
1647 385 1812 423 alterurn

414 457 640 499 peracutum
671 457 708 486 et
740 449 851 486 breve
867 467 879 493 ‚-
923 448 989 486 illa
1022 463 1041 486 a
1071 449 1260 488 veteribus
1292 449 1472 503 superior,
1503 450 1699 495 cavillatio,
1729 449 1811 489 haec

412 513 542 558 altera,
572 514 755 559 dicacitas,
788 514 983 552 nominata
1001 515 1065 552 est.
1118 516 1220 553 Leve
1238 528 1382 553 nomen
1402 514 1519 555 habet
1538 524 1698 569 utraque
1724 529 1781 555 res
1800 531 1810 555 ι
1858 532 1861 534 ·

413 580 557 632 quippe
577 580 657 617 leve
681 580 786 619 enim
808 580 860 618 est
880 589 1007 618 totum
1027 579 1116 624 hoe,
1148 581 1266 618 risum
1286 595 1452 620 movere.

468 646 731 683 Veruntamen
775 646 836 696 (ut
869 646 978 690 dicis,
1018 646 1185 697 Antoni)
1218 647 1391 684 multum
1424 647 1465 685 in
1499 648 1615 686 caufis
1649 648 1812 702 persaepe

390 710 540 763 lepore
570 721 608 748 et
641 710 788 748 facetiis
815 710 950 763 profici
982 711 1074 748 vidi.
1135 711 1206 749 Sed
1237 725 1329 750 cum
1359 712 1402 750 in
1431 712 1500 750 illo
1519 726 1655 765 genere
1674 727 1811 766 perpe-

411 785 485 815 tuae
504 776 718 814 festivitatis
735 789 792 814 ars
813 790 891 814 non
911 776 1153 821 defideretur,
1187 777 1338 829 (natura
1357 779 1463 816 enim
1483 778 1597 831 fingit
1616 778 1810 825 homines,

408 850 447 880 et
480 852 581 880 creat
614 843 825 882 imitatores
860 851 898 880 et
936 851 1144 881 narratores
1175 842 1333 889 facetos,
1377 853 1416 882 et
1448 845 1560 883 vultu
1593 846 1810 898 adjuvante,

409 918 448 946 et
479 922 586 954 voce,
618 918 656 946 et
687 909 766 962 ipso
796 922 935 962 genere
968 909 1169 962 sermonis)
1202 919 1288 948 tum
1318 923 1408 949 vero
1438 911 1478 948 in
1501 910 1577 949 hoc
1597 911 1715 951 altero
1748 913 1810 951 di·-

408 975 594 1020 cacitatis,
639 976 734 1027 quid
763 975 879 1014 habet
904 989 961 1014 ars
998 976 1087 1021 loci,
1130 989 1222 1015 cum
1252 986 1339 1016 ante
1376 978 1475 1016 illud
1509 977 1630 1016 facete
1661 978 1811 1017 dietum

408 1040 589 1079 emiffum
612 1039 752 1079 haerere
772 1041 919 1086 debeat,
952 1055 1070 1094 quam
1091 1042 1251 1095 cogitari
1278 1043 1439 1095 potuiffe
1467 1043 1669 1081 videatur?
1702 1043 1811 1096 Qid

408 1106 516 1144 enim
547 1105 612 1145 hic
644 1120 753 1145 meus
784 1106 899 1145 frater
917 1107 964 1145 ab
985 1116 1061 1145 arte
1091 1107 1259 1159 adjuvari
1284 1108 1426 1160 potuit,
1457 1121 1549 1146 cum
1580 1121 1600 1146 a
1630 1107 1816 1162 Philippo

407 1171 675 1225 interrogatus,
707 1173 802 1225 quid
822 1173 986 1218 latraret,
1017 1174 1152 1212 Furem
1167 1175 1213 1226 st
1234 1173 1356 1212 videre
1374 1173 1598 1226 respondit?
1631 1174 1739 1226 Qid
1768 1174 1811 1212 in

407 1238 519 1276 omni
538 1239 709 1277 oratione
731 1238 894 1283 Crassus,
928 1239 987 1276 vel
1019 1239 1120 1291 apud
1140 1239 1411 1278 Centumviros
1432 1249 1565 1278 contra
1585 1240 1808 1286 Scaevolam,

405 1303 466 1341 vel
498 1313 629 1342 contra
661 1304 916 1342 accusatorem
937 1305 1118 1350 Brutum,
1149 1319 1242 1343 cum
1273 1320 1343 1359 pro
1364 1307 1439 1345 Cn.
1463 1307 1606 1345 Planco
1632 1306 1806 1345 diceret?

389 1369 513 1408 .Nam
534 1370 587 1416 id,
606 1370 711 1422 quod
732 1379 773 1408 tu
799 1369 898 1408 mihi
920 1371 1072 1417 tribuis,
1094 1372 1257 1417 Antoni,
1281 1372 1411 1411 Craffo
1431 1372 1498 1417 est,
1520 1372 1701 1411 omnium
1722 1371 1806 1410 sen-

405 1436 538 1481 tentia,
583 1436 889 1474 concedendum.
950 1437 1043 1474 Non
1083 1437 1190 1475 enim
1227 1437 1305 1476 fere
1342 1438 1546 1490 quisquam
1585 1438 1805 1490 reperietur,

390 1510 540 1553 ,praeter
571 1500 692 1546 hunc,
722 1502 763 1539 in
795 1511 957 1553 utroque
978 1516 1114 1554 genere
1134 1503 1272 1555 leporis
1304 1504 1508 1549 excellens,
1539 1512 1576 1542 et
1596 1504 1680 1549 illo,
1702 1504 1807 1556 quod

404 1566 446 1605 in
477 1567 729 1620 perpetuitate
749 1566 946 1612 sermonis,
977 1577 1014 1605 et
1044 1567 1134 1612 hoc,
1165 1569 1269 1620 quod
1289 1569 1328 1607 in
1349 1570 1554 1614 celeritate,
1586 1579 1700 1622 atque
1720 1570 1805 1608 dic-

404 1640 446 1672 to
465 1633 530 1672 est.
591 1634 697 1672 Nam
722 1631 805 1671 haec
836 1642 1017 1686 perpetua
1050 1643 1182 1672 contra
1213 1636 1419 1674 Scaevolam
1442 1637 1610 1674 Curiana
1639 1636 1808 1675 defenfio

403 1708 485 1738 tota
505 1700 730 1739 redundavit
750 1699 941 1738 hilaritate
972 1701 1137 1752 quadam
1159 1710 1195 1739 et
1215 1703 1307 1754 joco
1323 1721 1334 1747 ς
1366 1703 1466 1740 dicta
1494 1703 1560 1741 illa
1580 1703 1709 1741 brevia
1729 1717 1806 1742 non

402 1765 554 1806 habuit.
615 1767 797 1805 Parcebat
816 1767 921 1805 enim
941 1767 1135 1805 adversarii
1156 1768 1349 1820 dignitati,
1372 1769 1413 1806 in
1443 1782 1522 1821 quo
1542 1769 1619 1821 ipse
1639 1769 1806 1807 servabat

403 1832 534 1877 suam;
577 1832 681 1884 quod
712 1832 763 1870 est
792 1831 1018 1871 hominibus
1049 1832 1181 1871 facetis
1211 1843 1249 1872 et
1280 1834 1474 1873 dicacibus
1506 1835 1803 1881 difficillimum,

401 1896 543 1936 habere
573 1896 783 1944 hominum
817 1899 1004 1937 rationem
1035 1907 1072 1936 et
1094 1908 1329 1952 temporum,
1360 1910 1398 1938 et
1421 1914 1463 1937 ea
1483 1914 1567 1952 quae
1587 1910 1802 1945 occurrant,

402 1976 495 2001 cum
516 1962 702 2003 falfiffime
733 1964 810 2002 dici
834 1964 987 2017 poffint,
1019 1973 1159 2003 tenere.
1192 1966 1326 2017 Itaque
1347 1965 1525 2003 nonnulli
1544 1966 1698 2006 ridiculi
1728 1964 1802 2003 ho-

402 2028 526 2066 mines
547 2028 622 2067 hoc
652 2029 778 2082 ipsum
800 2043 877 2068 non
898 2029 1035 2068 insulse
1055 2030 1366 2082 interpretantur.
1412 2031 1553 2068 Dicere
1570 2031 1675 2068 enim
1696 2031 1803 2069 aiunt

402 2094 594 2139 Ennium,
612 2096 798 2148 flammam
817 2111 840 2134 a
851 2097 1018 2148 stzpiente
1031 2096 1185 2148 *fhcilizcs
1204 2111 1262 2134 ore
1281 2097 1317 2134 in
1336 2096 1484 2134 ardente
1504 2097 1666 2148 opprimi,
1698 2111 1803 2149 quam

384 2159 490 2198 vbona
508 2160 604 2199 Ᾰίἑῖιι
624 2170 741 2199 teneat
757 2177 770 2199 .·
802 2160 882 2199 haec
903 2161 1048 2198 scilicet
1068 2161 1168 2199 bona
1188 2161 1298 2206 dieta,
1322 2176 1405 2214 quae
1425 2162 1512 2200 salsa
1532 2162 1626 2200 sint:
1651 2176 1740 2200 nam
1760 2177 1802 2200 ea

399 2224 496 2264 daria
514 2225 751 2278 appellantur
770 2226 1018 2278 propriojam
1039 2227 1211 2265 nomine.

456 2292 544 2330 LV.
569 2291 639 2329 Sed
660 2300 701 2329 ut
722 2293 761 2329 in
783 2292 989 2330 Scaevolam
1010 2293 1203 2331 continuit
1223 2306 1264 2330 ea
1285 2293 1447 2338 Craffus,
1466 2302 1579 2346 atque
1599 2294 1666 2332 illo
1683 2294 1803 2333 altero

402 2370 552 2409 genere,
574 2358 612 2395 in
634 2372 712 2410 quo
733 2358 830 2396 nulli
851 2358 972 2396 aculei
992 2359 1317 2397 contumeliarum
1339 2361 1499 2405 inerant,
1521 2361 1671 2398 causam
1691 2361 1801 2399 illam

400 2424 776 2477 disputationemque
808 2424 921 2470 lusit,
954 2425 1003 2463 fic
1034 2426 1074 2463 in
1096 2427 1275 2472 Brutum,
1307 2440 1425 2478 quem
1452 2427 1594 2472 oderat,
1625 2436 1662 2465 et
1683 2441 1800 2479 quem

382 2519 383 2522 η
402 2490 566 2543 dignum
587 2490 823 2530 contumelia
838 2491 1050 2543 judicabat,
1083 2501 1245 2546 utroque
1264 2506 1401 2546 genere
1420 2493 1619 2547 pugnavit.
1711 2505 1802 2531 uam
