<?xml version="1.0" encoding="UTF-8"?>
<!DOCTYPE html PUBLIC "-//W3C//DTD XHTML 1.0 Transitional//EN"
    "http://www.w3.org/TR/xhtml1/DTD/xhtml1-transitional.dtd">
<html xmlns="http://www.w3.org/1999/xhtml" xml:lang="en" lang="en">
 <head>
  <title>
</title>
<meta http-equiv="Content-Type" content="text/html;charset=utf-8" />
  <meta name='ocr-system' content='tesseract 3.04.00' />
  <meta name='ocr-capabilities' content='ocr_page ocr_carea ocr_par ocr_line ocrx_word'/>
</head>
<body>
  <div class='ocr_page' id='page_1' title='image "./operacumindicibu01ciceuoft_0325.png"; bbox 0 0 2176 2912; ppageno 0'>
   <div class='ocr_carea' id='block_1_1' title="bbox 577 208 1717 267">
    <p class='ocr_par' dir='ltr' id='par_1_1' title="bbox 577 208 1717 267">
     <span class='ocr_line' id='line_1_1' title="bbox 577 208 1717 267; baseline 0.004 -19"><span class='ocrx_word' id='word_1_1' title='bbox 577 209 896 248; x_wconf 88' lang='lat' dir='ltr'>LIBER</span> <span class='ocrx_word' id='word_1_2' title='bbox 971 208 1454 248; x_wconf 74' lang='lat' dir='ltr'><strong>TERTIUS.</strong></span> <span class='ocrx_word' id='word_1_3' title='bbox 1642 226 1717 267; x_wconf 79' lang='lat'>315</span> 
     </span>
    </p>
   </div>
   <div class='ocr_carea' id='block_1_2' title="bbox 312 301 1727 2550">
    <p class='ocr_par' dir='ltr' id='par_1_2' title="bbox 316 301 1720 620">
     <span class='ocr_line' id='line_1_2' title="bbox 318 301 1720 354; baseline 0.003 -14"><span class='ocrx_word' id='word_1_4' title='bbox 318 303 385 341; x_wconf 82' lang='lat' dir='ltr'>illa</span> <span class='ocrx_word' id='word_1_5' title='bbox 402 301 532 340; x_wconf 89' lang='lat' dir='ltr'>omnia</span> <span class='ocrx_word' id='word_1_6' title='bbox 550 314 717 345; x_wconf 86' lang='lat' dir='ltr'>cernere,</span> <span class='ocrx_word' id='word_1_7' title='bbox 749 303 818 354; x_wconf 89' lang='lat' dir='ltr'>qui</span> <span class='ocrx_word' id='word_1_8' title='bbox 839 301 1112 339; x_wconf 84' lang='lat' dir='ltr'>tantummodo</span> <span class='ocrx_word' id='word_1_9' title='bbox 1132 301 1317 354; x_wconf 78' lang='lat' dir='ltr'>aspexerit</span> <span class='ocrx_word' id='word_1_10' title='bbox 1334 316 1343 340; x_wconf 90' lang='lat'><strong>:</strong></span> <span class='ocrx_word' id='word_1_11' title='bbox 1377 302 1450 347; x_wconf 92' lang='lat' dir='ltr'>sed,</span> <span class='ocrx_word' id='word_1_12' title='bbox 1485 304 1601 343; x_wconf 86' lang='lat' dir='ltr'>etiam</span> <span class='ocrx_word' id='word_1_13' title='bbox 1622 305 1648 343; x_wconf 87' lang='lat' dir='ltr'>fi</span> <span class='ocrx_word' id='word_1_14' title='bbox 1669 306 1720 344; x_wconf 89' lang='lat' dir='ltr'>est</span> 
     </span>
     <span class='ocr_line' id='line_1_3' title="bbox 318 366 1718 421; baseline 0.002 -15"><span class='ocrx_word' id='word_1_15' title='bbox 318 368 515 420; x_wconf 90' lang='lat' dir='ltr'>aliquanto</span> <span class='ocrx_word' id='word_1_16' title='bbox 535 366 694 420; x_wconf 84' lang='lat' dir='ltr'>spiffius,</span> <span class='ocrx_word' id='word_1_17' title='bbox 709 376 774 404; x_wconf 88' lang='lat' dir='ltr'>aut</span> <span class='ocrx_word' id='word_1_18' title='bbox 794 367 819 404; x_wconf 89' lang='lat' dir='ltr'>fi</span> <span class='ocrx_word' id='word_1_19' title='bbox 840 380 912 420; x_wconf 87' lang='lat' dir='ltr'>ego</span> <span class='ocrx_word' id='word_1_20' title='bbox 932 366 1016 404; x_wconf 89' lang='lat' dir='ltr'>sum</span> <span class='ocrx_word' id='word_1_21' title='bbox 1034 367 1187 412; x_wconf 82' lang='lat' dir='ltr'>tardior,</span> <span class='ocrx_word' id='word_1_22' title='bbox 1211 366 1383 420; x_wconf 63' lang='lat' dir='ltr'>profecto</span> <span class='ocrx_word' id='word_1_23' title='bbox 1404 382 1602 421; x_wconf 87' lang='lat' dir='ltr'>nunquam</span> <span class='ocrx_word' id='word_1_24' title='bbox 1622 384 1718 409; x_wconf 63' lang='lat' dir='ltr'>con-</span> 
     </span>
     <span class='ocr_line' id='line_1_4' title="bbox 318 433 1719 488; baseline 0.003 -17"><span class='ocrx_word' id='word_1_25' title='bbox 318 433 525 486; x_wconf 86' lang='lat' dir='ltr'>quiescam,</span> <span class='ocrx_word' id='word_1_26' title='bbox 557 447 682 486; x_wconf 88' lang='lat' dir='ltr'>neque</span> <span class='ocrx_word' id='word_1_27' title='bbox 713 433 950 486; x_wconf 84' lang='lat' dir='ltr'>defatigabor</span> <span class='ocrx_word' id='word_1_28' title='bbox 969 442 1070 478; x_wconf 84' lang='lat' dir='ltr'>ante,</span> <span class='ocrx_word' id='word_1_29' title='bbox 1102 448 1220 487; x_wconf 90' lang='lat' dir='ltr'>quam</span> <span class='ocrx_word' id='word_1_30' title='bbox 1241 434 1400 474; x_wconf 87' lang='lat' dir='ltr'>illorum</span> <span class='ocrx_word' id='word_1_31' title='bbox 1427 436 1611 488; x_wconf 82' lang='lat' dir='ltr'>ancipites</span> <span class='ocrx_word' id='word_1_32' title='bbox 1641 439 1719 475; x_wconf 77' lang='lat' dir='ltr'>vias</span> 
     </span>
     <span class='ocr_line' id='line_1_5' title="bbox 317 499 1719 556; baseline 0.001 -18"><span class='ocrx_word' id='word_1_33' title='bbox 317 499 568 553; x_wconf 85' lang='lat' dir='ltr'>rationesque,</span> <span class='ocrx_word' id='word_1_34' title='bbox 603 509 641 538; x_wconf 93' lang='lat' dir='ltr'>et</span> <span class='ocrx_word' id='word_1_35' title='bbox 669 514 740 553; x_wconf 90' lang='lat' dir='ltr'>pro</span> <span class='ocrx_word' id='word_1_36' title='bbox 759 500 956 546; x_wconf 84' lang='lat' dir='ltr'>omnibus,</span> <span class='ocrx_word' id='word_1_37' title='bbox 987 510 1025 539; x_wconf 93' lang='lat' dir='ltr'>et</span> <span class='ocrx_word' id='word_1_38' title='bbox 1045 510 1178 539; x_wconf 87' lang='lat' dir='ltr'>contra</span> <span class='ocrx_word' id='word_1_39' title='bbox 1208 501 1340 539; x_wconf 87' lang='lat' dir='ltr'>omnia</span> <span class='ocrx_word' id='word_1_40' title='bbox 1369 501 1602 554; x_wconf 86' lang='lat' dir='ltr'>disputandi,</span> <span class='ocrx_word' id='word_1_41' title='bbox 1633 516 1719 556; x_wconf 73' lang='lat' dir='ltr'>per-</span> 
     </span>
     <span class='ocr_line' id='line_1_6' title="bbox 316 579 465 620; baseline 0.007 -16"><span class='ocrx_word' id='word_1_42' title='bbox 316 579 465 620; x_wconf 88' lang='lat' dir='ltr'>cepero.</span> 
     </span>
    </p>

    <p class='ocr_par' dir='ltr' id='par_1_3' title="bbox 314 633 1724 1019">
     <span class='ocr_line' id='line_1_7' title="bbox 371 633 1721 686; baseline 0.001 -15"><span class='ocrx_word' id='word_1_43' title='bbox 371 635 483 672; x_wconf 92' lang='lat' dir='ltr'>Tum</span> <span class='ocrx_word' id='word_1_44' title='bbox 519 633 653 678; x_wconf 86' lang='lat' dir='ltr'>Caesar,</span> <span class='ocrx_word' id='word_1_45' title='bbox 684 647 824 679; x_wconf 87' lang='lat' dir='ltr'>unum,</span> <span class='ocrx_word' id='word_1_46' title='bbox 866 633 1006 686; x_wconf 88' lang='lat' dir='ltr'>inquit,</span> <span class='ocrx_word' id='word_1_47' title='bbox 1048 648 1111 672; x_wconf 90' lang='lat' dir='ltr'>me</span> <span class='ocrx_word' id='word_1_48' title='bbox 1143 647 1189 672; x_wconf 80' lang='lat' dir='ltr'>ex</span> <span class='ocrx_word' id='word_1_49' title='bbox 1224 643 1291 672; x_wconf 87' lang='lat' dir='ltr'>tuo</span> <span class='ocrx_word' id='word_1_50' title='bbox 1330 633 1502 672; x_wconf 88' lang='lat' dir='ltr'>sermone</span> <span class='ocrx_word' id='word_1_51' title='bbox 1535 634 1721 679; x_wconf 83' lang='lat' dir='ltr'>maxime,</span> 
     </span>
     <span class='ocr_line' id='line_1_8' title="bbox 318 699 1723 753; baseline 0.001 -15"><span class='ocrx_word' id='word_1_52' title='bbox 318 699 457 745; x_wconf 83' lang='lat' dir='ltr'>Craffe,</span> <span class='ocrx_word' id='word_1_53' title='bbox 492 701 722 745; x_wconf 89' lang='lat' dir='ltr'>commovit,</span> <span class='ocrx_word' id='word_1_54' title='bbox 752 699 859 752; x_wconf 90' lang='lat' dir='ltr'>quod</span> <span class='ocrx_word' id='word_1_55' title='bbox 889 713 979 738; x_wconf 87' lang='lat' dir='ltr'>eum</span> <span class='ocrx_word' id='word_1_56' title='bbox 1010 699 1166 752; x_wconf 85' lang='lat' dir='ltr'>negasti,</span> <span class='ocrx_word' id='word_1_57' title='bbox 1199 701 1267 752; x_wconf 86' lang='lat' dir='ltr'>qui</span> <span class='ocrx_word' id='word_1_58' title='bbox 1297 714 1375 738; x_wconf 89' lang='lat' dir='ltr'>non</span> <span class='ocrx_word' id='word_1_59' title='bbox 1396 699 1477 739; x_wconf 88' lang='lat' dir='ltr'>cito</span> <span class='ocrx_word' id='word_1_60' title='bbox 1497 700 1593 753; x_wconf 91' lang='lat' dir='ltr'>quid</span> <span class='ocrx_word' id='word_1_61' title='bbox 1620 700 1723 739; x_wconf 80' lang='lat' dir='ltr'>didi-</span> 
     </span>
     <span class='ocr_line' id='line_1_9' title="bbox 317 765 1723 820; baseline 0.001 -16"><span class='ocrx_word' id='word_1_62' title='bbox 317 765 435 811; x_wconf 80' lang='lat' dir='ltr'>ciffet,</span> <span class='ocrx_word' id='word_1_63' title='bbox 459 781 631 820; x_wconf 86' lang='lat' dir='ltr'>unquam</span> <span class='ocrx_word' id='word_1_64' title='bbox 647 767 810 805; x_wconf 89' lang='lat' dir='ltr'>omnino</span> <span class='ocrx_word' id='word_1_65' title='bbox 829 766 931 819; x_wconf 83' lang='lat' dir='ltr'>posse</span> <span class='ocrx_word' id='word_1_66' title='bbox 950 766 1157 820; x_wconf 86' lang='lat' dir='ltr'>perdiscere</span> <span class='ocrx_word' id='word_1_67' title='bbox 1176 782 1184 805; x_wconf 90' lang='lat'>:</span> <span class='ocrx_word' id='word_1_68' title='bbox 1218 776 1261 804; x_wconf 90' lang='lat' dir='ltr'>ut</span> <span class='ocrx_word' id='word_1_69' title='bbox 1280 765 1381 804; x_wconf 80' lang='lat' dir='ltr'>mihi</span> <span class='ocrx_word' id='word_1_70' title='bbox 1401 780 1479 805; x_wconf 90' lang='lat' dir='ltr'>non</span> <span class='ocrx_word' id='word_1_71' title='bbox 1499 766 1545 805; x_wconf 89' lang='lat' dir='ltr'>fit</span> <span class='ocrx_word' id='word_1_72' title='bbox 1564 767 1723 806; x_wconf 87' lang='lat' dir='ltr'>difficile</span> 
     </span>
     <span class='ocr_line' id='line_1_10' title="bbox 316 833 1723 886; baseline 0.002 -16"><span class='ocrx_word' id='word_1_73' title='bbox 316 833 538 885; x_wconf 87' lang='lat' dir='ltr'>periclitari,</span> <span class='ocrx_word' id='word_1_74' title='bbox 560 842 598 872; x_wconf 87' lang='lat' dir='ltr'>et</span> <span class='ocrx_word' id='word_1_75' title='bbox 617 842 682 872; x_wconf 90' lang='lat' dir='ltr'>aut</span> <span class='ocrx_word' id='word_1_76' title='bbox 713 833 840 871; x_wconf 85' lang='lat' dir='ltr'>statim</span> <span class='ocrx_word' id='word_1_77' title='bbox 859 834 1052 886; x_wconf 88' lang='lat' dir='ltr'>percipere</span> <span class='ocrx_word' id='word_1_78' title='bbox 1074 833 1154 878; x_wconf 83' lang='lat' dir='ltr'>ista,</span> <span class='ocrx_word' id='word_1_79' title='bbox 1189 847 1274 885; x_wconf 82' lang='lat' dir='ltr'>quae</span> <span class='ocrx_word' id='word_1_80' title='bbox 1302 842 1343 871; x_wconf 89' lang='lat' dir='ltr'>tu</span> <span class='ocrx_word' id='word_1_81' title='bbox 1369 833 1494 872; x_wconf 88' lang='lat' dir='ltr'>verbis</span> <span class='ocrx_word' id='word_1_82' title='bbox 1516 833 1562 871; x_wconf 92' lang='lat' dir='ltr'>ad</span> <span class='ocrx_word' id='word_1_83' title='bbox 1582 833 1723 873; x_wconf 74' lang='lat' dir='ltr'>caelum</span> 
     </span>
     <span class='ocr_line' id='line_1_11' title="bbox 316 899 1724 952; baseline 0.001 -15"><span class='ocrx_word' id='word_1_84' title='bbox 316 899 485 937; x_wconf 83' lang='lat' dir='ltr'>extulisti</span> <span class='ocrx_word' id='word_1_85' title='bbox 501 918 513 944; x_wconf 63' lang='grc' dir='ltr'><strong><em>ς</em></strong></span> <span class='ocrx_word' id='word_1_86' title='bbox 536 908 614 944; x_wconf 85' lang='lat' dir='ltr'>aut,</span> <span class='ocrx_word' id='word_1_87' title='bbox 636 899 661 938; x_wconf 90' lang='lat' dir='ltr'>fi</span> <span class='ocrx_word' id='word_1_88' title='bbox 684 913 761 938; x_wconf 89' lang='lat' dir='ltr'>non</span> <span class='ocrx_word' id='word_1_89' title='bbox 782 899 989 951; x_wconf 86' lang='lat' dir='ltr'>potuerim,</span> <span class='ocrx_word' id='word_1_90' title='bbox 1012 908 1165 952; x_wconf 86' lang='lat' dir='ltr'>tempus</span> <span class='ocrx_word' id='word_1_91' title='bbox 1192 912 1268 937; x_wconf 87' lang='lat' dir='ltr'>non</span> <span class='ocrx_word' id='word_1_92' title='bbox 1291 899 1460 952; x_wconf 88' lang='lat' dir='ltr'>perdere,</span> <span class='ocrx_word' id='word_1_93' title='bbox 1479 913 1573 938; x_wconf 89' lang='lat' dir='ltr'>cum</span> <span class='ocrx_word' id='word_1_94' title='bbox 1593 908 1724 938; x_wconf 82' lang='lat' dir='ltr'>tamen</span> 
     </span>
     <span class='ocr_line' id='line_1_12' title="bbox 314 964 1018 1019; baseline -0.001 -15"><span class='ocrx_word' id='word_1_95' title='bbox 314 964 376 1004; x_wconf 87' lang='lat' dir='ltr'>his</span> <span class='ocrx_word' id='word_1_96' title='bbox 396 966 530 1004; x_wconf 86' lang='lat' dir='ltr'>nostris</span> <span class='ocrx_word' id='word_1_97' title='bbox 551 965 689 1019; x_wconf 87' lang='lat' dir='ltr'>poffim</span> <span class='ocrx_word' id='word_1_98' title='bbox 708 965 780 1004; x_wconf 84' lang='lat' dir='ltr'>effe</span> <span class='ocrx_word' id='word_1_99' title='bbox 799 974 1018 1004; x_wconf 83' lang='lat' dir='ltr'>contentus.</span> 
     </span>
    </p>

    <p class='ocr_par' dir='ltr' id='par_1_4' title="bbox 312 1032 1726 1802">
     <span class='ocr_line' id='line_1_13' title="bbox 372 1032 1726 1085; baseline 0 -14"><span class='ocrx_word' id='word_1_100' title='bbox 372 1033 453 1071; x_wconf 90' lang='lat' dir='ltr'>Hic</span> <span class='ocrx_word' id='word_1_101' title='bbox 489 1033 696 1085; x_wconf 85' lang='lat' dir='ltr'>Sulpicius,</span> <span class='ocrx_word' id='word_1_102' title='bbox 727 1046 800 1085; x_wconf 88' lang='lat' dir='ltr'>ego</span> <span class='ocrx_word' id='word_1_103' title='bbox 821 1045 922 1078; x_wconf 91' lang='lat' dir='ltr'>vero,</span> <span class='ocrx_word' id='word_1_104' title='bbox 959 1033 1101 1085; x_wconf 88' lang='lat' dir='ltr'>inquit,</span> <span class='ocrx_word' id='word_1_105' title='bbox 1145 1032 1284 1077; x_wconf 84' lang='lat' dir='ltr'>Craffe,</span> <span class='ocrx_word' id='word_1_106' title='bbox 1317 1045 1441 1085; x_wconf 86' lang='lat' dir='ltr'>neque</span> <span class='ocrx_word' id='word_1_107' title='bbox 1476 1032 1726 1072; x_wconf 82' lang='lat' dir='ltr'>Aristotelem</span> 
     </span>
     <span class='ocr_line' id='line_1_14' title="bbox 316 1098 1724 1152; baseline 0.001 -15"><span class='ocrx_word' id='word_1_108' title='bbox 316 1098 448 1143; x_wconf 85' lang='lat' dir='ltr'>istum,</span> <span class='ocrx_word' id='word_1_109' title='bbox 470 1112 596 1151; x_wconf 89' lang='lat' dir='ltr'>neque</span> <span class='ocrx_word' id='word_1_110' title='bbox 617 1099 868 1144; x_wconf 83' lang='lat' dir='ltr'>Carneadem,</span> <span class='ocrx_word' id='word_1_111' title='bbox 905 1112 975 1137; x_wconf 91' lang='lat' dir='ltr'>nec</span> <span class='ocrx_word' id='word_1_112' title='bbox 1002 1098 1328 1152; x_wconf 85' lang='lat' dir='ltr'>Philosophorum</span> <span class='ocrx_word' id='word_1_113' title='bbox 1349 1112 1604 1152; x_wconf 83' lang='lat' dir='ltr'>quemquam,</span> <span class='ocrx_word' id='word_1_114' title='bbox 1625 1099 1724 1138; x_wconf 88' lang='lat' dir='ltr'>defi-</span> 
     </span>
     <span class='ocr_line' id='line_1_15' title="bbox 312 1164 1724 1219; baseline 0.001 -16"><span class='ocrx_word' id='word_1_115' title='bbox 312 1165 409 1203; x_wconf 77' lang='lat' dir='ltr'>dero</span> <span class='ocrx_word' id='word_1_116' title='bbox 428 1179 436 1202; x_wconf 94' lang='lat'>:</span> <span class='ocrx_word' id='word_1_117' title='bbox 468 1165 528 1203; x_wconf 91' lang='lat' dir='ltr'>vel</span> <span class='ocrx_word' id='word_1_118' title='bbox 550 1178 613 1203; x_wconf 90' lang='lat' dir='ltr'>me</span> <span class='ocrx_word' id='word_1_119' title='bbox 634 1165 725 1203; x_wconf 92' lang='lat' dir='ltr'>licet</span> <span class='ocrx_word' id='word_1_120' title='bbox 744 1165 936 1203; x_wconf 84' lang='lat' dir='ltr'>existimes</span> <span class='ocrx_word' id='word_1_121' title='bbox 958 1165 1150 1218; x_wconf 88' lang='lat' dir='ltr'>desperare</span> <span class='ocrx_word' id='word_1_122' title='bbox 1180 1165 1283 1219; x_wconf 81' lang='lat' dir='ltr'>poffe</span> <span class='ocrx_word' id='word_1_123' title='bbox 1307 1165 1373 1203; x_wconf 86' lang='lat' dir='ltr'>ista</span> <span class='ocrx_word' id='word_1_124' title='bbox 1394 1164 1618 1218; x_wconf 87' lang='lat' dir='ltr'>perdiscere,</span> <span class='ocrx_word' id='word_1_125' title='bbox 1648 1165 1724 1209; x_wconf 88' lang='lat' dir='ltr'>vel,</span> 
     </span>
     <span class='ocr_line' id='line_1_16' title="bbox 317 1231 1724 1285; baseline 0.001 -16"><span class='ocrx_word' id='word_1_126' title='bbox 317 1232 358 1270; x_wconf 87' lang='lat' dir='ltr'>id</span> <span class='ocrx_word' id='word_1_127' title='bbox 377 1232 482 1285; x_wconf 91' lang='lat' dir='ltr'>quod</span> <span class='ocrx_word' id='word_1_128' title='bbox 500 1231 614 1278; x_wconf 88' lang='lat' dir='ltr'>facio,</span> <span class='ocrx_word' id='word_1_129' title='bbox 647 1240 908 1270; x_wconf 85' lang='lat' dir='ltr'>contemnere.</span> <span class='ocrx_word' id='word_1_130' title='bbox 959 1231 1067 1270; x_wconf 90' lang='lat' dir='ltr'>Mihi</span> <span class='ocrx_word' id='word_1_131' title='bbox 1089 1246 1218 1270; x_wconf 90' lang='lat' dir='ltr'>rerum</span> <span class='ocrx_word' id='word_1_132' title='bbox 1238 1231 1460 1277; x_wconf 82' lang='lat' dir='ltr'>forensium,</span> <span class='ocrx_word' id='word_1_133' title='bbox 1483 1241 1521 1271; x_wconf 87' lang='lat' dir='ltr'>et</span> <span class='ocrx_word' id='word_1_134' title='bbox 1541 1245 1724 1271; x_wconf 76' lang='lat' dir='ltr'>commu-</span> 
     </span>
     <span class='ocr_line' id='line_1_17' title="bbox 320 1297 1723 1352; baseline 0 -16"><span class='ocrx_word' id='word_1_135' title='bbox 320 1299 431 1337; x_wconf 90' lang='lat' dir='ltr'>nium</span> <span class='ocrx_word' id='word_1_136' title='bbox 450 1299 616 1352; x_wconf 87' lang='lat' dir='ltr'>vulgaris</span> <span class='ocrx_word' id='word_1_137' title='bbox 636 1297 719 1337; x_wconf 82' lang='lat' dir='ltr'>haec</span> <span class='ocrx_word' id='word_1_138' title='bbox 739 1298 913 1352; x_wconf 86' lang='lat' dir='ltr'>cognitio</span> <span class='ocrx_word' id='word_1_139' title='bbox 931 1298 1017 1337; x_wconf 83' lang='lat' dir='ltr'>satis</span> <span class='ocrx_word' id='word_1_140' title='bbox 1033 1312 1173 1352; x_wconf 86' lang='lat' dir='ltr'>magna</span> <span class='ocrx_word' id='word_1_141' title='bbox 1187 1298 1239 1337; x_wconf 89' lang='lat' dir='ltr'>est</span> <span class='ocrx_word' id='word_1_142' title='bbox 1259 1299 1304 1336; x_wconf 86' lang='lat' dir='ltr'>ad</span> <span class='ocrx_word' id='word_1_143' title='bbox 1324 1312 1423 1343; x_wconf 88' lang='lat' dir='ltr'>earn,</span> <span class='ocrx_word' id='word_1_144' title='bbox 1445 1312 1564 1351; x_wconf 85' lang='lat' dir='ltr'>quam</span> <span class='ocrx_word' id='word_1_145' title='bbox 1581 1298 1723 1350; x_wconf 65' lang='lat' dir='ltr'>speeto,</span> 
     </span>
     <span class='ocr_line' id='line_1_18' title="bbox 317 1363 1724 1418; baseline 0 -16"><span class='ocrx_word' id='word_1_146' title='bbox 317 1365 579 1418; x_wconf 87' lang='lat' dir='ltr'>eloquentiam</span> <span class='ocrx_word' id='word_1_147' title='bbox 595 1383 607 1409; x_wconf 70' lang='grc' dir='ltr'><strong><em>ς</em></strong></span> <span class='ocrx_word' id='word_1_148' title='bbox 639 1378 687 1403; x_wconf 83' lang='lat' dir='ltr'>ex</span> <span class='ocrx_word' id='word_1_149' title='bbox 702 1379 777 1418; x_wconf 90' lang='lat' dir='ltr'>qua</span> <span class='ocrx_word' id='word_1_150' title='bbox 804 1364 880 1418; x_wconf 86' lang='lat' dir='ltr'>ipsa</span> <span class='ocrx_word' id='word_1_151' title='bbox 901 1373 1030 1402; x_wconf 88' lang='lat' dir='ltr'>tamen</span> <span class='ocrx_word' id='word_1_152' title='bbox 1050 1365 1243 1418; x_wconf 87' lang='lat' dir='ltr'>permulta</span> <span class='ocrx_word' id='word_1_153' title='bbox 1262 1364 1388 1403; x_wconf 89' lang='lat' dir='ltr'>nescio</span> <span class='ocrx_word' id='word_1_154' title='bbox 1407 1379 1415 1402; x_wconf 91' lang='lat'>:</span> <span class='ocrx_word' id='word_1_155' title='bbox 1449 1377 1533 1416; x_wconf 84' lang='lat' dir='ltr'>quae</span> <span class='ocrx_word' id='word_1_156' title='bbox 1550 1372 1635 1402; x_wconf 89' lang='lat' dir='ltr'>turn</span> <span class='ocrx_word' id='word_1_157' title='bbox 1656 1363 1724 1402; x_wconf 74' lang='lat' dir='ltr'>de-</span> 
     </span>
     <span class='ocr_line' id='line_1_19' title="bbox 318 1430 1724 1485; baseline -0.001 -15"><span class='ocrx_word' id='word_1_158' title='bbox 318 1431 451 1485; x_wconf 90' lang='lat' dir='ltr'>nique,</span> <span class='ocrx_word' id='word_1_159' title='bbox 483 1445 576 1470; x_wconf 90' lang='lat' dir='ltr'>cum</span> <span class='ocrx_word' id='word_1_160' title='bbox 598 1431 706 1470; x_wconf 88' lang='lat' dir='ltr'>causa</span> <span class='ocrx_word' id='word_1_161' title='bbox 724 1432 866 1484; x_wconf 88' lang='lat' dir='ltr'>aliqua,</span> <span class='ocrx_word' id='word_1_162' title='bbox 897 1445 982 1484; x_wconf 85' lang='lat' dir='ltr'>quae</span> <span class='ocrx_word' id='word_1_163' title='bbox 1002 1445 1023 1470; x_wconf 89' lang='lat' dir='ltr'>a</span> <span class='ocrx_word' id='word_1_164' title='bbox 1043 1444 1105 1470; x_wconf 92' lang='lat' dir='ltr'>me</span> <span class='ocrx_word' id='word_1_165' title='bbox 1126 1431 1285 1470; x_wconf 89' lang='lat' dir='ltr'>dicenda</span> <span class='ocrx_word' id='word_1_166' title='bbox 1305 1431 1370 1476; x_wconf 89' lang='lat' dir='ltr'>est,</span> <span class='ocrx_word' id='word_1_167' title='bbox 1393 1430 1587 1475; x_wconf 81' lang='lat' dir='ltr'>desiderat,</span> <span class='ocrx_word' id='word_1_168' title='bbox 1617 1444 1724 1483; x_wconf 84' lang='lat' dir='ltr'>quae-</span> 
     </span>
     <span class='ocr_line' id='line_1_20' title="bbox 319 1497 1725 1552; baseline -0.002 -14"><span class='ocrx_word' id='word_1_169' title='bbox 319 1513 374 1539; x_wconf 91' lang='lat' dir='ltr'>ro.</span> <span class='ocrx_word' id='word_1_170' title='bbox 435 1499 718 1552; x_wconf 84' lang='lat' dir='ltr'>Qamobrem,</span> <span class='ocrx_word' id='word_1_171' title='bbox 755 1499 824 1538; x_wconf 90' lang='lat' dir='ltr'>nifi</span> <span class='ocrx_word' id='word_1_172' title='bbox 860 1498 959 1536; x_wconf 90' lang='lat' dir='ltr'>forte</span> <span class='ocrx_word' id='word_1_173' title='bbox 991 1512 1028 1536; x_wconf 88' lang='lat' dir='ltr'>es</span> <span class='ocrx_word' id='word_1_174' title='bbox 1054 1500 1138 1551; x_wconf 85' lang='lat' dir='ltr'>jam</span> <span class='ocrx_word' id='word_1_175' title='bbox 1173 1497 1348 1543; x_wconf 78' lang='lat' dir='ltr'>defessus,</span> <span class='ocrx_word' id='word_1_176' title='bbox 1389 1507 1441 1542; x_wconf 88' lang='lat' dir='ltr'>et,</span> <span class='ocrx_word' id='word_1_177' title='bbox 1484 1498 1509 1536; x_wconf 85' lang='lat' dir='ltr'>sl</span> <span class='ocrx_word' id='word_1_178' title='bbox 1545 1497 1619 1535; x_wconf 90' lang='lat' dir='ltr'>tibi</span> <span class='ocrx_word' id='word_1_179' title='bbox 1647 1510 1725 1536; x_wconf 89' lang='lat' dir='ltr'>non</span> 
     </span>
     <span class='ocr_line' id='line_1_21' title="bbox 316 1563 1726 1619; baseline -0.001 -15"><span class='ocrx_word' id='word_1_180' title='bbox 316 1578 447 1619; x_wconf 88' lang='lat' dir='ltr'>graves</span> <span class='ocrx_word' id='word_1_181' title='bbox 482 1565 627 1610; x_wconf 88' lang='lat' dir='ltr'>sumus,</span> <span class='ocrx_word' id='word_1_182' title='bbox 660 1564 758 1602; x_wconf 90' lang='lat' dir='ltr'>refer</span> <span class='ocrx_word' id='word_1_183' title='bbox 789 1564 836 1602; x_wconf 90' lang='lat' dir='ltr'>ad</span> <span class='ocrx_word' id='word_1_184' title='bbox 860 1563 926 1602; x_wconf 83' lang='lat' dir='ltr'>illa</span> <span class='ocrx_word' id='word_1_185' title='bbox 946 1573 996 1609; x_wconf 91' lang='lat' dir='ltr'>te,</span> <span class='ocrx_word' id='word_1_186' title='bbox 1029 1577 1114 1616; x_wconf 84' lang='lat' dir='ltr'>quae</span> <span class='ocrx_word' id='word_1_187' title='bbox 1134 1563 1180 1602; x_wconf 88' lang='lat' dir='ltr'>ad</span> <span class='ocrx_word' id='word_1_188' title='bbox 1210 1563 1324 1616; x_wconf 82' lang='lat' dir='ltr'>ipsius</span> <span class='ocrx_word' id='word_1_189' title='bbox 1354 1563 1535 1602; x_wconf 81' lang='lat' dir='ltr'>orationis</span> <span class='ocrx_word' id='word_1_190' title='bbox 1570 1563 1726 1602; x_wconf 80' lang='lat' dir='ltr'>laudem</span> 
     </span>
     <span class='ocr_line' id='line_1_22' title="bbox 319 1629 1726 1685; baseline -0.002 -15"><span class='ocrx_word' id='word_1_191' title='bbox 319 1632 638 1685; x_wconf 88' lang='lat' dir='ltr'>splendoremque</span> <span class='ocrx_word' id='word_1_192' title='bbox 672 1631 864 1684; x_wconf 85' lang='lat' dir='ltr'>pertinent</span> <span class='ocrx_word' id='word_1_193' title='bbox 879 1649 891 1676; x_wconf 90' lang='lat'>;</span> <span class='ocrx_word' id='word_1_194' title='bbox 923 1644 1008 1683; x_wconf 66' lang='lat' dir='ltr'>quae</span> <span class='ocrx_word' id='word_1_195' title='bbox 1040 1644 1112 1684; x_wconf 91' lang='lat' dir='ltr'>ego</span> <span class='ocrx_word' id='word_1_196' title='bbox 1142 1644 1188 1668; x_wconf 84' lang='lat' dir='ltr'>ex</span> <span class='ocrx_word' id='word_1_197' title='bbox 1218 1631 1266 1668; x_wconf 74' lang='lat' dir='ltr'>te&#39;</span> <span class='ocrx_word' id='word_1_198' title='bbox 1285 1629 1413 1668; x_wconf 87' lang='lat' dir='ltr'>audire</span> <span class='ocrx_word' id='word_1_199' title='bbox 1428 1629 1552 1674; x_wconf 84' lang='lat' dir='ltr'>volui,</span> <span class='ocrx_word' id='word_1_200' title='bbox 1584 1643 1661 1668; x_wconf 87' lang='lat' dir='ltr'>non</span> <span class='ocrx_word' id='word_1_201' title='bbox 1682 1637 1726 1668; x_wconf 89' lang='lat' dir='ltr'>ut</span> 
     </span>
     <span class='ocr_line' id='line_1_23' title="bbox 319 1694 1724 1750; baseline -0.002 -14"><span class='ocrx_word' id='word_1_202' title='bbox 319 1697 556 1750; x_wconf 87' lang='lat' dir='ltr'>desperarem</span> <span class='ocrx_word' id='word_1_203' title='bbox 577 1710 640 1735; x_wconf 89' lang='lat' dir='ltr'>me</span> <span class='ocrx_word' id='word_1_204' title='bbox 659 1697 920 1750; x_wconf 86' lang='lat' dir='ltr'>eloquentiam</span> <span class='ocrx_word' id='word_1_205' title='bbox 939 1696 1120 1749; x_wconf 91' lang='lat' dir='ltr'>consequi</span> <span class='ocrx_word' id='word_1_206' title='bbox 1141 1695 1254 1749; x_wconf 83' lang='lat' dir='ltr'>poffe,</span> <span class='ocrx_word' id='word_1_207' title='bbox 1284 1695 1345 1734; x_wconf 92' lang='lat' dir='ltr'>sed</span> <span class='ocrx_word' id='word_1_208' title='bbox 1366 1704 1409 1734; x_wconf 88' lang='lat' dir='ltr'>ut</span> <span class='ocrx_word' id='word_1_209' title='bbox 1432 1695 1579 1748; x_wconf 86' lang='lat' dir='ltr'>aliquid</span> <span class='ocrx_word' id='word_1_210' title='bbox 1600 1694 1724 1733; x_wconf 80' lang='lat' dir='ltr'>addis·-</span> 
     </span>
     <span class='ocr_line' id='line_1_24' title="bbox 321 1778 461 1802; baseline -0.007 0"><span class='ocrx_word' id='word_1_211' title='bbox 321 1778 461 1802; x_wconf 89' lang='lat' dir='ltr'>cerem.</span> 
     </span>
    </p>

    <p class='ocr_par' dir='ltr' id='par_1_5' title="bbox 321 1827 1727 2204">
     <span class='ocr_line' id='line_1_25' title="bbox 376 1827 1727 1881; baseline -0.002 -13"><span class='ocrx_word' id='word_1_212' title='bbox 376 1830 589 1868; x_wconf 91' lang='lat' dir='ltr'>XXXVII.</span> <span class='ocrx_word' id='word_1_213' title='bbox 621 1830 731 1867; x_wconf 89' lang='lat' dir='ltr'>Tum</span> <span class='ocrx_word' id='word_1_214' title='bbox 763 1828 927 1874; x_wconf 80' lang='lat' dir='ltr'>Craffus,</span> <span class='ocrx_word' id='word_1_215' title='bbox 958 1828 1196 1881; x_wconf 71' lang='lat' dir='ltr'>pervulgatus</span> <span class='ocrx_word' id='word_1_216' title='bbox 1222 1842 1278 1867; x_wconf 81' lang='lat' dir='ltr'>res</span> <span class='ocrx_word' id='word_1_217' title='bbox 1306 1829 1481 1881; x_wconf 79' lang='lat' dir='ltr'>requiriS,</span> <span class='ocrx_word' id='word_1_218' title='bbox 1513 1827 1656 1880; x_wconf 90' lang='lat' dir='ltr'>inquit,</span> <span class='ocrx_word' id='word_1_219' title='bbox 1688 1837 1727 1866; x_wconf 91' lang='lat' dir='ltr'>et</span> 
     </span>
     <span class='ocr_line' id='line_1_26' title="bbox 321 1894 1725 1948; baseline -0.003 -13"><span class='ocrx_word' id='word_1_220' title='bbox 321 1897 394 1935; x_wconf 87' lang='lat' dir='ltr'>tibi</span> <span class='ocrx_word' id='word_1_221' title='bbox 412 1910 489 1934; x_wconf 89' lang='lat' dir='ltr'>non</span> <span class='ocrx_word' id='word_1_222' title='bbox 511 1896 740 1948; x_wconf 83' lang='lat' dir='ltr'>incognitas,</span> <span class='ocrx_word' id='word_1_223' title='bbox 761 1895 921 1947; x_wconf 84' lang='lat' dir='ltr'>Sulpici.</span> <span class='ocrx_word' id='word_1_224' title='bbox 942 1895 1042 1947; x_wconf 84' lang='lat' dir='ltr'>Qis</span> <span class='ocrx_word' id='word_1_225' title='bbox 1060 1895 1164 1933; x_wconf 87' lang='lat' dir='ltr'>enim</span> <span class='ocrx_word' id='word_1_226' title='bbox 1186 1895 1231 1932; x_wconf 91' lang='lat' dir='ltr'>de</span> <span class='ocrx_word' id='word_1_227' title='bbox 1248 1895 1318 1932; x_wconf 86' lang='lat' dir='ltr'>isto</span> <span class='ocrx_word' id='word_1_228' title='bbox 1330 1908 1466 1947; x_wconf 86' lang='lat' dir='ltr'>genere</span> <span class='ocrx_word' id='word_1_229' title='bbox 1483 1907 1561 1932; x_wconf 90' lang='lat' dir='ltr'>non</span> <span class='ocrx_word' id='word_1_230' title='bbox 1576 1894 1725 1939; x_wconf 88' lang='lat' dir='ltr'>docuit,</span> 
     </span>
     <span class='ocr_line' id='line_1_27' title="bbox 322 1961 1727 2014; baseline -0.002 -14"><span class='ocrx_word' id='word_1_231' title='bbox 322 1977 398 2001; x_wconf 86' lang='lat' dir='ltr'>non</span> <span class='ocrx_word' id='word_1_232' title='bbox 421 1963 599 2007; x_wconf 89' lang='lat' dir='ltr'>instituit,</span> <span class='ocrx_word' id='word_1_233' title='bbox 622 1976 697 1999; x_wconf 89' lang='lat' dir='ltr'>non</span> <span class='ocrx_word' id='word_1_234' title='bbox 718 1962 834 2000; x_wconf 88' lang='lat' dir='ltr'>etiam</span> <span class='ocrx_word' id='word_1_235' title='bbox 854 1961 1041 2014; x_wconf 83' lang='lat' dir='ltr'>scriptum</span> <span class='ocrx_word' id='word_1_236' title='bbox 1058 1961 1214 2013; x_wconf 88' lang='lat' dir='ltr'>reliquit</span> <span class='ocrx_word' id='word_1_237' title='bbox 1233 1961 1245 1999; x_wconf 71' lang='grc' dir='ltr'><strong><em>ἓ</em></strong></span> <span class='ocrx_word' id='word_1_238' title='bbox 1267 1961 1337 1999; x_wconf 85' lang='lat' dir='ltr'>Sed</span> <span class='ocrx_word' id='word_1_239' title='bbox 1354 1974 1485 2012; x_wconf 81' lang='lat' dir='ltr'>geram</span> <span class='ocrx_word' id='word_1_240' title='bbox 1507 1973 1670 2004; x_wconf 89' lang='lat' dir='ltr'>morem,</span> <span class='ocrx_word' id='word_1_241' title='bbox 1689 1968 1727 1997; x_wconf 90' lang='lat' dir='ltr'>et</span> 
     </span>
     <span class='ocr_line' id='line_1_28' title="bbox 322 2025 1726 2081; baseline -0.003 -14"><span class='ocrx_word' id='word_1_242' title='bbox 322 2043 364 2068; x_wconf 94' lang='lat' dir='ltr'>ea</span> <span class='ocrx_word' id='word_1_243' title='bbox 384 2030 581 2073; x_wconf 81' lang='lat' dir='ltr'>duntaxat,</span> <span class='ocrx_word' id='word_1_244' title='bbox 604 2043 688 2081; x_wconf 83' lang='lat' dir='ltr'>quae</span> <span class='ocrx_word' id='word_1_245' title='bbox 707 2027 805 2066; x_wconf 86' lang='lat' dir='ltr'>mihi</span> <span class='ocrx_word' id='word_1_246' title='bbox 825 2037 914 2066; x_wconf 84' lang='lat' dir='ltr'>nota</span> <span class='ocrx_word' id='word_1_247' title='bbox 934 2028 1033 2073; x_wconf 81' lang='lat' dir='ltr'>sunt,</span> <span class='ocrx_word' id='word_1_248' title='bbox 1051 2028 1214 2065; x_wconf 81' lang='lat' dir='ltr'>breviter</span> <span class='ocrx_word' id='word_1_249' title='bbox 1235 2040 1425 2080; x_wconf 82' lang='lat' dir='ltr'>exponam</span> <span class='ocrx_word' id='word_1_250' title='bbox 1444 2026 1515 2064; x_wconf 91' lang='lat' dir='ltr'>tibi</span> <span class='ocrx_word' id='word_1_251' title='bbox 1533 2041 1542 2064; x_wconf 76' lang='grc' dir='ltr'><strong><em>ε</em></strong></span> <span class='ocrx_word' id='word_1_252' title='bbox 1565 2025 1726 2064; x_wconf 78' lang='lat' dir='ltr'>censebo</span> 
     </span>
     <span class='ocr_line' id='line_1_29' title="bbox 321 2092 1724 2148; baseline -0.003 -14"><span class='ocrx_word' id='word_1_253' title='bbox 321 2107 450 2134; x_wconf 88' lang='lat' dir='ltr'>tamen</span> <span class='ocrx_word' id='word_1_254' title='bbox 471 2095 517 2133; x_wconf 89' lang='lat' dir='ltr'>ad</span> <span class='ocrx_word' id='word_1_255' title='bbox 536 2109 612 2140; x_wconf 85' lang='lat' dir='ltr'>eos,</span> <span class='ocrx_word' id='word_1_256' title='bbox 645 2096 713 2148; x_wconf 87' lang='lat' dir='ltr'>qui</span> <span class='ocrx_word' id='word_1_257' title='bbox 733 2097 900 2133; x_wconf 67' lang='lat' dir='ltr'>auctores</span> <span class='ocrx_word' id='word_1_258' title='bbox 922 2105 959 2132; x_wconf 89' lang='lat' dir='ltr'>et</span> <span class='ocrx_word' id='word_1_259' title='bbox 981 2095 1196 2132; x_wconf 77' lang='lat' dir='ltr'>inventores</span> <span class='ocrx_word' id='word_1_260' title='bbox 1219 2094 1305 2132; x_wconf 82' lang='lat' dir='ltr'>sunt</span> <span class='ocrx_word' id='word_1_261' title='bbox 1326 2092 1464 2131; x_wconf 84' lang='lat' dir='ltr'>harum</span> <span class='ocrx_word' id='word_1_262' title='bbox 1486 2092 1569 2130; x_wconf 89' lang='lat' dir='ltr'>sane</span> <span class='ocrx_word' id='word_1_263' title='bbox 1590 2092 1724 2131; x_wconf 85' lang='lat' dir='ltr'>minu-</span> 
     </span>
     <span class='ocr_line' id='line_1_30' title="bbox 322 2161 910 2204; baseline -0.002 -5"><span class='ocrx_word' id='word_1_264' title='bbox 322 2171 448 2199; x_wconf 83' lang='lat' dir='ltr'>tarum</span> <span class='ocrx_word' id='word_1_265' title='bbox 467 2176 608 2204; x_wconf 88' lang='lat' dir='ltr'>rerum,</span> <span class='ocrx_word' id='word_1_266' title='bbox 632 2161 910 2199; x_wconf 83' lang='lat' dir='ltr'>revertendum.</span> 
     </span>
    </p>

    <p class='ocr_par' dir='ltr' id='par_1_6' title="bbox 322 2226 1726 2550">
     <span class='ocr_line' id='line_1_31' title="bbox 379 2226 1724 2280; baseline -0.002 -15"><span class='ocrx_word' id='word_1_267' title='bbox 379 2229 521 2266; x_wconf 83' lang='lat' dir='ltr'>Omnis</span> <span class='ocrx_word' id='word_1_268' title='bbox 539 2229 656 2279; x_wconf 86' lang='lat' dir='ltr'>igitur</span> <span class='ocrx_word' id='word_1_269' title='bbox 675 2229 794 2266; x_wconf 82' lang='lat' dir='ltr'>oratio</span> <span class='ocrx_word' id='word_1_270' title='bbox 815 2227 1019 2267; x_wconf 85' lang='lat' dir='ltr'>conficitur</span> <span class='ocrx_word' id='word_1_271' title='bbox 1034 2242 1079 2267; x_wconf 81' lang='lat' dir='ltr'>ex</span> <span class='ocrx_word' id='word_1_272' title='bbox 1098 2228 1221 2266; x_wconf 83' lang='lat' dir='ltr'>verbis</span> <span class='ocrx_word' id='word_1_273' title='bbox 1238 2246 1249 2273; x_wconf 84' lang='lat'>3</span> <span class='ocrx_word' id='word_1_274' title='bbox 1273 2240 1440 2280; x_wconf 88' lang='lat' dir='ltr'>quorum</span> <span class='ocrx_word' id='word_1_275' title='bbox 1461 2226 1631 2279; x_wconf 85' lang='lat' dir='ltr'>primum</span> <span class='ocrx_word' id='word_1_276' title='bbox 1653 2238 1724 2262; x_wconf 86' lang='lat' dir='ltr'>no-</span> 
     </span>
     <span class='ocr_line' id='line_1_32' title="bbox 323 2291 1724 2346; baseline -0.004 -14"><span class='ocrx_word' id='word_1_277' title='bbox 323 2294 382 2332; x_wconf 89' lang='lat' dir='ltr'>bis</span> <span class='ocrx_word' id='word_1_278' title='bbox 403 2294 497 2332; x_wconf 85' lang='lat' dir='ltr'>ratio</span> <span class='ocrx_word' id='word_1_279' title='bbox 517 2293 743 2345; x_wconf 68' lang='lat' dir='ltr'>{impliciter</span> <span class='ocrx_word' id='word_1_280' title='bbox 762 2294 923 2332; x_wconf 86' lang='lat' dir='ltr'>videnda</span> <span class='ocrx_word' id='word_1_281' title='bbox 939 2294 1004 2339; x_wconf 88' lang='lat' dir='ltr'>est,</span> <span class='ocrx_word' id='word_1_282' title='bbox 1026 2294 1160 2332; x_wconf 88' lang='lat' dir='ltr'>deinde</span> <span class='ocrx_word' id='word_1_283' title='bbox 1180 2295 1397 2346; x_wconf 62' lang='lat' dir='ltr'>conjuncte.</span> <span class='ocrx_word' id='word_1_284' title='bbox 1438 2293 1543 2330; x_wconf 82' lang='lat' dir='ltr'>Nam</span> <span class='ocrx_word' id='word_1_285' title='bbox 1563 2291 1615 2329; x_wconf 91' lang='lat' dir='ltr'>cst</span> <span class='ocrx_word' id='word_1_286' title='bbox 1635 2291 1724 2342; x_wconf 89' lang='lat' dir='ltr'>qui-</span> 
     </span>
     <span class='ocr_line' id='line_1_33' title="bbox 322 2357 1726 2412; baseline -0.004 -15"><span class='ocrx_word' id='word_1_287' title='bbox 322 2360 413 2397; x_wconf 87' lang='lat' dir='ltr'>dam</span> <span class='ocrx_word' id='word_1_288' title='bbox 437 2368 597 2396; x_wconf 81' lang='lat' dir='ltr'>ornatus</span> <span class='ocrx_word' id='word_1_289' title='bbox 632 2360 827 2404; x_wconf 81' lang='lat' dir='ltr'>orationis,</span> <span class='ocrx_word' id='word_1_290' title='bbox 859 2360 992 2412; x_wconf 81' lang='lat' dir='ltr'>quiex</span> <span class='ocrx_word' id='word_1_291' title='bbox 1013 2360 1171 2412; x_wconf 79' lang='lat' dir='ltr'>singulis</span> <span class='ocrx_word' id='word_1_292' title='bbox 1192 2360 1316 2397; x_wconf 83' lang='lat' dir='ltr'>verbis</span> <span class='ocrx_word' id='word_1_293' title='bbox 1342 2359 1417 2403; x_wconf 86' lang='lat' dir='ltr'>est;</span> <span class='ocrx_word' id='word_1_294' title='bbox 1449 2358 1559 2402; x_wconf 82' lang='lat' dir='ltr'>alius,</span> <span class='ocrx_word' id='word_1_295' title='bbox 1592 2357 1659 2408; x_wconf 88' lang='lat' dir='ltr'>qui</span> <span class='ocrx_word' id='word_1_296' title='bbox 1679 2368 1726 2392; x_wconf 82' lang='lat' dir='ltr'>ex</span> 
     </span>
     <span class='ocr_line' id='line_1_34' title="bbox 324 2421 1723 2479; baseline 0 -15"><span class='ocrx_word' id='word_1_297' title='bbox 324 2426 571 2470; x_wconf 78' lang='lat' dir='ltr'>continuatis,</span> <span class='ocrx_word' id='word_1_298' title='bbox 597 2426 885 2478; x_wconf 67' lang='lat' dir='ltr'>conjunCtisque</span> <span class='ocrx_word' id='word_1_299' title='bbox 916 2427 1075 2465; x_wconf 76' lang='lat' dir='ltr'>constat.</span> <span class='ocrx_word' id='word_1_300' title='bbox 1109 2427 1212 2479; x_wconf 84' lang='lat' dir='ltr'>Ergo</span> <span class='ocrx_word' id='word_1_301' title='bbox 1235 2435 1390 2463; x_wconf 88' lang='lat' dir='ltr'>utemur</span> <span class='ocrx_word' id='word_1_302' title='bbox 1409 2425 1534 2462; x_wconf 86' lang='lat' dir='ltr'>verbis</span> <span class='ocrx_word' id='word_1_303' title='bbox 1568 2431 1632 2460; x_wconf 81' lang='lat' dir='ltr'>aut</span> <span class='ocrx_word' id='word_1_304' title='bbox 1663 2421 1723 2464; x_wconf 72' lang='lat' dir='ltr'>iis,</span> 
     </span>
     <span class='ocr_line' id='line_1_35' title="bbox 323 2486 1726 2550; baseline -0.005 -20"><span class='ocrx_word' id='word_1_305' title='bbox 323 2506 409 2544; x_wconf 82' lang='lat' dir='ltr'>quae</span> <span class='ocrx_word' id='word_1_306' title='bbox 431 2492 582 2545; x_wconf 82' lang='lat' dir='ltr'>propria</span> <span class='ocrx_word' id='word_1_307' title='bbox 603 2491 702 2537; x_wconf 85' lang='lat' dir='ltr'>sunt,</span> <span class='ocrx_word' id='word_1_308' title='bbox 734 2501 770 2529; x_wconf 91' lang='lat' dir='ltr'>et</span> <span class='ocrx_word' id='word_1_309' title='bbox 793 2502 893 2531; x_wconf 86' lang='lat' dir='ltr'>certa</span> <span class='ocrx_word' id='word_1_310' title='bbox 914 2493 1015 2546; x_wconf 79' lang='lat' dir='ltr'>quasi</span> <span class='ocrx_word' id='word_1_311' title='bbox 1038 2492 1222 2531; x_wconf 83' lang='lat' dir='ltr'>vocabula</span> <span class='ocrx_word' id='word_1_312' title='bbox 1242 2505 1383 2550; x_wconf 76' lang='lat' dir='ltr'>rerum,</span> <span class='ocrx_word' id='word_1_313' title='bbox 1418 2503 1515 2543; x_wconf 83' lang='lat' dir='ltr'>pene</span> <span class='ocrx_word' id='word_1_314' title='bbox 1544 2486 1619 2526; x_wconf 67' lang='lat' dir='ltr'>una</span> <span class='ocrx_word' id='word_1_315' title='bbox 1640 2495 1726 2524; x_wconf 83' lang='lat' dir='ltr'>nata</span> 
     </span>
    </p>
   </div>
   <div class='ocr_carea' id='block_1_3' title="bbox 320 2553 1726 2663">
    <p class='ocr_par' dir='ltr' id='par_1_7' title="bbox 320 2553 1726 2663">
     <span class='ocr_line' id='line_1_36' title="bbox 320 2553 1726 2613; baseline -0.004 -15"><span class='ocrx_word' id='word_1_316' title='bbox 320 2572 418 2599; x_wconf 84' lang='lat' dir='ltr'>cum</span> <span class='ocrx_word' id='word_1_317' title='bbox 453 2559 563 2599; x_wconf 84' lang='lat' dir='ltr'>rebus</span> <span class='ocrx_word' id='word_1_318' title='bbox 591 2559 706 2613; x_wconf 79' lang='lat' dir='ltr'>ipsis;</span> <span class='ocrx_word' id='word_1_319' title='bbox 738 2568 802 2600; x_wconf 83' lang='lat' dir='ltr'>aut</span> <span class='ocrx_word' id='word_1_320' title='bbox 822 2560 882 2605; x_wconf 77' lang='lat' dir='ltr'>iis,</span> <span class='ocrx_word' id='word_1_321' title='bbox 914 2574 998 2613; x_wconf 78' lang='lat' dir='ltr'>quae</span> <span class='ocrx_word' id='word_1_322' title='bbox 1019 2558 1313 2603; x_wconf 78' lang='lat' dir='ltr'>transferuntur,</span> <span class='ocrx_word' id='word_1_323' title='bbox 1345 2566 1383 2595; x_wconf 88' lang='lat' dir='ltr'>et</span> <span class='ocrx_word' id='word_1_324' title='bbox 1404 2557 1506 2609; x_wconf 76' lang='lat' dir='ltr'>quasi</span> <span class='ocrx_word' id='word_1_325' title='bbox 1531 2555 1655 2593; x_wconf 86' lang='lat' dir='ltr'>alieno</span> <span class='ocrx_word' id='word_1_326' title='bbox 1684 2553 1726 2593; x_wconf 86' lang='lat' dir='ltr'>in</span> 
     </span>
     <span class='ocr_line' id='line_1_37' title="bbox 1288 2625 1414 2663; baseline -0.016 0"><span class='ocrx_word' id='word_1_327' title='bbox 1288 2625 1325 2663; x_wconf 90' lang='lat' dir='ltr'>R</span> <span class='ocrx_word' id='word_1_328' title='bbox 1346 2637 1363 2662; x_wconf 90' lang='lat' dir='ltr'>r</span> <span class='ocrx_word' id='word_1_329' title='bbox 1394 2635 1414 2661; x_wconf 94' lang='lat'><strong>2</strong></span> 
     </span>
    </p>
   </div>
  </div>
 </body>
</html>
