2176 2912
416 222 494 258 240
736 209 857 247 DE
951 208 1493 247 ORATORE

469 303 518 340 L.
551 300 632 339 Hic
653 301 859 354 Sulpicius,
890 315 975 339 vere
995 300 1165 346 hercule,
1187 302 1329 353 inquit,
1352 301 1514 346 Antoni,
1546 300 1611 338 ista
1631 313 1807 339 comme-

413 381 551 406 moras.
611 368 717 406 Nam
737 381 809 420 ego
829 366 927 405 nihil
950 381 1121 419 unquam
1140 368 1232 412 vidi,
1264 367 1367 419 quod
1389 376 1467 405 tam
1491 381 1512 404 e
1531 368 1708 405 manibus
1729 367 1808 405 ela-

415 434 582 478 beretur,
604 447 722 486 quam
741 432 841 471 mihi
861 443 947 471 tum
965 433 1017 471 est
1035 433 1155 486 elapsa
1172 434 1238 471 illa
1258 433 1377 472 causa.
1403 434 1507 471 Cum
1525 434 1645 478 enim,
1668 446 1807 485 quem-

411 500 623 539 admodum
643 499 784 544 dixisti,
818 500 889 538 tibi
911 514 981 552 ego
1003 514 1080 538 non
1103 501 1312 552 judicium,
1341 499 1402 537 sed
1422 500 1661 545 incendium,
1688 500 1806 537 tradi-

413 566 544 604 diffem
560 585 572 611 ς
595 566 699 618 quod
720 575 832 603 tuum
847 566 1097 618 principium,
1113 566 1183 603 Dii
1197 565 1450 609 immortales,
1467 565 1543 603 fuit
1558 565 1565 602 !
1589 567 1656 617 qui
1670 566 1805 604 timor!

414 646 498 684 quae
519 632 708 670 dubitatio
727 630 733 667 !
768 640 909 682 quanta
928 630 1125 674 haefitatio,
1147 630 1359 681 trac-hisque
1379 630 1584 668 verborum
1603 631 1609 667 !
1635 633 1691 668 Ut
1711 631 1808 669 illud

411 698 537 742 initio,
552 698 655 750 quod
677 696 748 734 tibi
770 709 892 733 unum
909 696 955 733 ad
976 695 1251 747 ignoscendum
1271 694 1449 732 homines
1463 695 1615 739 dabant,
1632 696 1805 740 tenuisti;

411 765 472 802 Te
492 778 560 816 pro
586 762 745 800 homine
775 761 1055 814 perneceffario,
1088 761 1283 814 Qaestore
1303 770 1384 805 tu0,
1407 761 1558 806 dicere,
1590 775 1707 813 quam
1734 762 1808 800 tibi

409 828 581 882 primum
613 827 771 865 munisti
802 828 848 865 ad
869 837 906 865 te
925 827 1161 865 audiendum
1183 828 1286 865 viam
1309 827 1316 863 ἔ
1358 827 1462 864 Ecce
1482 837 1626 872 autem,
1649 841 1741 866 cum
1771 837 1809 867 te

410 895 511 934 nihil
531 894 634 932 aliud
653 893 850 946 profeciffe
882 893 1092 938 arbitrarer,
1122 893 1190 931 nifi
1212 902 1254 930 ut
1273 891 1450 930 homines
1473 892 1557 938 tibi,
1580 893 1704 931 civem
1728 895 1807 932 im-

410 962 579 1014 probum
605 959 838 1004 defendenti,
869 959 1147 1012 ignoscendum
1178 968 1331 1011 propter
1356 958 1670 996 necesfitudinem
1703 960 1806 997 arbi-

411 1036 624 1071 trarentur,
667 1026 810 1078 serpere
843 1025 994 1063 occulte
1027 1025 1190 1077 coepisti,
1232 1023 1428 1062 nihildum
1462 1025 1544 1062 aliis
1581 1025 1806 1077 suspicanti-

410 1094 496 1138 bus,
527 1106 590 1131 me
623 1105 711 1129 vero
724 1093 807 1143 jam
826 1091 1130 1144 pertimescente,
1162 1100 1205 1129 ut
1224 1091 1334 1128 illam
1354 1103 1432 1128 non
1452 1090 1631 1128 Norbani
1651 1091 1807 1130 seditio-

410 1173 514 1203 nem,
545 1158 607 1196 sed
625 1156 760 1210 populi
781 1157 951 1195 Romani
981 1156 1233 1201 iracundiam,
1264 1168 1387 1207 neque
1417 1168 1501 1192 eam
1519 1155 1713 1207 injustam,
1746 1156 1809 1194 sed

409 1225 588 1262 meritam
608 1236 650 1260 ac
671 1222 840 1260 debitam
861 1221 983 1267 fuiffe,
1005 1221 1236 1260 defenderes.
1297 1220 1448 1259 Deinde
1468 1221 1536 1273 qui
1555 1221 1663 1260 locus
1683 1222 1748 1260 abs
1769 1232 1809 1262 te

410 1289 673 1344 praetermiffus
695 1288 746 1326 est
776 1288 816 1325 in
837 1287 1087 1340 Caepionem!
1121 1289 1178 1326 Ut
1211 1296 1254 1326 tu
1273 1287 1340 1325 illa
1369 1287 1500 1325 omnia
1518 1287 1620 1332 odio,
1648 1288 1806 1334 invidia,

410 1355 679 1399 misericordia,
715 1352 899 1390 miscuisti
917 1352 924 1390 !
961 1353 1103 1405 Neque
1134 1352 1215 1391 haec
1249 1352 1375 1391 solum
1404 1352 1444 1390 in
1479 1351 1707 1398 defenfione,
1744 1354 1808 1392 sed

410 1423 525 1461 etiarn
561 1422 599 1459 in
632 1424 784 1464 Scauro,
815 1420 1035 1472 caeterisque
1069 1421 1164 1458 meis
1196 1419 1365 1463 testibus,
1398 1432 1565 1471 quorum
1591 1419 1807 1459 testimonia

410 1503 486 1527 non
519 1487 741 1529 refellendo,
773 1485 834 1523 sed
867 1485 913 1522 ad
944 1486 1110 1523 eundem
1140 1486 1335 1537 impetum
1365 1485 1501 1537 populi
1530 1484 1805 1537 confugiendo,

410 1553 590 1592 refutasti.
651 1552 748 1602 Qae
781 1564 873 1588 cum
891 1550 956 1588 abs
978 1559 1014 1588 te
1034 1551 1151 1588 modo
1183 1558 1592 1595 commemorarentur,
1623 1551 1807 1602 equidem

410 1621 516 1658 nulla
536 1628 723 1671 praecepta
743 1616 1010 1655 desiderabam.
1049 1616 1162 1654 Istam
1182 1616 1286 1654 enim
1306 1615 1426 1668 ipsam
1443 1615 1807 1657 demonstrationem

409 1685 671 1725 defenfionum
693 1693 847 1722 tuarum
866 1683 930 1721 abs
953 1692 988 1721 te
1008 1682 1088 1735 ipso
1108 1691 1465 1726 commemoratam,
1494 1681 1706 1721 doctrinam
1733 1683 1805 1723 effe

409 1766 487 1791 non
508 1751 741 1790 mediocrem
763 1758 871 1802 puto.

464 1817 602 1868 Atqui,
634 1815 659 1853 fi
693 1815 747 1852 ita
780 1815 917 1867 placet,
946 1814 1074 1866 inquit
1094 1814 1303 1859 Antonius,
1334 1813 1525 1852 trademus
1559 1814 1689 1859 etiam,
1720 1828 1806 1867 quae

409 1897 477 1923 nos
498 1883 602 1937 sequi
622 1882 661 1920 in
683 1882 858 1926 dicendo,
881 1895 1041 1933 quaeque
1063 1882 1232 1920 maxime
1248 1881 1422 1933 spectare,
1441 1880 1619 1919 solemus.
1657 1882 1806 1919 Docuit

408 1949 514 1990 enim
526 1949 607 2000 jam
628 1961 695 1986 nos
716 1947 831 1999 longa
850 1947 928 1984 vita
947 1947 1107 1999 ususque
1127 1960 1254 1985 rerum
1275 1947 1547 1990 maximarum,
1578 1954 1634 1990 ut,
1661 1946 1803 1998 quibus

410 2015 520 2054 rebus
542 2014 659 2053 animi
679 2013 888 2052 hommum
906 2023 1162 2057 moverentur,
1183 2022 1412 2050 teneremus.

450 2081 519 2119 LI.
542 2080 738 2132 Equidem
756 2080 927 2132 primum
943 2079 1172 2117 considerare
1192 2077 1305 2122 soleo,
1322 2077 1535 2130 postuletne
1554 2077 1674 2115 causa.
1697 2078 1804 2116 Nam

410 2160 533 2199 neque
554 2146 674 2198 parvis
692 2146 732 2184 in
753 2146 864 2184 rebus
886 2144 1108 2183 adhibendae
1124 2144 1209 2182 sunt
1230 2142 1288 2181 hae
1303 2143 1456 2181 dicendi
1475 2142 1589 2188 faces,
1608 2157 1731 2196 neque
1750 2145 1803 2182 ita

409 2212 582 2251 animatis
603 2210 843 2255 hominibus,
876 2220 919 2248 ut
939 2209 1037 2248 nihil
1058 2210 1103 2248 ad
1123 2223 1255 2248 eorum
1288 2218 1434 2248 mentes
1455 2210 1624 2248 oratione
1644 2209 1801 2248 fleeten-

409 2279 472 2318 das
493 2277 674 2331 proficere
692 2276 900 2330 poflimus3
924 2290 969 2314 ne
989 2285 1054 2314 aut
1074 2276 1254 2321 irrisione,
1275 2285 1338 2314 aut
1358 2275 1460 2320 odio,
1480 2275 1588 2328 digni
1605 2286 1800 2329 putemur,

410 2345 435 2384 fi
470 2353 535 2382 aut
556 2343 754 2396 tragoedias
781 2356 936 2395 agamus
963 2342 1002 2380 in
1023 2343 1150 2395 nugis,
1182 2351 1246 2380 aut
1272 2341 1484 2380 convellere
1501 2342 1715 2380 adoriamur
1745 2355 1800 2387 ea,

407 2424 492 2463 quae
513 2423 588 2448 non
609 2409 747 2462 poffint
767 2409 1018 2447 commoveri.
1084 2409 1203 2447 Nunc
1225 2408 1408 2461 quoniam
1434 2406 1514 2446 haec
1534 2407 1611 2446 fere
1632 2408 1803 2446 maxime

409 2476 555 2515 suntin
579 2475 760 2529 judicum
795 2475 948 2518 animis,
980 2483 1058 2519 aut,
1090 2474 1314 2527 quicunque
1344 2473 1401 2511 illi
1427 2482 1551 2519 erunt,
1583 2473 1683 2526 apud
1703 2485 1800 2525 quos

408 2555 579 2597 agemuS,
620 2542 789 2582 oratione
820 2541 1027 2587 molienda,
1059 2555 1179 2588 amor,
1214 2541 1363 2587 odium,
1404 2540 1612 2586 iracundia,
1644 2538 1799 2585 invidia,
