2176 2912
430 251 478 292 32
674 239 832 277 'DE
906 240 1518 280 INVENTIONE

425 336 471 374 ad
493 335 793 381 recusationem3
826 336 918 375 foris
939 347 1066 376 autem
1087 338 1232 390 aliquid
1259 337 1487 376 defenfionis
1508 337 1672 378 affumit.
1723 339 1819 392 Ejus

426 412 548 455 partes
570 402 656 440 sunt
676 412 851 454 quatuor,
883 404 1082 448 conceffio,
1114 404 1278 441 remotio
1309 404 1499 450 criminis,
1531 405 1662 443 relatio
1682 406 1818 444 crimi-

426 469 499 512 nis,
517 470 765 521 comparatio.
785 470 983 507 Conceffio
1001 470 1066 515 est,
1088 484 1180 508 curn
1197 482 1280 507 reus
1302 483 1379 507 non
1399 470 1452 515 id,
1470 472 1575 524 quod
1590 471 1735 510 facturn
1751 472 1817 516 est,

424 534 610 579 defendit,
633 535 707 579 sed,
730 545 772 573 ut
791 535 1018 586 ignoscatur,
1040 535 1217 588 postulat.
1251 537 1348 574 Haec
1369 536 1408 573 in
1430 537 1520 575 duas
1537 547 1658 590 partes
1679 538 1832 582 dividi-⁴

425 610 502 645 tur,
534 602 813 654 purgationem,
835 610 871 638 et
897 601 1214 653 deprecationem.
1248 603 1429 654 Purgatio
1460 604 1525 649 est,
1556 617 1646 642 cum
1673 604 1820 642 faetum

426 667 661 711 conceditur,
692 667 804 719 culpa
824 675 1052 704 removetur.
1085 667 1182 704 Haec
1202 676 1324 719 partes
1346 666 1462 706 habet
1481 678 1570 713 tres,
1592 670 1818 722 impruden-

427 733 534 777 tiam,
565 733 708 777 casum,
749 733 1019 770 neceffitatem.
1079 733 1310 785 Deprecatio
1339 733 1404 778 est,
1453 749 1545 773 cum
1571 744 1608 773 et
1639 735 1817 788 peccaffe‚

426 808 463 836 et
483 799 656 837 consulto
679 798 841 851 peccaffe
862 811 943 836 reus
975 798 1010 836 se
1038 798 1258 843 confitetur,
1289 808 1328 836 et
1358 808 1500 845 tamen,
1530 810 1572 839 ut
1591 802 1818 853 ignoscatur,

424 865 588 917 postulat
604 883 615 909 ς
647 864 751 915 quod
771 877 890 916 genus
912 877 1060 916 perraro
1080 864 1199 917 potest
1219 864 1402 904 accidere.
1439 866 1625 905 Remotio
1646 867 1818 904 criminis

425 930 491 974 est,
522 944 612 967 cum
635 931 672 967 id
692 930 853 974 crimen,
885 930 989 981 quod
1009 929 1186 975 infertur,
1217 931 1263 968 ab
1283 931 1332 975 se,
1365 941 1403 969 et
1434 945 1454 969 a
1481 932 1542 970 sua
1565 933 1692 984 culpa,
1724 933 1760 970 vi
1781 943 1819 970 et

423 996 603 1049 potestate
619 997 659 1034 in
675 996 793 1034 alium
811 1010 893 1034 reus
910 1009 1101 1034 removere
1117 1006 1288 1035 conatur.
1324 997 1368 1035 Id
1388 998 1594 1050 dupliciter
1609 999 1690 1037 fieri
1706 1009 1818 1051 pote-

424 1063 487 1107 rit,
510 1062 534 1100 fi
555 1073 619 1100 aut
635 1062 754 1107 causa,
772 1071 836 1099 aut
849 1061 1008 1107 factum,
1029 1063 1066 1100 in
1084 1063 1204 1100 alium
1221 1062 1478 1102 transferetur.
1501 1065 1621 1103 Causa
1637 1065 1817 1103 transfer-

424 1137 500 1172 tur,
531 1142 623 1166 cum
654 1129 774 1166 aliena
804 1129 945 1166 dicitur
975 1130 1012 1166 vi
1033 1138 1070 1167 et
1097 1130 1277 1182 potestate
1298 1129 1457 1169 factum.
1490 1132 1654 1170 Factum
1674 1141 1817 1177 autem,

424 1209 516 1233 cum
537 1195 631 1233 alius
653 1204 716 1232 aut
747 1195 926 1239 debuiss‘e,
958 1205 1022 1233 aut
1043 1195 1203 1248 potuiffe
1222 1195 1358 1241 facere,
1381 1197 1534 1235 dicitur.
1568 1198 1720 1236 Relatio
1740 1199 1817 1237 cri-

424 1262 541 1299 minis
562 1261 626 1305 est,
658 1275 750 1298 cum
770 1261 856 1298 ideo
870 1263 956 1312 jure
978 1261 1123 1300 factum
1145 1263 1300 1307 dicitur,
1333 1263 1438 1314 quod
1458 1264 1555 1301 alius
1575 1273 1662 1302 ante
1680 1264 1819 1317 injuria

422 1327 631 1365 lacessierit.
664 1328 911 1379 Comparatio
932 1328 996 1371 est,
1029 1341 1120 1365 cum
1152 1328 1255 1365 aliud
1287 1327 1442 1380 aliquod
1475 1328 1621 1368 factum
1653 1332 1815 1375 redum,

422 1402 486 1430 aut
507 1393 601 1430 utile
622 1392 880 1437 contenditur,
902 1393 1005 1445 quod
1027 1402 1069 1431 ut
1090 1392 1209 1438 fieret,
1224 1393 1334 1440 illud,
1349 1394 1453 1447 quod
1473 1395 1657 1447 arguitur,
1676 1396 1818 1435 dicitur

421 1458 491 1496 effe
510 1457 769 1496 commissum.

478 1525 522 1561 In
544 1533 675 1575 quarta
705 1523 990 1569 constitutione,
1022 1538 1139 1576 quam
1161 1525 1411 1564 transsativam
1444 1527 1705 1572 nominamus,
1736 1530 1816 1580 ejus

421 1590 704 1628 constitutionis
724 1589 775 1627 est
796 1590 1055 1635 controverfia,
1088 1605 1179 1629 cum
1210 1601 1274 1629 aut
1294 1606 1425 1644 quem,
1456 1602 1521 1631 aut
1547 1594 1722 1646 quicum,
1754 1605 1819 1634 aut

421 1655 633 1707 quomodo,
665 1664 728 1692 aut
749 1656 848 1707 apud
871 1669 980 1707 quOS,
1012 1666 1076 1694 aut
1097 1670 1174 1708 quo
1195 1658 1294 1708 jure,
1326 1666 1391 1695 aut
1409 1672 1487 1710 quo
1518 1668 1690 1712 tempore
1710 1674 1818 1713 agere

421 1730 605 1772 oporteat,
637 1721 831 1772 quoeritur,
863 1730 926 1758 aut
955 1722 1117 1759 omnino
1147 1723 1293 1774 aliquid
1325 1723 1371 1760 de
1402 1725 1722 1770 commutatione,
1753 1736 1818 1764 aut

421 1786 678 1824 infirmatione
698 1786 854 1823 aetionis
876 1787 1011 1838 agitur.
1036 1788 1165 1839 Hujus
1183 1788 1465 1827 constitutionis
1480 1791 1737 1843 Hermagoras
1754 1792 1816 1829 in-

420 1863 554 1891 ventor
584 1852 654 1890 effe
674 1851 923 1896 existimatur,
956 1867 1031 1890 non
1053 1854 1142 1905 quia
1167 1868 1243 1892 non
1266 1854 1316 1892 us1
1339 1855 1410 1893 lint
1430 1870 1472 1893 ea
1490 1866 1630 1894 veteres
1652 1867 1816 1897 oratores

420 1919 513 1970 saepe
532 1919 661 1962 multi,
683 1918 744 1955 sed
765 1919 853 1969 quia
874 1932 949 1956 non
970 1920 1304 1959 aninmdverterint
1321 1923 1408 1958 artis
1430 1921 1627 1974 scriptores
1650 1936 1733 1961 eam
1754 1924 1816 1962 su-

420 1985 598 2036 periores,
621 1997 690 2020 nec
712 1984 910 2021 retulerint
931 1985 968 2022 in
989 1999 1194 2024 numerum
1211 1986 1546 2026 constitutionum.
1580 1988 1667 2026 Post
1687 1999 1816 2027 autem

419 2050 466 2087 ab
487 2048 560 2087 hoc
581 2050 774 2087 inventam
795 2050 910 2087 multi
926 2050 1263 2103 reprehenderunt,
1283 2065 1378 2103 quos
1395 2065 1472 2090 non
1489 2063 1567 2091 tam
1587 2054 1814 2106 impruden-

419 2117 471 2154 tia
490 2115 570 2153 falli
592 2126 786 2168 putamus,
804 2117 877 2167 (res
899 2117 1002 2155 enim
1018 2117 1214 2169 perspicua
1233 2118 1301 2170 est)
1325 2131 1441 2170 quam
1456 2119 1598 2157 invidia
1613 2130 1726 2173 atque
1742 2122 1813 2161 ob-

420 2183 640 2220 trectatione
662 2182 824 2235 quadam
843 2183 1035 2235 impediri.

396 2241 400 2245 ’
474 2248 566 2286 XII.
600 2248 650 2285 Et
671 2247 958 2286 constitutiones
980 2248 1153 2300 quidem,
1176 2259 1213 2287 et
1233 2263 1362 2288 earum
1384 2259 1506 2303 partes
1538 2252 1783 2304 exposuimus
1804 2269 1812 2292 :

417 2314 594 2366 exempla
612 2321 739 2351 autem
761 2314 942 2366 cujusque
962 2316 1109 2366 generis
1140 2325 1231 2353 tunc
1260 2317 1504 2355 commodius
1524 2319 1728 2371 expolituri
1757 2322 1815 2358 vi-

418 2376 578 2419 demur,
610 2389 701 2412 cum
735 2375 773 2412 in
810 2376 1115 2428 unumquodque
1149 2390 1282 2415 eorum
1307 2388 1624 2430 argumentorum
1661 2382 1814 2433 copiam

416 2442 607 2481 dabimus.
640 2442 745 2480 Nam
780 2443 1072 2494 argumentandi
1106 2444 1200 2482 ratio
1231 2444 1436 2482 dilucidior
1466 2447 1550 2491 erit,
1582 2460 1673 2485 cum
1704 2457 1741 2486 et
1767 2449 1813 2487 ad

414 2521 550 2561 genus,
568 2516 603 2545 et
624 2508 669 2545 ad
685 2507 909 2560 exemplum
931 2508 1046 2546 causae
1068 2509 1193 2547 statim
1213 2511 1354 2562 poterit
1374 2512 1670 2551 accommodari.

472 2573 758 2612 Constitutione
789 2573 905 2613 causae
931 2584 1090 2628 reperta,
1116 2575 1241 2615 statim
1267 2577 1392 2631 placet
1412 2577 1656 2625 considerare,
1679 2587 1812 2618 utrum
