2176 2912
456 204 537 252 464
899 202 1430 242 ORATOR.

456 295 608 332 auditor
647 293 902 339 Theodeeoes,
940 295 980 332 in
1015 294 1151 346 primis
1195 295 1255 345 (ut
1276 294 1497 333 Aristoteles
1532 293 1625 347 saepe
1656 294 1860 347 fignificat)

457 361 602 414 politus
625 361 798 412 scriptor,
829 369 944 412 atque
978 359 1129 404 artifex,
1161 359 1235 398 hoc
1257 361 1361 398 idem
1395 370 1432 398 et
1466 361 1578 398 sentit
1609 370 1646 398 et
1674 362 1860 414 praecipit.

458 426 746 480 Theophrastus
768 440 855 464 vero
876 426 1010 464 iisdem
1032 426 1078 463 de
1097 427 1209 464 rebus
1231 428 1347 465 etiam
1374 428 1597 465 accuratius.
1650 429 1751 479 Qis
1772 441 1863 479 ergo

456 494 543 532 istos
564 494 673 538 ferat,
706 494 775 545 qui
795 492 865 530 hos
886 495 1055 530 auctores
1078 507 1154 530 non
1175 494 1339 545 probent
1359 494 1371 531 ?
1402 494 1469 531 nifi
1494 494 1657 532 omnino
1686 493 1767 532 haec
1791 493 1862 531 effe

456 561 503 598 ab
524 560 585 598 his
606 569 793 613 praecepta
814 559 1001 597 nesciunt.
1895 553 1898 554 ⁷

511 627 630 678 Qod
662 627 687 664 fi
722 627 774 663 ita
793 625 858 668 est,
890 638 961 661 nec
992 637 1080 661 vero
1112 624 1219 661 aliter
1239 624 1430 669 existimo,
1462 625 1552 676 quia
1582 625 1650 677 ipfi
1672 625 1745 663 suis
1776 625 1859 663 sen-

455 694 556 731 fibus
588 707 665 730 non
701 700 919 734 moventur,
952 688 1103 727 nihilne
1136 690 1188 727 eis
1226 691 1336 727 inane
1368 692 1548 728 videtur?
1587 690 1687 728 nihil
1722 692 1860 729 incon·

455 760 598 803 ditum,
630 756 729 795 nihil
764 766 933 800 curtum,
977 754 1076 793 nihil
1108 756 1341 800 claudicans,
1389 756 1488 794 nihil
1523 757 1769 794 redundans?
1816 758 1861 795 In

454 825 559 863 versu
581 823 739 876 quidem
773 821 917 860 theatra
947 831 1027 860 tota
1059 823 1290 867 exclamant,
1324 822 1348 860 s1
1376 822 1453 860 fuit
1487 836 1562 860 una
1598 822 1739 875 syllaba
1773 823 1860 861 bre-

452 893 534 930 vior
568 900 634 928 aut
668 890 833 942 longior.
895 889 982 927 Nec
1002 902 1090 926 vero
1123 889 1336 926 multitudo
1369 889 1481 942 pedes
1510 890 1633 934 novit,
1665 903 1734 928 nec
1762 889 1861 927 ullos

452 970 633 996 numeros
654 966 785 1000 tenet3
818 968 888 992 nec
923 955 1036 999 illud,
1068 955 1172 1007 quod
1193 955 1368 1000 offendit,
1401 965 1464 993 aut
1499 970 1582 999 cur,
1613 964 1677 993 aut
1710 956 1750 993 in
1782 969 1860 1008 quo

453 1024 637 1068 offendat,
669 1022 879 1074 intelligit:
913 1031 1100 1060 ettamen
1131 1023 1311 1060 omnium
1339 1022 1631 1075 longitudinum
1662 1031 1700 1060 et
1732 1022 1858 1060 brevi-

451 1100 577 1129 tatum
611 1090 652 1127 in
685 1089 799 1134 sonis,
831 1088 927 1126 ficut
952 1098 1152 1126 acutarum
1186 1089 1439 1141 graviumque
1472 1101 1629 1133 vocum,
1662 1088 1860 1140 judicium

451 1157 529 1210 ipsa
550 1166 682 1194 natura
702 1157 741 1193 in
762 1155 915 1192 auribus
938 1155 1071 1192 nostris
1093 1155 1309 1193 collocavit.

507 1225 597 1262 LII.
631 1222 748 1260 Visne
768 1222 901 1273 igitur,
921 1218 1051 1266 Brute,
1083 1231 1213 1259 totum
1230 1221 1335 1259 hunc
1356 1221 1489 1259 locum
1510 1221 1721 1259 accuratius
1742 1221 1859 1260 etiam

450 1290 706 1342 explicemus,
729 1301 846 1339 quam
867 1287 926 1325 illi
946 1287 1028 1340 ipfi,
1051 1288 1119 1340 qui
1140 1298 1177 1326 et
1197 1287 1293 1332 haec,
1316 1297 1353 1325 et
1374 1288 1445 1326 alia
1465 1289 1576 1326 nobis
1599 1288 1857 1326 tradiderunt?

451 1358 515 1394 An
550 1355 611 1393 his
643 1355 817 1393 contenti
848 1354 932 1399 effe,
964 1369 1048 1406 quae
1076 1356 1122 1393 ab
1153 1355 1229 1392 illis
1261 1355 1361 1393 dicta
1394 1355 1494 1400 sunt,
1526 1355 1754 1408 possumus?
1787 1355 1860 1392 Sed

449 1423 544 1474 quid
578 1435 721 1474 quaero,
753 1420 920 1465 velisne,
963 1420 1054 1459 cum
1079 1422 1198 1459 literis
1233 1423 1308 1459 tuis
1340 1422 1589 1460 eruditiffime
1622 1421 1785 1474 scriptis,
1822 1430 1859 1459 te

449 1488 490 1525 id
511 1488 569 1525 vel
591 1489 761 1525 maxime
795 1487 892 1524 velle
923 1488 1214 1540 perspexerim?
1247 1489 1427 1526 Primum
1447 1502 1538 1540 ergo
1567 1488 1689 1540 origo,
1721 1485 1858 1525 deinde

449 1553 570 1598 causa,
602 1553 684 1605 post
704 1561 849 1596 natura,
882 1561 968 1590 tum
1001 1553 1047 1590 ad
1077 1563 1295 1591 extremum
1319 1553 1403 1590 usus
1431 1554 1509 1605 ipse
1530 1553 1744 1605 explicetur
1770 1565 1856 1590 ora-

449 1620 564 1657 tionis
587 1629 696 1671 aptae,
728 1628 841 1670 atque
862 1618 1083 1656 numerosae.
1128 1619 1249 1663 Nam,
1272 1619 1340 1670 qui
1361 1619 1565 1656 Isocratem
1586 1619 1757 1656 maxime
1777 1618 1855 1656 mi-

449 1695 592 1730 rantur,
623 1684 699 1722 hoc
732 1684 770 1721 in
791 1685 870 1736 ejus
892 1684 1052 1722 summis
1074 1684 1251 1723 laudibus
1272 1684 1414 1729 ferunt,
1447 1685 1551 1737 quod
1579 1685 1702 1722 verbis
1725 1684 1856 1722 solutis

450 1765 629 1790 numeros
650 1752 800 1804 primus
832 1750 1060 1802 adjunxerit.
1122 1752 1227 1788 Cum
1248 1751 1353 1788 enim
1379 1751 1536 1795 videret,
1567 1760 1731 1788 oratores
1761 1764 1856 1788 cum

449 1818 642 1855 severitate
662 1817 797 1861 audiri,
829 1826 957 1869 poetas
979 1827 1108 1854 autem
1135 1831 1226 1854 cum
1248 1817 1469 1869 voluptate;
1504 1826 1589 1854 tum
1617 1817 1760 1854 dicitur
1779 1831 1855 1855 nu-

449 1897 574 1921 meros
597 1883 761 1928 secutus,
793 1884 935 1935 quibus
957 1883 1074 1920 etiam
1105 1884 1144 1920 in
1169 1884 1339 1920 oratione
1360 1892 1569 1927 uteremur,
1601 1882 1692 1921 cum
1707 1883 1854 1935 jucun-

447 1951 576 1988 ditatis
598 1950 719 1995 causa,
743 1959 829 1987 tum
850 1959 893 1987 ut
909 1951 1064 1988 varietas
1085 1960 1299 1988 occurreret
1319 1950 1493 1988 satietati.

506 2016 625 2067 Qod
656 2016 702 2053 ab
732 2015 792 2053 his
829 2029 913 2053 vere
945 2017 1111 2069 quadam
1146 2030 1193 2054 ex
1227 2025 1347 2068 parte,
1390 2030 1467 2053 non
1509 2025 1651 2059 totum,
1694 2015 1851 2054 dicitur.

447 2082 555 2120 Nam
591 2084 788 2119 neminem
820 2083 860 2119 in
893 2096 937 2120 eo
957 2096 1093 2134 genere
1114 2083 1292 2120 scientius
1327 2081 1517 2119 versatum
1550 2081 1725 2126 Isocrate,
1756 2095 1853 2120 con-

448 2148 637 2186 fitendum
658 2148 732 2185 est:
766 2149 827 2185 sed
848 2149 1024 2200 princeps
1046 2149 1264 2186 inveniendi
1285 2148 1361 2186 fuit
1377 2147 1688 2199 Thrasymachus
1707 2167 1718 2193 ;
1742 2150 1852 2201 cujus

446 2214 577 2252 omnia
597 2214 714 2251 nimis
736 2215 853 2251 etiarn
874 2223 1005 2251 extant
1025 2214 1161 2265 scripta
1182 2214 1393 2252 numerose.
1427 2214 1546 2259 Nam,
1570 2224 1612 2251 ut
1633 2215 1747 2267 paulo
1767 2226 1854 2254 ante

445 2281 542 2325 dixi,
573 2280 676 2332 paria
708 2280 860 2332 paribus
882 2280 1070 2332 adjunc‘ta,
1101 2290 1138 2318 et
1169 2280 1342 2319 similiter
1362 2280 1530 2326 definita,
1562 2282 1735 2334 itemque
1755 2296 1851 2320 con-

445 2346 568 2384 trariis
589 2346 703 2383 relata
722 2346 922 2390 contraria,
946 2360 1029 2398 quae
1050 2346 1112 2383 sua
1131 2338 1263 2399 sponte
1288 2347 1421 2398 (etiam
1446 2347 1471 2385 fi
1492 2348 1530 2385 id
1559 2362 1636 2385 non
1659 2349 1762 2401 agas)
1785 2362 1851 2386 ca-

445 2413 544 2450 dunt
564 2412 795 2465 plerumque
817 2412 1030 2457 numerose,
1063 2413 1226 2465 Gorgias
1249 2413 1397 2466 primus
1418 2414 1592 2458 invenit;
1626 2413 1686 2452 sed
1716 2413 1777 2452 his
1798 2415 1852 2452 est

446 2478 532 2516 usus
565 2479 898 2531 intemperantiuS.
959 2478 1003 2516 Id
1025 2487 1154 2516 autem
1174 2478 1226 2516 est
1255 2493 1390 2531 genus,
1422 2489 1465 2518 ut
1496 2490 1581 2519 ante
1611 2480 1760 2519 dictum
1780 2480 1846 2525 est,

444 2557 490 2582 ex
514 2543 634 2582 tribus
655 2543 827 2597 partibus
849 2543 1113 2583 collocationis
1134 2544 1312 2583 alterum.
