2176 2912
585 158 906 202 LIBER
981 153 1558 196 SECUNDUS.
1693 168 1770 210 215

371 252 493 293 oratio
510 250 598 290 effet
616 247 796 302 preffior;
828 246 868 283 in
888 257 965 297 qua
985 255 1088 282 nunc
1114 241 1327 287 interdum,
1358 250 1402 280 ut
1427 241 1466 279 in
1492 240 1621 279 herbis
1641 241 1770 280 rustici

373 320 494 359 solent
508 317 647 360 dicere,
662 314 703 352 in
715 313 866 352 summa
881 311 1052 349 ubertate
1072 308 1166 347 inest
1186 307 1357 346 luxuries
1370 307 1559 359 quaedam,
1577 320 1661 359 quae
1676 307 1777 359 stylo

371 382 602 438 depascenda
620 380 687 419 est.

428 451 510 490 Hic
542 448 751 501 Sulpicius,
786 458 850 484 me
868 443 1042 497 quidem,
1063 441 1207 495 inquit,
1239 442 1338 479 reete
1356 452 1506 485 mones,
1538 438 1655 490 idque
1673 437 1774 476 mihi

371 526 526 571 gratum
545 515 625 560 est;
657 513 719 552 sed
751 525 800 551 ne
820 521 857 549 te
876 510 1051 563 quidem,
1084 507 1248 552 Antoni,
1280 506 1452 545 multum
1474 504 1693 558 scriptitaffe
1712 517 1775 542 ar-

373 584 507 622 bitror.
553 583 664 620 Tum
695 579 777 623 ille,
806 577 909 629 quafi
941 589 1044 621 vero,
1075 575 1218 628 inquit,
1248 587 1327 611 non
1360 586 1403 611 ea
1421 571 1642 626 praecipiam
1674 570 1774 614 aliis,

372 664 458 703 quae
490 647 590 687 mihi
624 647 693 699 ipsi
724 644 872 683 desunt.
905 643 977 681 Sed
998 652 1127 680 tamen
1157 653 1204 679 ne
1235 639 1382 678 tabulas
1400 639 1561 691 quidem
1585 636 1776 675 conficere

373 716 594 754 existimor:
627 725 761 751 verum
795 720 833 749 et
866 711 906 748 in
937 708 1014 747 hoc
1044 722 1091 746 ex
1111 721 1150 746 re
1168 705 1350 745 familiari
1378 718 1476 749 mea,
1506 714 1546 742 et
1565 704 1606 742 in
1626 703 1695 742 illo
1728 715 1777 741 ex

373 796 433 827 e0,
464 781 569 835 quod
589 780 691 824 dico,
723 777 954 830 quantulum
985 775 1026 812 id
1046 786 1201 826 cunque
1220 772 1287 818 est,
1318 771 1414 825 quid
1434 770 1588 814 faciam,
1610 768 1777 823 judicari

373 846 509 900 potest.
899 829 905 835 ⁵

429 915 563 965 Atque
583 910 654 949 effe
684 918 814 948 tamen
834 906 979 946 multos
1000 906 1190 950 videmus,
1226 904 1295 957 qui
1326 903 1525 941 neminem
1557 901 1775 945 imitentur,

374 989 412 1017 et
432 979 561 1032 suapte
591 986 737 1021 natura,
769 974 874 1028 quod
893 972 1027 1018 velint,
1060 972 1137 1010 fine
1155 970 1383 1023 cujusquam
1409 968 1661 1007 fimilitudine
1681 980 1781 1005 con·

376 1045 580 1097 sequantur
592 1062 603 1088 ;
635 1042 741 1095 quod
766 1050 804 1079 et
824 1042 865 1078 in
883 1039 992 1077 vobis
1012 1037 1263 1076 animadverti
1283 1038 1382 1075 reste
1403 1034 1539 1088 potest,
1573 1032 1709 1078 Caesar,
1740 1040 1779 1069 et

379 1112 509 1155 Cotta,
545 1123 712 1161 quorum
733 1108 826 1146 alter
846 1106 1071 1145 inufitatum
1090 1104 1251 1157 quidem
1271 1102 1406 1141 nostris
1433 1100 1646 1139 oratoribus
1667 1099 1781 1151 lepo-

378 1191 460 1215 rem
481 1176 689 1228 quendam,
720 1184 757 1212 et
778 1174 917 1217 salen15
946 1172 1038 1209 alter
1058 1170 1331 1214 acutiffimum‚
1348 1178 1386 1206 et
1405 1167 1695 1206 subtiliffimum
1715 1165 1780 1203 di-

377 1244 489 1283 cendi
519 1256 638 1295 genus
672 1241 724 1279 est
754 1240 993 1278 consecutus.
1039 1238 1180 1289 Neque
1211 1250 1298 1274 vero
1317 1235 1434 1273 vester
1465 1233 1619 1286 aequalis
1640 1231 1783 1276 Curio,-

379 1320 496 1364 patre‚
518 1322 603 1346 mea
623 1307 821 1351 sententia,
853 1306 913 1344 vel
933 1303 1241 1356 eloquentiffimo
1265 1300 1505 1354 temporibus
1525 1299 1616 1343 illis,
1635 1311 1781 1350 quem-

377 1390 495 1429 quam
516 1374 615 1414 mihi
637 1386 868 1427 magnopere
887 1372 1037 1409 videtur
1050 1370 1217 1414 imitari3
1240 1369 1307 1421 qui
1324 1378 1452 1406 tamen
1468 1366 1674 1404 verborum
1689 1377 1784 1416 gra-

379 1443 508 1487 vitate,
539 1451 576 1479 et
596 1440 796 1493 elegantia,
827 1448 864 1476 et
884 1438 1008 1490 copia,
1036 1436 1141 1474 suam
1162 1434 1354 1487 quandam
1375 1431 1552 1485 expreffit
1571 1430 1673 1483 quafi
1694 1428 1776 1467 for-

379 1523 499 1554 mam,
520 1508 760 1561 figuramque
794 1504 947 1543 dicendi
964 1522 975 1548 3
1008 1503 1113 1555 quod
1132 1515 1204 1554 ego
1223 1502 1393 1539 maxime
1413 1498 1523 1552 potui
1544 1497 1717 1550 judicare
1737 1496 1781 1533 in

378 1588 421 1613 ea
439 1575 558 1619 causa,
589 1587 709 1626 quam
740 1572 805 1609 ille
836 1581 967 1609 contra
996 1582 1059 1607 me
1089 1568 1189 1621 apud
1210 1566 1483 1605 Centumviros
1509 1577 1577 1616 pro
1597 1561 1787 1600 fratribus-

381 1641 500 1679 Coffis
522 1641 633 1679 dixit.
684 1640 729 1678 In
761 1652 836 1691 qua
865 1635 963 1674 nihil
986 1635 1042 1673 illi
1060 1633 1197 1678 defuit,
1229 1633 1335 1685 quod
1355 1644 1430 1670 non
1451 1630 1569 1668 modo
1588 1627 1778 1681 copiosus,

379 1706 440 1744 sed
461 1707 576 1745 etiam
597 1705 755 1757 sapiens,
777 1713 901 1742 orator
920 1701 1059 1739 habere
1079 1700 1246 1737 deberet.

407 1772 560 1810 XXIV.
580 1772 742 1814 Verum,
764 1779 806 1806 ut
822 1767 1026 1820 aliquando
1046 1766 1092 1802 ad
1112 1765 1236 1802 causas
1257 1764 1492 1802 deducamus
1512 1761 1642 1805 illum,
1659 1771 1786 1811 quem>

380 1838 665 1881 constituimus,
684 1846 721 1873 et
741 1849 799 1873 eas
816 1835 989 1886 quidem,
1009 1833 1048 1870 in
1069 1832 1210 1883 quibus
1232 1830 1452 1883 plusculum
1473 1827 1619 1880 negotii
1634 1826 1779 1876 est,ju-

381 1905 585 1948 diciorum,
617 1913 730 1955 atque
751 1902 897 1945 litium,
932 1899 1068 1951 (riserit
1088 1898 1226 1949 aliquis
1246 1895 1396 1934 fortasse
1415 1894 1491 1932 hoc
1514 1902 1750 1946 praeceptum
1767 1905 1778 1929 :

381 1972 433 2009 est
453 1973 558 2009 enim
580 1984 657 2008 non
679 1980 758 2007 tam
774 1978 946 2011 acutum,
965 1979 1081 2018 quam
1098 1964 1370 2006 neceffarium;
1393 1960 1588 2013 magisque
1605 1959 1784 1996 monito-

383 2039 431 2076 ris
451 2052 528 2076 non
541 2036 650 2081 fatui,
669 2049 786 2088 quam
802 2033 942 2072 eruditi
957 2031 1144 2084 magistri)
1167 2030 1241 2068 hoc
1259 2030 1292 2066 ei
1309 2028 1481 2082 primum
1498 2025 1778 2079 praecipiemus,

382 2104 626 2156 quascunque
659 2101 783 2140 causas
818 2101 889 2138 erit
924 2100 1088 2142 aeturus,
1125 2106 1167 2134 ut
1201 2109 1261 2134 eas
1293 2094 1509 2146 diligenter,
1553 2089 1781 2144 penitusque

382 2169 599 2222 cognoscat.
660 2169 749 2206 Hoc
771 2168 810 2205 in
832 2166 924 2204 ludo
941 2178 1018 2203 non
1045 2163 1292 2217 praecipitur3
1324 2159 1453 2198 faciles
1474 2158 1580 2196 enim
1598 2156 1714 2194 causae
1733 2154 1781 2193 ad

383 2247 520 2288 pueros
541 2232 776 2271 deferuntur.
822 2233 905 2270 Lex
931 2230 1177 2284 peregrinum
1197 2236 1299 2265 vetat
1318 2227 1357 2263 in
1379 2237 1537 2263 murum
1553 2221 1750 2260 ascendere
1767 2233 1777 2256 ε

384 2299 551 2338 ascendit
571 2313 579 2336 :
611 2297 734 2336 hostes
753 2297 893 2350 repulit
910 2312 918 2334 :
951 2294 1158 2334 accusatur.
1191 2292 1307 2332 Nihil
1323 2289 1375 2328 est
1395 2290 1539 2344 negotii
1559 2283 1781 2339 hujusmodi

384 2365 535 2403 causam
555 2362 792 2415 cognoscere.
852 2363 971 2400 Recte
991 2361 1109 2413 igitur
1130 2358 1229 2397 nihil
1250 2358 1296 2395 de
1313 2355 1421 2394 causa
1439 2353 1615 2393 discenda
1645 2349 1780 2404 praeci-

384 2432 512 2485 piunt.
542 2431 641 2470 Haec
662 2428 714 2467 est
733 2428 839 2467 enim
859 2429 899 2466 in
920 2428 1012 2466 ludo
1031 2425 1227 2465 causarum
1248 2423 1326 2462 fere
1343 2421 1524 2461 formula.
1562 2420 1617 2457 At
1631 2427 1720 2455 vero
1739 2414 1781 2451 in
