2176 2912
697 186 975 226 LIBER
1038 185 1401 228 PRIMUS.
1678 194 1750 247 133

350 283 661 338 magnitudinem
692 284 851 338 vellem)
890 299 1062 338 quonam
1093 286 1212 325 modo
1245 287 1334 326 istos
1369 287 1624 342 Philosophos
1655 291 1752 330 ferre

348 351 554 403 poffemus,
573 351 641 403 qui
661 365 780 397 nune,
802 365 896 391 cum
915 352 982 390 ille
1001 353 1204 392 damnatus
1220 354 1273 392 est
1293 353 1442 393 nullam
1457 355 1572 394 aliam
1592 358 1643 396 ob
1664 358 1751 396 cul—

348 429 453 468 pam,
475 417 545 455 nifi
564 425 720 471 propter
740 418 894 456 dicendi
913 417 1121 464 inscitiam,
1144 428 1272 459 tamen
1303 433 1324 458 a
1354 420 1391 459 se
1421 430 1596 473 oportere
1614 423 1752 461 dicunt

348 483 428 534 peti
447 493 635 536 praecepta
664 484 847 523 dicendi?
878 485 1128 537 Qibuscum
1157 499 1229 539 ego
1259 500 1339 525 non
1368 500 1518 540 pugno,
1547 496 1680 527 utrum
1708 489 1752 528 fit

348 548 504 595 melius,
527 558 592 588 aut
612 550 737 589 verius
757 566 766 590 ε
799 559 952 590 tantum
973 552 1074 597 dico,
1105 560 1144 590 et
1174 552 1281 591 aliud
1300 552 1398 592 illud
1418 552 1490 591 effe
1519 562 1633 606 atque
1660 553 1749 599 hoc,

346 622 384 652 et
405 613 481 654 hoc
501 616 577 654 fine
602 616 671 655 illo
690 616 891 655 summum
911 617 983 656 effe
1003 617 1117 671 poffe.

406 682 494 721 LV.
527 682 633 722 Nam
652 683 758 735 quod
772 684 836 736 jus
857 684 984 729 civile,
1018 683 1157 729 Crasse,
1189 693 1268 723 tam
1288 683 1533 724 vehementer
1551 685 1753 739 amplexus

349 759 401 790 es,
416 746 528 787 video
543 748 638 800 quid
651 748 770 800 egeris
786 763 795 786 ε
818 757 919 794 tum,
936 762 1029 788 cum
1042 749 1208 794 dicebas,
1223 749 1415 789 videbam.
1439 749 1632 796 Primum,
1652 752 1751 790 Scae-

349 812 444 850 volae
464 822 500 851 te
520 813 709 858 dedidisti,
731 827 849 866 quem
869 828 1004 853 omnes
1024 828 1146 854 amare
1167 815 1409 855 meritiffimo
1430 831 1499 870 pro
1518 818 1599 869 ejus
1611 818 1754 856 eximia

350 878 531 917 suavitate
551 880 736 918 debemus
753 898 765 925 ;
797 881 908 933 cujus
929 890 1051 920 artem
1081 895 1175 920 cum
1204 882 1420 921 indotatam
1439 883 1528 929 effe,
1554 893 1670 937 atque
1689 885 1752 922 in-

349 944 589 989 comitatam,
622 953 660 982 et
690 945 934 999 incomptam
966 947 1128 992 videres,
1165 947 1371 986 verborum
1403 962 1487 987 earn
1522 949 1610 987 dote
1641 950 1752 988 locu-

348 1007 513 1060 pletasti,
534 1019 572 1048 et
591 1009 743 1049 ornasti.
775 1011 942 1056 Deinde,
973 1011 1077 1064 quod
1098 1012 1139 1049 in
1158 1024 1200 1050 ea
1227 1021 1268 1050 tu
1290 1012 1376 1065 plus
1397 1027 1520 1067 operae
1538 1014 1754 1066 laborisque

349 1075 648 1128 consumpseras,
670 1090 763 1116 cum
793 1078 874 1130 ejus
895 1077 1010 1116 studii
1031 1078 1104 1116 tibi
1124 1087 1160 1117 et
1179 1077 1366 1124 hortator,
1397 1088 1434 1118 et
1464 1080 1640 1133 magister
1665 1080 1752 1120 efl‘et

349 1141 471 1186 domi,
494 1143 635 1180 veritus
656 1156 709 1188 eS,
741 1144 809 1182 nifi
831 1144 941 1182 istam
961 1154 1082 1183 artem
1101 1145 1272 1184 oratione
1290 1146 1558 1199 exaggeraffes,
1590 1160 1638 1185 ne
1657 1161 1752 1201 ope-

350 1220 430 1244 ram
452 1207 684 1260 perdidiffes.
717 1209 788 1246 Sed
817 1223 889 1262 ego
920 1223 967 1248 ne
986 1223 1080 1249 cum
1113 1211 1182 1249 ista
1210 1212 1371 1265 quidem
1392 1221 1469 1251 arte
1489 1227 1636 1266 pugno.
1696 1214 1754 1252 Sit

350 1272 434 1311 sane
455 1281 571 1319 tanta,
594 1283 780 1326 quantam
802 1284 844 1313 tu
874 1276 982 1314 illam
1002 1276 1074 1314 effe
1104 1277 1188 1316 vis:
1219 1278 1365 1316 etenim
1395 1278 1472 1316 fine
1503 1280 1753 1318 controversia

350 1348 387 1377 et
408 1353 546 1392 magna
566 1340 632 1385 est,
663 1349 701 1378 et
721 1340 795 1378 late
816 1350 934 1394 patet,
965 1350 1003 1380 et
1029 1341 1076 1380 ad
1096 1342 1242 1381 multos
1267 1344 1448 1396 pertinet,
1479 1354 1517 1382 et
1537 1345 1692 1383 summo
1712 1346 1752 1384 in

348 1404 496 1444 honore
517 1407 664 1459 semper
684 1405 775 1452 fuit,
791 1417 830 1446 et
848 1407 1042 1446 clariffirni
1061 1409 1161 1447 cives
1182 1409 1216 1447 ei
1236 1409 1361 1448 studio
1380 1411 1498 1449 etiam
1517 1409 1633 1450 hodie
1652 1425 1750 1464 prae·

349 1471 462 1517 sunt;
496 1473 559 1511 sed·
577 1473 676 1518 vide,
710 1473 848 1518 Craffe,
880 1488 941 1519 ne,
972 1475 1069 1512 dum
1090 1488 1190 1513 novo
1210 1486 1247 1514 et
1273 1477 1397 1514 alieno
1418 1487 1555 1514 ornatu
1575 1478 1666 1515 velis
1687 1492 1751 1516 or·

349 1552 436 1577 nare
451 1540 548 1591 juris
583 1539 708 1577 civilis
738 1539 950 1584 scientiam,
982 1540 1048 1577 suo
1079 1554 1235 1593 quoque
1256 1555 1339 1579 eam
1361 1542 1535 1580 conceffo
1555 1552 1592 1580 et
1613 1544 1752 1582 tradito

348 1609 484 1662 spolies
516 1619 630 1662 atque
661 1610 843 1649 denudes.
877 1610 998 1655 Nam,
1030 1611 1056 1648 fi
1092 1611 1144 1649 ita
1177 1612 1335 1657 diceres,
1367 1613 1435 1665 qui
1460 1613 1752 1665 jurisconsultus

348 1676 451 1721 effet,
473 1676 544 1714 effe
560 1690 651 1714 eum
670 1685 859 1715 oratorem
877 1695 888 1722 3
920 1678 1095 1730 itemque
1114 1678 1182 1731 qui
1203 1678 1291 1716 effet
1310 1688 1448 1724 orator,
1464 1680 1563 1732 juris
1584 1681 1752 1719 eundem-

349 1742 420 1780 effe
439 1742 686 1787 consultum;
718 1743 912 1795 praeclaras
935 1744 1025 1782 duas
1046 1753 1143 1783 artes
1175 1745 1436 1791 constitueres,
1464 1756 1578 1799 atque
1598 1747 1697 1785 inter
1717 1747 1753 1785 se

350 1821 472 1860 pares,
501 1818 540 1846 et
569 1808 739 1860 ejusdem
759 1809 873 1847 socias
905 1810 1117 1862 dIgnitatis.
1164 1810 1284 1848 Nunc
1315 1825 1404 1850 vero
1434 1812 1752 1865 jurisconsultum

351 1875 425 1912 fine
445 1873 516 1912 hac
536 1874 770 1925 eloquentia,
802 1875 848 1912 de
882 1889 957 1927 qua
977 1877 1198 1927 quaerimus,
1230 1876 1358 1915 fateris
1378 1878 1449 1916 effe
1475 1878 1590 1931 posse,
1620 1878 1750 1918 fuitse-

348 1954 424 1993 que
445 1940 635 1993 plurimos
650 1958 662 1985 3
694 1949 883 1980 oratorem
903 1955 1032 1994 negas,
1064 1942 1131 1979 nisi
1152 1942 1260 1980 illam
1283 1941 1478 1982 scientiam
1500 1944 1751 1997 ass'umpserit,

347 2006 418 2045 effe
438 2006 552 2060 poffe.
613 2007 671 2045 Ita
690 2016 728 2045 et
749 2007 821 2046 tibi
835 2008 1129 2060 jurisconsultus
1150 2008 1226 2062 ipse
1257 2022 1324 2062 per
1344 2009 1379 2048 se
1405 2009 1519 2056 nihil,
1551 2011 1619 2050 nifi
1639 2012 1751 2066 legu-

347 2074 443 2112 leius
474 2073 634 2126 quidam
654 2083 787 2113 cautus
808 2083 847 2113 et
866 2084 1015 2120 acutus,
1046 2087 1169 2128 praeco
1189 2076 1398 2122 actionum,
1433 2086 1567 2116 cantor
1596 2077 1750 2117 formu·

349 2140 488 2186 larum,
518 2154 656 2193 auceps
677 2140 923 2193 syllabarum.
983 2142 1055 2180 Sed
1075 2143 1166 2195 quia
1186 2142 1279 2196 saepe
1300 2143 1423 2182 utitur
1443 2153 1568 2183 orator
1588 2144 1752 2183 subsidio

344 2207 440 2257 juris
462 2208 501 2244 in
521 2207 654 2252 caufis,
675 2207 821 2246 ichrco
840 2208 950 2248 istam
966 2209 1062 2262 juris
1084 2208 1282 2250 scientiam
1303 2210 1545 2263 eloquentiae,
1567 2219 1750 2264 tanquam

348 2273 571 2311 ancillulam
592 2272 942 2328 pedissequamque,
964 2276 1183 2328 adjunxisti.

405 2340 514 2377 LVI.
546 2340 665 2389 Qod
684 2354 773 2379 vero
802 2342 1085 2395 impudentiam
1115 2342 1321 2382 admiratus
1343 2358 1381 2383 es
1402 2357 1537 2383 eorum
1568 2353 1749 2397 patrono-

351 2419 452 2450 rum,
476 2406 544 2458 qui
564 2415 642 2452 aut,
672 2420 764 2446 cum
785 2422 897 2461 parva
917 2410 1117 2455 nescirent,
1146 2423 1285 2464 magna
1304 2411 1588 2464 profiterentur,
1611 2420 1674 2448 aut
1694 2424 1747 2454 ea,

351 2486 434 2524 quae
448 2474 618 2512 maxima
637 2473 755 2514 effent
774 2475 916 2530 injure
935 2477 1057 2524 civili,
1080 2479 1235 2518 tractare
1255 2479 1435 2517 auderent
1456 2479 1496 2518 in
1511 2477 1642 2522 caum,
1657 2489 1748 2514 curn

433 2539 499 2576 To
512 2552 564 2578 M.
597 2540 630 2578 Ι.
