2176 2912
779 186 1308 225 ORATOR.
1668 193 1749 243 407

348 279 501 324 accidit,
546 292 623 316 non
656 278 897 330 cognoscere,
943 278 982 322 fi,
1014 292 1083 315 cur
1117 279 1156 316 id
1191 279 1351 324 accidat,
1382 281 1542 333 reperire
1577 294 1745 334 nequea-

350 360 450 384 mus.
511 346 652 396 Neque
683 346 789 382 enim
816 344 893 396 ipse
922 345 1046 382 versus
1068 346 1212 383 ratione
1238 346 1290 383 est
1318 348 1510 399 cognitus,
1533 348 1593 386 sed
1614 349 1748 387 natur&

348 421 462 462 atque
499 410 618 454 sensu,
650 423 768 462 quem
805 410 974 447 dimensa
1008 411 1102 448 ratio
1133 411 1279 456 docuit,
1316 413 1410 464 quid
1443 413 1649 451 acciderit:
1696 415 1748 452 ita

346 477 493 514 notatio
514 485 671 521 naturae,
701 486 738 514 et
759 476 1029 515 animadversio
1050 478 1197 530 peperit
1216 488 1350 516 artem.
1412 479 1482 516 Sed
1511 480 1551 517 in
1583 479 1747 518 versibus

348 556 405 580 res
434 543 486 580 est
519 543 707 595 apertior3
751 556 972 595 quanquam
1001 544 1117 581 etiam
1152 558 1172 581 a
1198 544 1323 583 modis
1352 545 1596 597 quibusdam,
1633 556 1748 583 cantu

348 618 512 654 remoto,
544 609 664 647 soluta
699 608 768 647 effe
802 609 974 646 videatur
1007 610 1141 655 oratio,
1177 612 1423 663 maximeque
1451 611 1493 649 id
1524 611 1563 648 in
1598 612 1749 663 optimo

348 688 506 727 quoque
544 689 678 712 eorum
717 684 930 727 poetarum,
977 676 1044 727 qui
1082 678 1203 733 λυξικοὶ
1237 690 1256 714 a
1292 676 1438 715 Graecis
1470 676 1748 721 nominantur3

349 754 446 792 quos
467 754 560 778 cum
592 750 707 778 cantu
729 741 959 793 spoliaveris,
992 741 1094 779 nuda
1119 755 1216 794 pene
1243 751 1413 780 remanet
1439 743 1573 781 oratio.
1634 743 1748 795 Qo—

350 821 439 844 rum
472 806 610 844 similia
640 807 727 844 sunt
761 806 936 859 quaedam
971 808 1087 845 etiam
1123 808 1223 860 apud
1254 808 1430 854 nostros3
1477 808 1582 847 velut
1611 808 1678 847 illa
1710 809 1752 847 in

348 871 530 923 Thyeste,

487 939 682 990 Qoemnam
703 947 737 977 te
756 939 814 992 est&
833 939 947 978 dicam
961 940 980 977 §9
1012 939 1076 992 qui
1091 938 1202 977 tarda
1221 940 1257 977 in
1265 941 1462 993 ſsnefflute,

347 1012 386 1041 et
413 1017 498 1056 quae
519 1004 756 1056 sequuntur:
787 1019 886 1058 quae,
919 1005 988 1043 nis1
1009 1018 1101 1042 cum
1122 1005 1267 1043 tibicen
1288 1006 1450 1050 acceffit,
1472 1004 1636 1044 orationi
1666 1004 1754 1044 sunt

351 1069 481 1107 solutae
502 1070 711 1108 simillima.
771 1072 826 1108 At
856 1071 1100 1109 comicorum
1122 1070 1255 1109 senarii
1286 1080 1441 1125 propter
1460 1070 1754 1110 similitudinem

350 1135 534 1174 sermonis
566 1137 615 1174 fic
637 1137 730 1188 saepe
750 1136 838 1174 sunt
871 1137 1022 1190 abjecti,
1055 1145 1098 1175 ut
1131 1150 1414 1190 nonnunquam
1433 1138 1499 1177 vix
1525 1138 1566 1176 in
1597 1137 1658 1176 his
1679 1151 1755 1176 nu-

351 1215 479 1240 merus
515 1211 552 1241 et
586 1203 709 1242 versus
731 1204 897 1257 intelligi
928 1203 1066 1256 poffit:
1098 1217 1177 1256 quo
1207 1205 1259 1242 est
1279 1205 1325 1242 ad
1351 1205 1630 1244 inveniendum
1648 1204 1754 1243 diffi-

350 1268 464 1306 cilior
484 1270 523 1307 in
544 1270 715 1308 oratione
734 1284 933 1315 numerus,
956 1283 1073 1322 quam
1096 1270 1135 1307 in
1155 1270 1335 1309 versibus.

408 1335 588 1374 Omnino
622 1337 699 1374 duo
731 1336 831 1381 sunt,
863 1351 947 1389 quae
967 1337 1148 1374 condiant
1167 1337 1405 1382 orationem3
1438 1336 1657 1381 verborum,
1680 1347 1755 1375 nu-

354 1414 629 1454 merorumque
643 1403 878 1455 jucunditas.
926 1404 971 1441 In
991 1403 1115 1441 verbis
1136 1403 1229 1441 inest
1249 1404 1351 1456 quasi
1373 1404 1530 1442 materia
1549 1404 1725 1456 quaedam
1742 1421 1754 1447 ;

351 1467 392 1505 in
414 1482 575 1506 numero
595 1478 725 1506 autem
756 1469 955 1522 expolitio.
1017 1469 1102 1514 Sed,
1126 1479 1168 1507 ut
1198 1471 1343 1508 caeteris
1364 1470 1405 1508 in
1434 1471 1561 1515 rebus,
1598 1469 1756 1508 neceffi-

350 1534 440 1571 tatis
460 1535 616 1572 inventa
634 1535 850 1587 antiquiora
882 1536 981 1580 sunt,
1013 1548 1131 1587 quam
1162 1536 1370 1588 voluptatis
1387 1554 1398 1580 ς
1431 1536 1484 1573 ita
1502 1544 1540 1574 et
1566 1535 1607 1574 in
1625 1534 1698 1574 hac
1719 1548 1760 1574 re

351 1600 506 1645 accidit,
539 1610 583 1639 ut
613 1601 749 1639 multis
785 1601 920 1639 seculis
954 1610 1040 1639 ante
1072 1601 1193 1639 oratio
1225 1601 1340 1647 nuda,
1371 1615 1415 1640 ac
1444 1601 1550 1640 rudis
1582 1601 1629 1640 ad
1660 1601 1757 1641 solos

352 1666 574 1705 animorum
596 1667 718 1705 sensus
740 1667 1010 1720 exprimendos
1043 1666 1159 1705 fuerit
1180 1676 1340 1720 reperta,
1362 1680 1480 1721 quam
1500 1667 1596 1706 ratio
1616 1680 1758 1706 nume-

354 1745 500 1777 rorum,
533 1733 643 1770 causa
672 1732 933 1771 delectationis
965 1733 1131 1778 aurium,
1161 1734 1390 1787 excogitata.
1450 1735 1585 1786 Itaque
1611 1742 1650 1772 et
1670 1735 1758 1772 He-

355 1797 527 1843 rodotus,
549 1808 586 1836 et
607 1800 754 1843 eadem,
787 1800 1031 1852 superiorque
1053 1807 1138 1837 aetas
1160 1814 1323 1839 numero
1348 1801 1484 1846 caruit,
1517 1800 1585 1839 nisi
1605 1801 1760 1854 quando

354 1872 513 1910 temere,
545 1879 588 1903 ac
622 1864 810 1910 fortuit03
847 1874 884 1902 et
914 1865 1112 1918 scriptores
1143 1875 1354 1918 perveteres
1384 1867 1432 1905 de
1463 1879 1626 1906 numero
1658 1865 1761 1905 nihil

351 1932 531 1976 omnino,
562 1931 609 1969 de
638 1932 809 1970 oratione
837 1940 1023 1984 praecepta
1043 1932 1181 1977 multa,
1210 1933 1320 1970 nobis
1342 1932 1592 1985 reliquerunt.
1652 1933 1761 1971 Nam

356 1998 465 2049 quod
499 2006 538 2036 et
575 1998 726 2037 facilius
767 1998 833 2043 est,
879 2007 916 2036 et
951 1999 1073 2051 magis
1109 1997 1371 2044 necessarium,
1415 1999 1456 2037 id
1496 1999 1644 2053 semper
1674 2007 1761 2037 ante

356 2063 618 2115 cognoscitur.

413 2130 523 2168 LVI.
557 2132 692 2183 Itaque
713 2131 896 2175 transsata,
928 2140 992 2169 aut
1012 2130 1122 2176 faeta,
1145 2140 1210 2170 aut
1230 2132 1365 2185 junc‘ta
1383 2130 1509 2176 verba,
1541 2129 1655 2170 facile
1674 2129 1762 2170 sunt

359 2196 526 2247 cognita,
545 2197 635 2249 quia
651 2197 899 2235 sumebantur
915 2211 934 2239 e
951 2198 1238 2243 consuetudine,
1257 2197 1558 2251 quotidianoque
1572 2197 1758 2237 sermone.

359 2260 559 2299 Numerus
587 2271 718 2300 autem
739 2277 816 2302 non
847 2264 964 2303 domo
992 2264 1302 2316 depromebatur,
1340 2278 1465 2318 noque
1498 2263 1663 2303 habebat
1687 2262 1759 2300 ali-

359 2339 478 2378 quam
509 2328 837 2374 necessstudinem,
873 2340 938 2368 aut
968 2332 1238 2384 cognationem
1270 2345 1362 2370 cum
1382 2332 1565 2370 oratione.
1626 2330 1760 2380 Itaque

360 2393 475 2432 serius
497 2394 693 2448 aliquanto
713 2404 879 2441 notatuS‚
910 2406 947 2435 et
968 2397 1161 2450 cognitus,
1193 2398 1295 2451 quasi
1316 2399 1508 2453 quandam
1535 2394 1758 2451 palaestram,

358 2468 399 2499 et
418 2468 589 2502 extrema
607 2461 839 2503 lineamenta
858 2464 1020 2504 orationi
1041 2465 1184 2504 attulit.

1269 2530 1311 2570 N
1333 2544 1358 2570 n
1380 2543 1404 2568 n
1436 2542 1457 2569 2
