2176 2912
420 219 501 261 504
870 203 1373 243 TOPICA.

416 299 518 338 hanc
538 308 669 338 autem
690 311 767 336 non
788 296 957 351 sequitur
972 316 984 342 3
1008 306 1073 335 aut
1093 297 1119 335 fi
1139 295 1232 334 huic
1252 297 1305 334 rei
1325 295 1391 334 illa
1409 294 1614 341 antecedit,
1631 295 1726 335 huic
1746 309 1824 336 non

418 367 634 410 antecedit3
667 374 731 403 aut
761 365 786 403 fi
817 363 911 403 huic
945 364 999 402 rei
1031 372 1230 416 repugnat,
1262 363 1321 400 illi
1350 377 1428 401 non
1455 372 1666 415 repugnat3
1698 372 1763 402 aut
1798 363 1826 403 fi

417 432 534 485 hujus
556 433 608 471 rei
629 431 725 478 haec,
762 432 866 470 illius
897 431 969 469 alia
1001 431 1109 469 causa
1128 431 1180 468 est
1196 448 1207 475 3
1240 439 1304 468 aut
1325 430 1350 467 fi
1384 443 1432 468 ex
1452 430 1526 467 alio
1557 429 1646 475 hoc,
1677 444 1725 469 ex
1750 430 1827 468 alio

419 499 518 537 illud
538 499 720 537 effectum
740 499 792 536 est
808 516 820 543 3
852 512 899 536 ex
919 498 1054 550 quovis
1076 496 1218 535 horum
1239 497 1292 541 id,
1315 496 1361 534 de
1381 510 1459 549 quo
1479 497 1675 548 quaeritur,
1697 497 1827 535 idem-

418 580 479 611 ne,
502 580 549 604 an
568 565 671 603 aliud
692 565 749 610 fit,
772 564 935 602 inveniri
957 563 1090 616 potest.
1850 549 1854 551 ⁷

473 632 537 670 Ad
569 632 727 669 tertium
747 643 866 682 genus
888 629 1119 681 quaestionis,
1156 629 1196 666 in
1217 641 1308 680 quo,
1341 627 1453 679 quale
1473 627 1531 671 fit,
1556 629 1753 679 quaeritur,
1783 628 1827 666 in

418 696 747 750 comparationem
768 708 810 732 ea
837 694 993 738 cadunt,
1015 708 1100 746 quae
1120 693 1234 745 paulo
1255 702 1341 730 ante
1361 693 1401 731 in
1423 693 1719 744 comparationis
1740 693 1828 731 loco

419 771 638 802 enumerata
672 762 772 799 sunt.
833 762 878 799 In
912 760 1011 798 illud
1041 770 1171 798 autem
1191 773 1325 812 genus,
1358 760 1398 796 in
1427 772 1505 811 quo
1536 758 1583 796 de
1613 758 1828 812 expetendo

417 829 680 882 fugiendoque
701 827 898 879 quaeritur,
929 826 1161 865 adhibentur
1191 839 1246 871 ea,
1279 840 1363 878 quae
1384 825 1469 863 sunt
1500 834 1566 863 aut
1595 825 1729 870 animi,
1761 832 1826 863 aut

419 896 602 948 corporis,
634 903 698 932 aut
729 903 882 932 externa
912 893 971 931 vel
992 893 1211 937 commoda,
1245 893 1304 930 vel
1325 892 1588 930 incommoda.
1649 893 1829 944 Itemque

419 977 513 1001 cum
549 962 595 1000 de
625 960 797 1005 honesto,
830 961 1011 1013 turpique
1030 960 1226 1013 quaeritur,
1258 959 1304 997 ad
1332 959 1451 997 animi
1474 959 1586 1004 bona,
1622 959 1681 997 vel
1712 958 1825 1004 mala,

420 1029 548 1067 omnis
570 1027 767 1079 dirigenda
786 1026 906 1064 oratio
925 1026 991 1064 est.

477 1097 583 1133 Cum
604 1104 732 1131 autem
764 1092 810 1130 de
840 1107 950 1144 aequo
970 1102 1007 1130 et
1029 1092 1164 1144 iniquo
1189 1091 1390 1135 difl‘eritur‚
1422 1091 1613 1144 aequitatis
1634 1090 1712 1129 loci
1743 1090 1827 1129 col-

422 1162 610 1214 liguntur.
642 1160 702 1198 Hi
721 1169 931 1197 cernuntur
952 1159 1146 1212 bipartito,
1169 1167 1207 1196 et
1228 1168 1374 1203 natura,
1397 1166 1436 1195 et
1456 1158 1646 1197 instituto.
1678 1157 1830 1196 Natura

420 1238 543 1282 partes
575 1227 690 1265 habet
724 1227 830 1271 duas,
863 1227 1069 1264 tuitionem
1097 1225 1166 1270 sui,
1198 1234 1236 1263 et
1264 1225 1473 1263 ulciscendi
1495 1226 1573 1277 jus.
1634 1224 1831 1263 Institutio

421 1304 552 1333 autem
587 1293 775 1345 aequitatis
811 1293 999 1344 tripartita
1032 1292 1097 1330 est.
1158 1293 1246 1329 Una
1278 1305 1362 1344 pars
1398 1292 1574 1343 legitima
1607 1291 1673 1336 est,
1714 1291 1830 1329 altera

421 1361 666 1404 conveniens,
688 1359 799 1397 tertia
818 1359 937 1396 moris
958 1358 1139 1396 vetustate
1169 1357 1407 1396 confirmata.
1452 1359 1584 1410 Atque
1604 1357 1721 1395 etiam
1741 1370 1830 1395 rur-

422 1427 481 1466 sus
502 1426 657 1479 aequitas
680 1425 868 1478 tripartita
887 1425 1028 1463 dicitur
1057 1424 1153 1470 esse3
1179 1438 1253 1462 una
1274 1424 1320 1461 ad
1341 1423 1492 1476 superos
1514 1424 1618 1469 deos,
1649 1424 1765 1462 altera
1783 1423 1831 1462 ad

422 1506 566 1537 manes,
603 1493 713 1530 tertia
746 1492 792 1529 ad
826 1490 1003 1529 homines
1038 1491 1240 1543 pertinere.
1301 1491 1445 1535 Prima,
1473 1491 1592 1543 pietas
1609 1509 1621 1536 3
1653 1489 1829 1535 secunda,

424 1559 594 1598 sanctitas
611 1577 623 1603 3
656 1558 778 1602 tertia,
795 1557 956 1609 justitia,
978 1566 1043 1595 aut
1063 1557 1220 1608 aequitas
1242 1557 1477 1595 nominatur.

477 1624 630 1663 XXIV.
663 1624 725 1661 De
745 1623 938 1676 propofito
957 1622 1043 1660 satis
1065 1622 1213 1660 multa:
1247 1622 1425 1674 deinceps
1457 1622 1503 1659 de
1524 1621 1631 1659 causa
1651 1621 1830 1674 pauciora

423 1690 585 1729 dicenda
604 1689 703 1728 sunt.
751 1689 935 1742 Pleraque
965 1689 1071 1726 enim
1092 1688 1179 1726 sunt
1202 1688 1237 1725 ei
1263 1701 1354 1725 cum
1374 1688 1567 1740 proposito
1587 1688 1827 1726 communia.

422 1758 519 1796 Tria
538 1756 625 1795 sunt
644 1757 765 1809 igitur
781 1769 920 1809 genera
939 1755 1134 1793 causarum
1148 1773 1159 1799 3
1186 1754 1342 1806 judicii,
1366 1753 1665 1799 deliberationis,
1696 1754 1828 1792 lauda-

422 1824 568 1863 tionis:
600 1837 763 1876 quarum
784 1823 877 1861 fines
913 1823 981 1876 ipfi
1013 1823 1219 1866 declarant,
1258 1821 1400 1873 quibus
1434 1821 1620 1859 utendum
1654 1822 1748 1860 locis
1769 1821 1827 1860 fit.

422 1891 531 1930 Nam
545 1890 685 1942 judicii
717 1889 804 1927 finis
836 1889 889 1927 est
916 1890 1007 1942 jus3
1040 1902 1085 1926 ex
1107 1902 1185 1940 quo
1205 1888 1323 1925 etiam
1344 1901 1500 1925 nomen.
1562 1887 1666 1938 Juris
1700 1896 1831 1925 autem

423 1965 545 2010 partes
567 1965 652 1994 tum
674 1955 864 2008 expofitae,
887 1969 978 1993 cum
1001 1955 1205 2007 aequitatis.
1253 1953 1504 1991 Deliberandi
1523 1953 1625 1998 finis,
1658 1952 1828 1997 utilitas3

422 2024 532 2074 cujus
553 2021 611 2060 hae
632 2031 768 2075 partes,
787 2036 872 2074 quae
893 2022 1011 2059 modo
1031 2021 1221 2073 expositae,
1239 2033 1368 2057 rerum
1384 2019 1699 2072 expetendarum.
1722 2019 1828 2057 Lau-

423 2089 586 2127 dationis
608 2088 709 2133 finis,
731 2087 929 2132 honestas3
962 2089 1008 2125 de
1028 2101 1103 2139 qua
1123 2087 1217 2124 item
1238 2085 1291 2123 est
1310 2095 1396 2123 ante
1416 2085 1579 2123 dictum.

479 2155 550 2193 Sed
582 2155 747 2193 definitae
782 2154 1005 2206 quaestiones
1026 2168 1045 2191 a
1071 2153 1144 2191 suis
1177 2165 1341 2205 quaeque
1374 2152 1483 2196 locis,
1516 2151 1618 2203 quafi
1649 2151 1828 2204 propriis,

424 2221 690 2265 instituuntur,
722 2222 761 2258 in
783 2220 1078 2264 accusationem,
1111 2218 1447 2271 defensionemque
1468 2219 1625 2271 partitae.
1672 2219 1717 2255 In
1738 2219 1829 2271 qui-

425 2288 496 2327 bus
517 2287 684 2326 existunt
704 2285 785 2324 haec
806 2299 953 2338 genera,
978 2295 1020 2324 ut
1040 2285 1232 2323 accusator
1252 2284 1450 2337 personam
1471 2293 1603 2337 arguat
1623 2283 1737 2322 faeti:
1761 2284 1830 2322 de-

422 2353 551 2392 fensor
571 2353 717 2406 aliquid
737 2361 905 2405 opponat
926 2352 971 2390 de
993 2352 1115 2390 tribus
1134 2371 1145 2397 3
1168 2360 1233 2389 aut
1254 2365 1329 2389 non
1351 2351 1422 2389 effe
1442 2350 1587 2389 factum
1606 2369 1615 2395 3
1638 2359 1716 2396 aut,
1739 2350 1764 2389 fi
1785 2351 1832 2390 fit

424 2421 586 2465 factum,
608 2420 711 2458 aliud
731 2420 811 2472 ejus
832 2418 921 2457 faeti
943 2433 1082 2457 nomen
1104 2418 1174 2457 efl‘e
1190 2437 1201 2464 3
1225 2427 1290 2456 aut
1304 2419 1392 2471 jure
1412 2417 1483 2457 effe
1502 2416 1663 2456 fadum.
1696 2418 1831 2470 Itaque

424 2497 490 2525 aut
503 2486 687 2531 infitialis,
705 2495 769 2524 aut
785 2486 1048 2538 conjecturalis
1064 2486 1189 2538 prima
1207 2485 1419 2538 appelletur
1432 2503 1443 2529 ;
1466 2484 1676 2528 definitiva,
1693 2483 1807 2521 altera
1813 2501 1827 2529 3

426 2553 548 2601 tertia,
571 2553 745 2606 quamvis
767 2551 975 2592 molestum
995 2565 1138 2593 nomen
1158 2550 1233 2592 hoc
1250 2551 1308 2598 fit,
1324 2550 1554 2605 juridicialis
1575 2557 1744 2591 vocetur.
