2176 2912
535 185 1498 226 LIBERSECUNDUS.
1668 200 1715 238 91

313 278 627 318 considerabitur.
661 278 761 315 Item
777 276 1052 322 infirmabitur,
1069 278 1094 316 fi
1112 277 1248 330 turpis,
1264 286 1329 315 aut
1346 277 1495 316 inutilis
1509 278 1579 316 esse
1593 279 1719 318 osten-

311 346 417 384 ditur
435 345 516 397 ejus
540 344 806 396 descriptionis
827 344 1066 397 approbatio,
1099 353 1137 382 et
1158 343 1197 389 fi,
1231 358 1317 395 quae
1343 343 1596 382 incommoda
1620 359 1717 383 con·

313 411 487 449 secutura
502 411 588 456 sint,
606 425 651 449 eo
667 410 855 454 conceffo,
880 402 1124 456 ostendetur5
1160 411 1217 463 (id
1238 418 1367 448 autem
1389 423 1436 447 ex
1456 408 1662 449 honestatis
1683 421 1721 450 et

312 467 491 516 utilitatis
512 477 684 530 partibus
706 476 892 521 sumetur,
921 477 967 515 de
988 476 1130 529 quibus
1151 478 1191 515 in
1213 476 1499 515 deliberationis
1520 478 1717 529 praeceptis

309 545 571 597 exponemus)
603 552 641 582 et
670 544 696 582 s1
726 556 819 581 cum
850 543 1076 582 definitione
1106 544 1230 582 nostra
1259 542 1559 581 adversariorum
1579 543 1717 581 defini-

311 610 462 649 tionem
487 609 747 655 conferemus,
778 619 817 647 et
847 609 1028 655 nostram,
1059 623 1202 655 veram,
1235 608 1448 653 honestam,
1484 609 1623 647 utilem
1648 609 1719 647 effe

311 676 685 721 demonstrabimus5
716 676 891 720 illorum,
923 685 1069 714 contra.
1130 677 1360 728 Qaeremus
1390 684 1520 713 autem
1553 688 1623 719 reS,
1655 684 1719 713 aut

311 743 464 795 majori,
495 752 561 781 aut
581 742 738 787 minori,
769 751 834 780 aut
855 742 935 796 pari
956 743 995 781 in
1017 742 1174 795 negotio
1194 742 1350 787 fimiles,
1381 755 1429 780 ex
1449 741 1592 794 quibus
1613 742 1717 780 affir—

310 818 440 847 metur
460 809 584 847 nostra
603 807 820 861 descriptio.

348 874 503 912 XVIII.
519 876 608 925 Jam
622 874 647 912 fi
661 887 717 912 res
730 874 858 927 plures
872 883 984 912 erunt
997 872 1237 919 definiendae,
1252 882 1308 918 ut,
1324 873 1349 911 fi
1364 882 1567 926 quaeratur,
1582 872 1645 912 fur
1658 873 1715 918 fit,

309 953 357 977 an
371 939 588 993 sacrilegus,
598 941 666 992 qui
679 940 761 978 vasa
773 954 819 978 ex
827 941 975 993 privato
989 940 1088 978 sacra
1096 939 1333 993 surripuerit,
1343 940 1415 977 erit
1429 940 1617 978 utendum
1626 940 1718 993 plu-

310 1005 416 1043 ribus
433 1005 745 1045 definitionibus:
769 1006 906 1044 deinde
922 1006 1039 1044 fimili
1056 1006 1202 1044 ratione
1222 1005 1330 1043 causa
1347 1005 1550 1043 tractanda.
1587 1007 1718 1044 Locus

309 1079 440 1110 autem
460 1072 683 1111 communis
705 1072 745 1111 in
766 1072 848 1124 ejus
868 1072 1074 1116 malitiam,
1093 1072 1162 1124 qui
1180 1085 1259 1110 non
1280 1071 1399 1109 modo
1420 1084 1563 1116 rerum,
1582 1085 1717 1110 verum

308 1137 426 1174 etiarn
459 1137 668 1175 verborum
698 1138 925 1191 potestatem
960 1138 1030 1176 fibi
1064 1151 1235 1190 arrogare
1261 1145 1436 1181 conetur,
1466 1145 1511 1175 ut
1537 1145 1576 1175 et
1603 1135 1719 1176 faciat

309 1202 417 1254 quod
435 1202 542 1247 velit,
557 1212 595 1240 et
615 1203 668 1248 id,
691 1204 796 1255 quod
815 1203 963 1249 fecerit,
982 1218 1061 1257 quo
1079 1203 1172 1241 velit
1191 1203 1350 1242 nomine
1370 1202 1551 1256 appellet.
1589 1202 1716 1242 Dein-

309 1267 357 1306 de
385 1267 593 1306 defensoris
625 1269 773 1321 primus
805 1269 912 1316 locus
943 1270 996 1308 est
1015 1270 1111 1308 item
1143 1269 1314 1308 nominis
1349 1269 1475 1307 brevis
1505 1277 1544 1307 et
1574 1277 1717 1321 aperta,

309 1341 348 1370 et
367 1346 414 1371 ex
434 1334 618 1386 opinione
637 1333 862 1380 hominum,
878 1335 1097 1388 descriptio,
1115 1333 1190 1372 hoc
1206 1335 1350 1379 modo;
1373 1334 1618 1386 Majestatem
1637 1335 1716 1372 mi-

308 1412 440 1444 nuere,
471 1400 524 1438 est
543 1400 690 1453 aliquid
711 1401 756 1439 de
777 1401 986 1454 republica,
1017 1415 1110 1439 cum
1131 1401 1356 1454 potestatem
1376 1414 1455 1438 non
1471 1399 1626 1446 habeas,
1647 1400 1715 1438 ad-

309 1465 535 1504 ministrare.
596 1467 750 1505 Deinde
780 1466 896 1520 hujus
917 1466 1163 1505 confirmatio
1184 1467 1374 1504 fimilibus
1394 1474 1432 1503 et
1462 1467 1651 1519 exemplis
1679 1476 1718 1505 et

308 1532 535 1571 rationibus.
560 1533 691 1571 Postea
705 1533 760 1571 sui
776 1533 866 1572 faeti
879 1534 926 1572 ab
945 1533 1011 1571 illa
1025 1532 1252 1571 definitione
1271 1533 1467 1585 separatio.
1487 1533 1640 1571 Deinde
1655 1533 1716 1572 lo-

308 1611 376 1636 cus
394 1600 632 1645 communis,
656 1613 723 1652 per
742 1614 861 1652 quem
878 1599 967 1637 faeti
988 1600 1148 1645 utilitas,
1171 1608 1236 1637 aut
1256 1598 1446 1643 honestas,
1465 1599 1688 1652 adaugetur.

364 1664 517 1703 Deinde
550 1665 722 1717 sequitur
751 1665 1050 1704 adversariorum
1081 1665 1318 1704 definitionis
1345 1663 1600 1717 reprehenfio,
1631 1679 1717 1717 quae

308 1729 444 1768 iisdem
478 1744 525 1769 ex
560 1730 654 1770 locis
675 1732 875 1776 omnibus,
907 1745 1004 1783 quos
1025 1731 1233 1769 accusatori
1254 1730 1565 1783 praescripfimus,
1589 1730 1714 1769 confi·

307 1795 410 1833 citur
422 1815 433 1841 3
466 1805 504 1834 et
524 1806 658 1835 caetera
677 1797 760 1849 post
779 1798 912 1835 eadem
930 1807 1065 1850 praeter
1084 1811 1340 1835 communem
1361 1796 1494 1834 locum
1522 1796 1713 1835 inducen-

309 1870 384 1899 tur.
408 1863 537 1900 Locus
553 1872 683 1901 autem
699 1864 922 1901 communis
943 1864 1015 1901 erit
1031 1863 1238 1902 defensoris
1255 1864 1301 1908 is,
1316 1877 1383 1916 per
1398 1876 1517 1916 quern
1533 1864 1711 1917 indigna—

309 1927 427 1972 bitur,
453 1929 726 1973 accusatorem,
749 1929 805 1966 sui
825 1928 989 1982 periculi
1007 1929 1131 1974 causa,
1153 1943 1231 1967 non
1253 1943 1309 1968 res
1331 1929 1455 1967 solum
1476 1939 1712 1976 convertere,

307 2006 442 2032 verum
458 1995 573 2034 etiam
588 1996 700 2034 verba
712 2005 968 2040 commutare,
983 1996 1126 2034 conari.
1156 1996 1264 2034 Nam
1281 1996 1338 2033 illi
1353 1996 1512 2048 quidem
1528 2010 1712 2035 commu-

307 2073 373 2098 nes
394 2060 484 2106 loci,
507 2061 662 2114 qui'aut
682 2061 886 2099 calumniae
914 2061 1178 2100 accusatorum
1199 2061 1515 2107 demonstrandae,
1549 2072 1614 2101 aut
1633 2064 1712 2102 mi-

307 2126 517 2165 sericordiae
533 2128 742 2180 captandae,
775 2137 840 2165 aut
857 2127 946 2165 facti
967 2128 1209 2181 indignandi,
1241 2138 1307 2166 aut
1325 2142 1345 2165 a
1365 2128 1622 2167 misericordia
1641 2130 1708 2168 de-

307 2193 473 2231 terrendi
493 2193 603 2231 causa
623 2193 842 2238 sumuntur,
874 2207 921 2232 ex
940 2194 1103 2247 periculi
1125 2194 1406 2247 magnitudine,
1429 2208 1507 2233 non
1527 2209 1574 2233 ex
1595 2196 1710 2234 causae

305 2273 457 2311 genere,
480 2260 689 2299 ducuntur.
751 2262 881 2313 Qare
903 2275 979 2299 non
1007 2262 1047 2299 in
1068 2275 1227 2300 omnem
1248 2261 1414 2307 causam,
1447 2262 1509 2300 sed
1534 2263 1573 2300 in
1594 2276 1710 2300 omne

306 2327 423 2365 causae
440 2341 561 2380 genus
579 2328 771 2366 incidunt.
815 2329 964 2366 Eorum
980 2329 1221 2368 mentIOnem
1240 2330 1278 2367 in
1292 2330 1539 2382 conjedwrali
1568 2330 1705 2367 consti-

305 2393 455 2431 tutione
475 2392 655 2434 fecimus,
687 2395 917 2434 Indu&ione
938 2403 1067 2434 autem
1088 2409 1237 2441 eorum,
1256 2409 1347 2434 cum
1364 2396 1471 2434 causa
1488 2396 1707 2448 postulabit,

305 2468 474 2499 utemur.

990 2527 1091 2570 Ma
