2176 2912
724 184 1439 228 ORATORIBUS.
1706 194 1783 248 385

380 274 468 313 filiae
488 275 581 327 saepe
600 273 734 312 sermo.
765 276 869 328 Ergo
890 276 998 314 illam
1019 278 1134 330 patris
1155 278 1341 331 elegantia
1361 280 1521 320 tinctam
1542 284 1724 332 vidimus,
1746 297 1783 325 et

379 342 475 379 filias
496 342 575 393 ejus
597 341 751 378 Mucias
768 342 912 387 ambaS,
936 357 1100 394 quarum
1120 344 1243 383 sermo
1259 345 1359 384 mihi
1373 347 1449 385 fuit
1470 359 1608 395 notus;
1629 363 1667 390 et
1686 368 1780 406 nep-

378 415 431 443 tes
452 406 637 450 Licinias,
659 420 752 458 quas
773 420 841 445 nos
862 408 1019 459 quidem
1051 410 1196 456 ambas,
1225 410 1325 450 hanc
1346 427 1433 451 vero
1455 416 1643 467 Scipionis
1664 420 1780 459 etiam

376 480 432 515 tu,
469 472 600 515 Brute,
633 471 760 517 credo,
797 473 1002 525 aliquando
1036 475 1172 514 audisti
1198 476 1437 529 loquentem.
1498 481 1584 532 Ego
1605 496 1705 528 vero,
1737 498 1781 523 ac

374 535 551 575 lubenter
571 537 745 589 quidem,
767 539 895 591 inquit
917 540 1058 578 Brutus
1076 558 1086 585 3
1108 551 1145 580 et
1165 556 1210 580 eo
1230 543 1440 590 lubentius,
1461 546 1566 597 quod
1588 548 1636 586 L.
1661 550 1779 588 Crassi

373 612 452 641 erat
471 603 563 642 filia.

430 669 539 720 Qid
567 669 755 715 Crassum,
788 671 964 724 inquam,
1001 674 1116 712 illum
1146 675 1271 714 censes
1302 677 1408 716 istius
1441 679 1603 718 Liciniae
1634 680 1776 726 filium,

375 734 492 772 Craffi
514 735 738 774 testamento
754 738 822 789 qui
837 737 913 777 fuit
933 739 1131 793 adoptatus
1149 742 1161 778 ?
1194 743 1358 782 Summo
1380 744 1444 782 iste
1461 746 1618 798 quidem
1635 748 1779 786 dicitur

371 800 528 852 ingenio
547 800 670 846 fuisse,
704 802 844 854 inquit.
906 805 959 843 Et
990 820 1076 844 vero
1096 806 1162 845 hic
1180 809 1321 860 Scipio,
1349 811 1497 863 collega
1517 825 1641 857 meus,
1676 812 1777 852 mihi

371 865 458 903 sane
478 866 575 904 bene
594 876 633 904 et
662 867 770 919 loqui
790 869 953 915 videtur,
984 880 1022 909 et
1055 872 1193 911 dicere.
1242 874 1376 920 Recte,
1406 877 1582 929 inquam,
1608 879 1775 931 judicaS,

370 931 501 970 Brute.
547 932 706 970 Etenim
727 933 832 972 istius
852 949 972 988 genus
992 936 1045 974 est
1065 950 1111 975 ex
1132 938 1246 990 ipfius
1267 939 1458 992 sapientiae
1484 943 1598 996 stirpe
1617 958 1774 997 genera-

370 1005 470 1036 tum.
502 998 610 1037 Nam
630 1008 668 1037 et
688 999 734 1044 de
754 1000 904 1040 duobus
925 1003 1002 1041 avis
1031 1004 1115 1055 jam
1136 1004 1321 1052 diximus,
1344 1009 1522 1061 Scipione
1547 1018 1585 1048 et
1615 1011 1744 1050 Crasso
1758 1031 1772 1057 ;

367 1073 407 1103 et
427 1065 473 1102 de
493 1065 615 1104 tribus
635 1067 798 1118 proavis,
831 1069 1090 1120 QMetello,
1113 1072 1223 1124 cujus
1244 1083 1409 1125 quatuor
1426 1075 1496 1114 filii
1509 1095 1521 1121 3
1555 1078 1599 1116 P.
1623 1079 1773 1132 Scipio-

368 1143 430 1175 ne,
466 1131 535 1183 qui
553 1144 601 1170 ex
621 1132 823 1171 dominatu
843 1135 939 1173 Tib.
971 1135 1143 1175 Gracchi
1161 1138 1330 1190 privatus
1362 1141 1402 1179 in
1429 1142 1647 1182 libertatem
1667 1158 1772 1184 rem-

366 1196 567 1249 publicam
587 1197 795 1237 vindicavit
810 1218 822 1244 ;
856 1201 1098 1252 QScaevola
1117 1217 1274 1256 augure,
1307 1207 1375 1258 qui
1394 1208 1641 1260 peritiffimus
1655 1211 1770 1263 juris,

365 1262 549 1316 idemque
575 1265 768 1317 percomis
802 1265 855 1304 est
884 1265 1054 1307 habitus.
1113 1269 1203 1320 Jam
1233 1270 1401 1310 duorum
1425 1273 1633 1314 abavorum
1652 1290 1771 1328 quam

365 1328 418 1367 est
437 1329 582 1368 illustre
596 1344 739 1369 nomen
754 1350 766 1377 3
790 1333 834 1370 P.
854 1333 1057 1386 Scipionis,
1079 1336 1148 1387 qui
1168 1336 1226 1374 bis
1248 1338 1393 1376 Consul
1412 1338 1502 1385 fuit,
1521 1342 1589 1394 qui
1608 1342 1661 1380 est
1674 1343 1769 1382 Cor-

363 1396 480 1435 culum
506 1396 629 1434 dictus
645 1415 657 1442 3
690 1397 843 1437 alterius
874 1400 1056 1439 omnium
1077 1401 1352 1454 sapientiffimi,
1385 1406 1434 1443 C.
1458 1407 1598 1445 Laelii!
1631 1409 1669 1446 O
1698 1422 1769 1462 ge-

361 1461 548 1507 nerosam,
578 1462 722 1515 inquit,
753 1463 936 1517 stirpem!
969 1475 1007 1504 et
1040 1475 1224 1519 tanquam
1251 1469 1291 1506 in
1326 1483 1444 1509 unam
1464 1471 1639 1511 arborem
1659 1474 1769 1527 plura

362 1540 499 1580 genera
513 1546 526 1573 3
558 1527 608 1566 fic
629 1529 670 1566 in
689 1528 800 1568 istam
827 1530 991 1569 domum
1012 1532 1231 1572 multorum
1251 1534 1401 1574 infitam
1431 1545 1546 1590 atque
1565 1538 1767 1578 illumina-

363 1601 445 1631 tam
464 1593 687 1647 sapientiam
703 1595 711 1632 ἔ

418 1661 528 1699 LIX.
562 1662 746 1700 Similiter
767 1663 886 1716 igitur
909 1664 1089 1718 suspicor,
1125 1667 1185 1718 (ut
1199 1667 1442 1709 conferamus
1462 1685 1576 1724 parva
1594 1674 1764 1726 magnis)

365 1725 561 1771 Curionis,
592 1727 658 1765 etfi
693 1729 866 1781 pupillus
900 1731 1052 1770 relictus
1073 1732 1139 1778 est,
1170 1735 1293 1786 patrio
1321 1735 1429 1774 fuiffe
1463 1738 1638 1777 instituto
1668 1752 1767 1791 puro

360 1789 535 1829 sermone
554 1791 791 1832 assuefactam
811 1795 974 1834 domum
992 1815 1004 1842 3
1036 1808 1073 1836 et
1092 1811 1136 1836 eo
1155 1801 1277 1852 magis
1299 1800 1374 1840 hoc
1396 1804 1548 1855 judico,
1570 1806 1674 1858 quod
1695 1819 1764 1844 ne-

361 1858 511 1895 minem
530 1871 576 1896 ex
596 1858 642 1896 iis
663 1859 836 1910 quidem,
857 1862 925 1913 qui
951 1863 1082 1915 aliquo
1102 1864 1142 1901 in
1163 1878 1327 1906 numero
1345 1867 1517 1915 fuerunt,
1539 1872 1704 1924 cognovi
1725 1872 1764 1911 in

360 1923 468 1960 omni
487 1937 624 1975 genere
639 1922 883 1964 honestarum
901 1929 1042 1967 artium
1058 1938 1137 1967 tam
1153 1930 1370 1979 indoctum,
1388 1944 1467 1973 tarn
1485 1937 1631 1975 rudem.
1655 1938 1763 1976 Nul-

359 1989 445 2027 lum
465 1989 531 2027 ille
550 2000 702 2042 poetam
733 2004 901 2039 noverat,
932 1995 1087 2034 nullum
1108 1996 1249 2049 legerat
1269 2009 1472 2046 oratorem,
1508 2003 1656 2042 nullam
1676 2018 1762 2042 me-

360 2056 525 2094 moriam
556 2057 794 2109 antiquitatis
826 2060 1059 2114 collegerat;
1092 2076 1170 2101 non
1199 2065 1404 2116 publicum
1425 2068 1504 2118 jus,
1537 2082 1612 2108 non
1634 2070 1761 2122 priva-

358 2130 445 2159 tum
460 2131 498 2159 et
513 2122 626 2160 civile
643 2135 871 2176 cognoverat
887 2141 894 2164 :
913 2140 1134 2179 quanquam
1149 2129 1189 2167 id
1205 2131 1364 2182 quidem
1382 2131 1458 2171 fuit
1474 2135 1589 2173 etiam
1606 2136 1645 2173 in
1662 2137 1758 2181 alfis,

359 2195 395 2223 et
415 2188 565 2238 magnis
592 2189 752 2240 quidem
783 2193 1009 2238 oratoribus,
1040 2207 1136 2245 quos
1157 2208 1293 2247 parum
1313 2196 1373 2236 his
1396 2198 1595 2239 instructos
1617 2202 1759 2240 artibus

358 2251 540 2297 vidimus,
572 2262 614 2290 ut
635 2254 866 2306 Sulpicium,
898 2267 940 2296 ut
960 2260 1195 2299 Antonium.
1229 2263 1299 2300 Sed
1320 2263 1346 2300 ii
1368 2274 1495 2303 tamen
1518 2280 1640 2305 unum
1660 2268 1757 2305 illud

358 2316 563 2363 habebant,
605 2319 756 2359 dicendi
782 2337 877 2375 opus
909 2325 1144 2365 elaboratum
1162 2345 1174 2372 ;
1219 2328 1337 2381 idque
1368 2345 1460 2370 cum
1496 2333 1679 2371 constaret
1711 2347 1756 2371 ex

358 2384 531 2435 quinque
552 2385 753 2426 notissimis
773 2390 958 2440 partibus,
990 2405 1105 2430 nemo
1135 2393 1174 2430 in
1196 2394 1322 2447 aliqua
1341 2406 1445 2448 parte
1475 2411 1603 2436 earum
1625 2399 1756 2436 omni-

358 2462 408 2487 no
440 2448 537 2486 nihil
568 2460 728 2502 poterat.
787 2454 833 2497 In
859 2469 1088 2511 quacunque
1122 2458 1228 2498 enim
1264 2474 1337 2499 una
1371 2463 1483 2514 plane
1513 2463 1753 2507 claudicaret,

456 2516 600 2555 ToM.
631 2517 664 2557 Ι.
1338 2529 1454 2567 <sec
