2176 2912
410 204 486 244 270
764 188 879 227 DE
957 187 1462 226 ORATORE

407 287 594 336 Apertam
624 282 730 320 enim
750 281 1005 320 narrationem
1026 290 1105 319 tam
1125 279 1195 318 esse
1216 289 1379 333 oportet,
1410 292 1527 331 quam
1558 287 1713 324 caetera3
1745 277 1808 316 sed

407 349 483 387 hoc
518 349 638 401 magis
670 349 709 386 in
728 347 800 385 hac
819 347 1095 385 elaborandum
1129 346 1194 391 est,
1226 347 1331 398 quod
1350 355 1387 383 et
1418 345 1613 383 difficilius
1648 345 1700 382 est
1729 357 1808 382 non

407 416 478 454 effe
498 415 706 453 obscurum
723 415 763 452 in
783 427 821 450 re
841 413 1036 457 narranda,
1069 426 1185 464 quam
1206 422 1270 449 aut
1291 413 1330 449 in
1351 411 1555 464 principio,
1587 419 1652 448 aut
1674 411 1715 448 in
1746 423 1806 448 ar-

405 491 608 535 gumento,
644 489 708 517 aut
739 481 779 516 in
810 479 1021 531 purgando,
1053 488 1117 516 aut
1148 479 1187 516 in
1214 477 1445 531 perorando:
1478 486 1515 514 et
1535 478 1677 528 majore
1705 477 1807 529 peri-

406 548 496 585 culo
516 545 598 584 haec
629 559 712 598 pars
743 544 923 582 orationis
951 543 1110 581 obscura
1133 543 1198 587 est,
1231 556 1349 594 quam
1369 552 1536 580 caeterae:
1569 542 1628 579 vel
1648 542 1750 594 quia,
1781 541 1808 579 fi
1851 531 1855 533 ,

405 627 485 666 quo
518 613 593 650 alio
624 612 664 649 in
699 611 785 648 loco
818 610 870 647 est
898 610 1046 647 dietum
1077 609 1171 660 quid
1201 609 1410 652 obscurius,
1442 617 1595 645 tantum
1625 608 1665 645 id
1694 608 1807 660 perit,

405 680 511 732 quod
532 680 582 716 ita
602 678 749 714 dietum
770 675 822 713 est
837 694 849 720 3
881 675 1046 713 narratio
1065 675 1224 712 obscura
1245 684 1366 711 totam
1387 674 1554 712 obcaecat
1569 674 1806 711 orationem:

404 746 465 784 vel
485 744 590 797 quod
623 743 694 780 alia
712 741 838 794 poffis,
874 741 989 778 semel
1010 740 1037 778 fi
1057 740 1254 778 obscurius
1276 740 1428 785 dixeris,
1461 739 1584 777 dicere
1616 739 1691 777 alio
1721 740 1809 777 loco

404 811 555 863 planius
572 827 583 853 3
618 806 838 845 narrationis
856 819 954 844 unus
975 805 1028 843 est
1047 807 1088 843 in
1114 805 1221 843 causa
1241 805 1361 843 locus.
1413 806 1500 842 Erit
1520 813 1648 842 autem
1664 803 1808 857 perspi-

405 890 478 915 cua
510 876 687 918 narratio,
718 874 744 911 fi
779 873 902 910 verbis
933 872 1090 917 usitatis,
1121 872 1147 910 fi
1167 871 1300 910 ordine
1329 880 1550 924 temporum
1576 870 1807 914 conservato,

406 943 433 981 fi
454 956 532 980 non
552 942 780 992 interrupte,
812 938 1038 977 narrabitur.

461 1009 651 1047 LXXXI.
685 1007 756 1045 Sed
776 1005 930 1058 quando
950 1005 1138 1043 utendum
1159 1005 1217 1050 fit,
1249 1014 1314 1043 aut
1335 1018 1411 1043 non
1432 1005 1490 1049 fit,
1513 1005 1737 1048 narratione,
1753 1003 1808 1052 *id

406 1076 459 1114 est
479 1075 639 1114 confilii.
672 1073 814 1125 Neque
834 1072 938 1110 enim
954 1072 980 1110 fi
1002 1081 1092 1110 nota
1111 1085 1167 1110 res
1183 1072 1248 1116 est,
1268 1085 1336 1109 nec
1355 1071 1519 1109 dubium
1540 1071 1634 1122 quid
1661 1069 1809 1122 gestum

407 1142 466 1187 fit,
489 1141 627 1179 narrari
647 1149 820 1193 oportet3
854 1152 923 1177 nec
943 1139 969 1177 fi
987 1138 1214 1177 adversarius
1235 1138 1412 1182 narravit,
1433 1137 1500 1174 nisi
1517 1136 1543 1173 fi
1564 1135 1806 1174 refellemus:

406 1222 463 1253 ac,
486 1209 512 1246 fi
532 1207 685 1259 quando
705 1206 776 1244 erit
797 1206 1040 1250 narrandum,
1063 1219 1109 1242 ne
1130 1204 1209 1249 illa,
1224 1218 1308 1256 quae
1328 1203 1582 1256 suspicionem
1602 1212 1640 1240 et
1659 1203 1808 1240 crimen

406 1274 589 1317 efficient,
612 1281 820 1324 contraque
840 1284 908 1309 nos
929 1280 1055 1315 erunt,
1077 1270 1213 1308 acriter
1236 1269 1530 1323 persequamur;
1558 1278 1596 1306 et
1618 1267 1810 1320 quidquid

406 1340 561 1392 poterit,
584 1337 852 1376 detrahamus:
886 1351 933 1375 ne
953 1337 1066 1382 illud,
1088 1337 1192 1390 quod
1214 1336 1377 1382 Crassus,
1400 1336 1425 1374 fi
1446 1335 1601 1388 quando
1620 1334 1699 1379 fiat,
1721 1348 1808 1387 per-

405 1406 509 1451 fidia,
531 1419 609 1444 non
629 1404 802 1448 stultitia,
824 1404 906 1442 fieri
924 1413 1048 1456 putat,
1064 1413 1106 1442 ut
1125 1404 1242 1442 causae
1262 1416 1483 1448 noceamus,
1505 1401 1665 1440 accidat.
1701 1401 1809 1439 Nam

407 1473 454 1510 ad
483 1472 675 1509 summam
696 1471 814 1508 totius
835 1469 952 1508 causae
972 1470 1151 1522 pertinet,
1180 1479 1303 1514 caute,
1325 1483 1371 1507 an
1393 1478 1535 1512 contra,
1557 1466 1810 1505 demonstrata

408 1551 465 1576 res
487 1538 555 1581 fit,
587 1536 692 1588 quod
712 1536 838 1574 omnis
858 1535 1038 1572 orationis
1060 1535 1214 1586 reliquae
1234 1534 1320 1572 fons
1342 1534 1394 1572 est
1414 1534 1589 1571 narratio.

463 1602 655 1654 Sequitur,
687 1610 730 1638 ut
761 1600 868 1638 causa
899 1608 1090 1652 ponatur;
1122 1600 1162 1637 in
1194 1613 1273 1651 quo
1304 1599 1514 1637 videndum
1547 1598 1612 1642 est,
1644 1598 1737 1650 quid
1768 1597 1808 1635 in

407 1669 702 1707 controverfiarn
733 1668 871 1705 veniat.
932 1668 1041 1705 Turn
1062 1666 1293 1718 suggerenda
1324 1666 1409 1704 sunt
1430 1665 1672 1703 firmamenta
1691 1664 1808 1702 caufae

407 1736 624 1787 conjunete,
646 1743 683 1772 et
702 1732 941 1771 infirmandis
963 1733 1175 1776 contrariis,
1198 1741 1235 1770 et
1251 1731 1326 1769 tuis
1347 1731 1634 1770 confirmandis.
1677 1731 1807 1768 Nam-

409 1816 483 1853 que
504 1815 579 1839 una
609 1800 649 1838 in
680 1800 795 1837 caufis
828 1800 922 1837 ratio
943 1798 1118 1850 quaedam
1138 1798 1189 1836 est
1221 1799 1300 1850 ejus
1321 1797 1516 1841 orationis,
1546 1811 1629 1848 quae
1649 1796 1695 1834 ad
1715 1809 1807 1849 pro-

409 1867 574 1919 bandam
606 1865 976 1918 argumentationem
1008 1864 1128 1902 valet:
1162 1877 1203 1902 ea
1223 1873 1365 1908 autem,
1400 1873 1437 1901 et
1457 1862 1806 1906 confirmationem,

407 1941 445 1970 et
464 1930 795 1984 reprehensionem
815 1931 950 1983 quaerit
969 1945 977 1968 ε
1010 1929 1072 1968 sed
1092 1930 1181 1982 quia
1202 1943 1324 1982 neque
1344 1928 1583 1982 reprehendi,
1606 1943 1690 1980 quae
1710 1942 1805 1965 con-

407 2007 465 2036 tra
484 1998 679 2042 dicuntur,
706 1996 870 2049 possunt,
898 1997 966 2034 nisi
989 2005 1052 2034 tua
1071 1995 1299 2040 confirmes,
1332 2009 1454 2046 neque
1470 1994 1551 2032 haec
1571 1993 1804 2037 confirmari,

409 2064 478 2102 nisi
500 2065 565 2102 illa
584 2063 859 2117 reprehendas,
892 2063 1035 2102 idcirco
1055 2061 1136 2100 haec
1156 2071 1194 2100 et
1215 2070 1358 2106 natura,
1390 2069 1428 2099 et
1449 2060 1626 2105 utilitate,
1648 2068 1684 2098 ct
1706 2069 1805 2098 trac-

408 2130 566 2173 tatione,
588 2131 671 2181 conj
680 2132 790 2167 uneta
810 2129 910 2167 sunt.

465 2195 611 2232 Omnia
642 2204 770 2232 autem
808 2192 1071 2231 concludenda
1104 2192 1330 2244 plerumque
1366 2191 1476 2229 rebus
1510 2191 1704 2243 augendis,
1747 2192 1806 2230 vel

408 2260 686 2299 inflammando
703 2260 845 2312 judice,
868 2259 925 2296 vel
947 2259 1162 2310 mitigando
1180 2273 1187 2296 :
1215 2258 1420 2310 omniaque
1440 2271 1531 2295 cum
1551 2257 1805 2309 superioribus

408 2327 590 2365 orationis
611 2326 720 2370 locis,
743 2334 826 2363 tum
849 2325 1018 2363 maxime
1038 2334 1224 2369 extremo,
1255 2325 1300 2361 ad
1327 2333 1473 2362 mentes
1489 2324 1667 2376 judicum
1688 2336 1806 2375 quam

407 2393 577 2431 maxime
597 2391 884 2445 permovendas,
913 2400 951 2430 et
970 2390 1016 2430 ad
1037 2390 1244 2431 utilitatem
1266 2389 1430 2430 nostram
1450 2390 1649 2436 vocandas,
1671 2388 1805 2429 confe-

408 2458 524 2499 renda
543 2458 644 2499 sunt.
