2176 2912
534 193 1493 236 LIBERSECUNDUS.
1640 213 1713 252 ¹97

372 288 519 328 Omnia
546 288 627 333 ista,
657 288 787 340 inquit
817 286 982 332 Craffus,
1012 300 1084 340 ego
1114 287 1190 326 alio
1222 288 1340 326 modo
1374 289 1614 342 interpretor,
1646 293 1713 344 qui

315 356 488 408 primum
507 353 730 407 palaestram,
761 362 798 390 et
829 353 946 398 sedes,
977 362 1015 391 et
1048 353 1235 406 porticus,
1269 354 1386 393 etiam
1412 355 1526 406 ipsos,
1560 358 1711 401 Catule,

315 422 485 465 Graecos,
516 419 799 458 exercitationis
825 428 862 458 et
882 419 1141 457 delectationis
1172 419 1294 464 causa,
1320 434 1399 458 non
1431 420 1710 473 disputationis,

313 485 494 524 invenisse
513 486 689 524 arbitror.
735 485 843 524 Nam
863 494 901 523 et
921 484 1056 523 seculis
1076 485 1212 523 multis
1241 495 1327 524 ante
1347 487 1541 538 gymnasia
1559 488 1714 526 inventa

313 551 413 596 sunt,
431 565 548 604 quam
570 552 609 590 in
629 550 689 590 his
711 549 938 604 Philosophi
958 551 1098 603 garrire
1113 562 1314 603 coeperunt
1326 570 1338 596 3
1361 561 1399 590 et
1419 551 1495 590 hoc
1516 552 1596 605 ipso
1613 563 1714 592 tem-

313 632 417 670 pore,
452 632 544 656 cum
575 619 707 656 omnia
736 617 930 670 gymnasia
961 616 1187 670 Philosophi
1223 627 1388 663 teneant,
1421 628 1550 657 tamen
1580 633 1715 658 eorum

313 684 502 722 auditores
523 683 671 721 discum
692 684 835 728 audire,
856 697 974 736 quarn
993 681 1290 736 Philosophum,
1313 684 1465 723 malunt
1477 703 1488 729 ς
1513 685 1580 737 qui
1602 685 1716 724 fimul

314 760 356 787 ut
376 750 581 802 increpuit,
612 750 653 787 in
684 750 811 788 media
838 749 1008 788 oratione
1027 749 1074 787 de
1094 750 1275 788 maximis
1297 751 1408 788 rebus
1429 760 1467 789 et
1485 751 1712 804 graviffimis

313 816 569 868 disputantem
591 814 874 867 Philosophum
894 828 1026 853 omnes
1044 817 1235 854 unstionis
1257 816 1365 854 causa
1385 817 1623 869 relinquunt.
1657 819 1716 857 Ita

312 881 537 920 leviffimam
557 880 847 918 delectationem
868 880 1106 933 graviffimae,
1129 891 1171 919 ut
1192 882 1259 934 ipsi
1280 881 1423 926 ferunt,
1455 883 1612 921 utilitati
1643 897 1712 921 an-

312 956 515 999 teponunt.
563 946 705 985 Otium
723 956 854 985 autem
874 946 978 999 quod
1008 947 1104 984 dicis
1133 947 1218 991 effe,
1253 947 1454 987 affentior:
1486 963 1621 988 verum
1641 949 1713 988 otii

311 1011 457 1051 fruetus
477 1013 543 1058 est,
565 1027 643 1052 non
663 1013 860 1052 contentio
880 1013 1015 1058 animi,
1047 1013 1108 1052 sed
1128 1014 1322 1052 relaxatio,
1357 1054 1360 1055 ⁷

366 1080 438 1118 VI.
471 1081 574 1132 Saepe
593 1093 640 1117 ex
659 1080 787 1118 socero
807 1093 895 1118 meo
915 1080 1057 1125 audivi,
1079 1094 1172 1119 cum
1188 1081 1219 1118 is
1237 1081 1392 1127 diceret,
1411 1081 1585 1121 socerum
1601 1083 1713 1122 suum

312 1144 480 1183 Laelium
500 1145 647 1197 semper
666 1144 743 1184 fere
763 1159 855 1184 cum
877 1145 1054 1198 Scipione
1084 1146 1241 1185 solitum
1271 1147 1455 1192 rusticari,
1492 1149 1629 1201 eosque
1649 1150 1711 1188 in-

311 1211 548 1249 credibiliter
568 1212 823 1263 repuerascere
853 1211 922 1249 effe
942 1212 1085 1257 solitos,
1116 1227 1209 1252 cum
1241 1228 1302 1252 rus
1322 1228 1369 1252 ex
1390 1215 1497 1259 urbe,
1527 1224 1710 1268 tanquam

311 1290 333 1314 e
359 1277 537 1323 vinculis,
570 1277 824 1316 evolavissent.
875 1278 970 1317 Non
989 1279 1108 1318 audeo
1142 1280 1266 1318 dicere
1287 1280 1333 1319 de
1354 1281 1492 1319 talibus
1514 1282 1617 1326 viris,
1649 1282 1709 1320 sed

310 1352 439 1382 tamen
474 1345 527 1382 ita
556 1345 648 1383 solet
679 1358 825 1383 narrare
853 1346 1030 1390 Scaevola,
1061 1345 1226 1384 conchas
1240 1360 1317 1391 eos,
1348 1356 1386 1384 et
1417 1347 1624 1386 umbilicos
1659 1348 1706 1386 ad

313 1410 500 1455 Caietam,
532 1420 569 1448 et
588 1411 634 1448 ad
661 1412 900 1453 Laurentum
927 1411 1051 1464 legere
1070 1412 1272 1458 consuesse,
1303 1422 1341 1450 et
1370 1413 1416 1451 ad
1444 1427 1604 1452 omnem
1624 1413 1708 1452 ani-

311 1476 367 1513 mi
387 1477 642 1515 remiffionem
664 1477 880 1530 ludumque
911 1477 1146 1517 descendere.
1207 1480 1267 1517 Sic
1287 1480 1393 1517 enim
1427 1479 1462 1516 se
1484 1493 1539 1518 res
1566 1479 1707 1519 habet:

311 1550 368 1586 ut,
400 1542 730 1594 quemadmodum
760 1543 933 1581 volucres
964 1543 1139 1581 videmus
1170 1544 1442 1596 procreationis
1463 1554 1577 1596 atque
1597 1545 1707 1584 utili-

311 1608 397 1645 tatis
418 1608 490 1646 suae
510 1608 618 1646 causa
637 1608 780 1660 fingere
799 1618 837 1646 et
865 1608 1077 1647 construere
1098 1610 1206 1648 nidos
1220 1629 1231 1654 ς
1263 1610 1410 1648 easdem
1437 1620 1579 1656 autem,
1615 1625 1718 1650 cum,

311 1672 457 1724 aliquid
477 1673 686 1718 effecerint,
708 1674 859 1712 levandi
878 1674 1017 1712 laboris
1039 1674 1094 1712 sui
1110 1675 1230 1720 causa,
1250 1676 1383 1728 paffim
1403 1690 1445 1713 ac
1467 1676 1585 1714 libere
1605 1676 1708 1714 solu-

311 1747 365 1775 tas
386 1752 497 1790 opere
517 1739 697 1777 volitare:
726 1740 775 1777 s1c
794 1739 909 1777 nostri
929 1740 1048 1777 animi
1068 1740 1278 1780 forensibus
1300 1742 1477 1794 negotiis,
1500 1751 1614 1794 atque
1641 1756 1706 1780 ur-

315 1816 411 1841 oano
431 1817 541 1856 opere
574 1804 717 1849 defeffi,
747 1805 927 1857 gestiunt,
963 1819 1005 1842 ac
1025 1806 1182 1844 volitare
1200 1808 1376 1860 cupiunt,
1413 1808 1522 1846 vacui
1550 1822 1639 1846 cura
1664 1821 1708 1847 ac

311 1869 453 1907 labore.
513 1870 646 1921 Itaque
667 1870 778 1914 illud,
801 1870 905 1922 quod
933 1884 1005 1922 ego
1026 1871 1066 1908 in
1093 1872 1200 1909 causa
1221 1874 1387 1911 Curiana
1408 1873 1581 1912 Scaevolae
1611 1873 1707 1919 dixi,

311 1948 388 1972 non
409 1936 489 1973 dixi
510 1935 628 1981 secus,
651 1949 692 1973 ac
713 1936 935 1975 sentiebam.
968 1937 1074 1974 Nam
1096 1938 1135 1982 fi,
1158 1939 1331 1990 inquam,
1351 1940 1528 1984 Scaevola‚
1551 1939 1708 1977 nullum

308 2002 379 2039 erit
395 2002 663 2040 testamentum
680 2004 777 2040 redte
795 2001 954 2047 factum,
973 2003 1040 2040 nisi
1058 2004 1161 2055 quod
1183 2014 1224 2041 tu
1240 2003 1441 2057 scripseris,
1459 2018 1592 2043 omnes
1609 2005 1655 2043 ad
1671 2014 1708 2043 te

307 2067 408 2105 cives
429 2081 520 2106 cum
543 2068 680 2106 tabulis
696 2069 918 2113 veniemus;
941 2070 1121 2106 omnium
1138 2069 1359 2108 testamenta
1375 2080 1417 2108 tu
1432 2070 1570 2108 scribes
1591 2083 1706 2109 unuS.

309 2133 414 2185 Qid
433 2134 578 2185 igitur?
601 2134 760 2186 inquam
777 2149 784 2173 :
809 2135 962 2186 quando
978 2148 1063 2188 ages
1080 2136 1281 2188 negotium
1298 2137 1501 2189 publicum
1518 2138 1531 2175 ?
1553 2137 1707 2190 quando

307 2200 548 2237 amicorum?
581 2202 733 2252 quando
766 2203 907 2240 tuum?
939 2202 1092 2254 quando
1126 2203 1291 2255 denique
1312 2202 1411 2242 nihil
1442 2204 1557 2256 ages?
1595 2206 1707 2242 Tum

308 2265 404 2302 illud
425 2265 576 2310 addidi,
601 2266 706 2305 Mihi
727 2268 831 2307 enim
851 2268 946 2305 liber
962 2267 1032 2305 effe
1047 2282 1123 2307 non
1141 2269 1304 2314 videtur,
1322 2271 1390 2321 qui
1407 2283 1483 2307 non
1502 2269 1706 2321 aliquando

310 2330 407 2368 nihil
428 2331 518 2382 agit.
552 2332 594 2369 In
617 2346 691 2383 qua
706 2346 923 2385 permaneo,
943 2334 1094 2380 Catule,
1114 2334 1297 2373 sententia
1309 2354 1320 2380 3
1345 2349 1497 2387 meque,
1516 2349 1607 2375 cum
1628 2333 1705 2372 huc

310 2396 406 2439 veni,
429 2395 504 2434 hoc
522 2397 646 2448 ipsum
668 2398 765 2436 nihil
785 2413 905 2452 agere,
928 2410 965 2438 et
986 2400 1096 2451 plane
1112 2400 1259 2446 ceffare,
1282 2401 1455 2439 delcetat.

364 2462 483 2507 Nam,
506 2463 609 2514 quod
625 2464 798 2503 addidisti
820 2466 990 2511 tertium,
1013 2479 1078 2505 vos
1099 2479 1162 2505 eos
1179 2467 1262 2512 effe,
1284 2468 1351 2520 qui
1371 2468 1490 2505 vitam
1511 2464 1704 2504 insuavem
