2176 2912
449 195 526 235 370
788 183 920 221 DE
1033 181 1506 222 CLARIS

447 272 533 313 satis
549 293 560 320 ς
594 275 768 313 Scaevolae
797 276 922 314 multa
952 276 992 314 in
1014 276 1209 314 severitate
1244 290 1321 314 non
1352 275 1478 314 deerat
1510 284 1640 314 tamen
1671 274 1850 315 comitas.

447 340 560 378 Licet
579 342 712 379 omnia
729 341 805 380 hoc
826 342 968 387 modo;
1001 342 1063 380 sed
1084 356 1226 387 vereor,
1263 355 1310 379 ne
1331 341 1426 394 fingi
1447 342 1646 380 videantur
1675 340 1772 386 haec,
1808 350 1854 379 ut

448 406 626 448 dicantur
641 422 739 446 ame
754 408 923 460 quodam
940 408 1057 446 modo
1070 426 1080 453 J
1105 421 1161 446 res
1179 408 1214 446 se
1230 417 1359 446 tamen
1376 408 1424 445 fic
1440 406 1569 446 habet.
1603 409 1708 446 Cum
1724 406 1855 446 omnis

448 473 570 511 virtus
591 474 648 519 fit,
683 484 726 512 ut
759 475 890 519 vestra,
923 476 1054 519 Brute,
1087 484 1194 512 vetus
1217 474 1428 512 Academia
1447 474 1561 518 dixit,
1594 473 1854 517 mediocritas,

450 548 612 591 uterque
639 539 781 578 horum
814 539 989 578 medium
1021 540 1208 592 quiddam
1227 540 1380 577 volebat
1400 539 1531 591 sequi:
1565 540 1627 577 sed
1657 540 1710 577 ita
1741 539 1853 577 cade·
1898 551 1903 552 ⁷

450 604 529 650 bat,
551 615 594 643 ut
614 606 707 644 alter
727 620 772 644 ex
787 605 938 643 alterius
960 606 1069 643 laude
1084 613 1246 657 partem,
1262 613 1422 657 uterque
1442 614 1572 642 autem
1593 605 1698 642 suam
1715 613 1852 649 totam,

448 669 621 710 haberet.

449 782 454 785 v
505 739 616 775 Tum
637 738 793 781 Brutus,
817 738 923 774 Cum
943 749 990 774 ex
1013 745 1079 774 tua
1097 736 1267 774 oratione
1288 734 1389 774 mih-i
1409 735 1552 781 videor,
1584 736 1728 789 inquit,
1759 736 1856 774 bene

452 794 626 842 Craffuin
650 813 688 841 et
723 803 930 841 Scaevolam
964 802 1192 856 cognovisse,
1225 812 1325 848 tum,
1355 803 1402 840 de
1435 812 1486 848 te,
1517 811 1555 840 et
1576 802 1622 840 de
1656 804 1733 841 Ser.
1767 801 1855 841 Sul-

450 870 556 922 picio
576 869 763 922 cogitans,
787 869 857 907 effe
877 870 1070 921 quandam
1090 869 1199 907 vobis
1221 883 1313 907 cum
1333 868 1411 906 illis
1432 869 1728 907 similitudinem
1743 868 1855 920 judi-

452 949 513 974 co.
565 937 764 987 Qonam,
796 936 970 987 inquam,
1003 935 1097 972 istuc
1119 935 1267 973 modo?
1314 934 1417 987 Qia
1437 933 1540 972 mihi
1569 944 1606 972 et
1628 944 1670 972 tu
1700 934 1854 978 videris,

450 1002 594 1054 inquit,
617 1012 768 1040 tantum
780 1002 878 1052 juris
900 1001 1028 1039 civilis
1045 1000 1137 1038 scire
1154 1000 1323 1046 voluisse,
1347 1010 1536 1052 quantum
1557 1001 1643 1039 satis
1664 1000 1752 1039 effet
1769 1014 1854 1038 ora-

448 1069 525 1116 tori
539 1087 551 1112 ς
584 1077 621 1105 et
638 1067 786 1106 Servius
807 1067 1036 1119 eloquentiae
1052 1076 1204 1104 tantum
1220 1067 1461 1118 affumpfifi‘e,
1477 1076 1520 1104 ut
1534 1068 1598 1118 jus
1612 1066 1726 1104 civile
1742 1065 1856 1103 facile

452 1133 564 1186 poffit
581 1133 678 1172 tueri
693 1148 701 1171 :
725 1133 924 1185 aetatesque
939 1132 1079 1176 vestrae,
1099 1141 1141 1169 ut
1162 1132 1334 1176 illorum,
1353 1131 1466 1177 nihii,
1486 1141 1551 1170 aut
1567 1145 1644 1170 non
1657 1131 1735 1169 fere
1749 1131 1855 1169 mul-

450 1209 553 1245 tum,
576 1199 774 1238 differunt.

446 1304 449 1306 .
498 1267 609 1305 XLI.
633 1268 685 1304 Et
700 1281 784 1319 ego,
808 1267 869 1305 De
886 1281 963 1313 me,
984 1268 1159 1320 inquam,
1182 1266 1308 1304 dicere
1329 1264 1428 1305 nihil
1449 1266 1502 1304 est
1517 1265 1685 1305 necefl'e:
1708 1265 1754 1304 de
1769 1266 1855 1304 Ser-

450 1333 515 1371 vio
534 1342 663 1371 autem
682 1342 720 1371 et
742 1342 783 1370 tu
798 1333 918 1385 probe
937 1333 1048 1379 dicis,
1063 1343 1100 1371 et
1119 1347 1190 1385 ego
1211 1333 1338 1371 dicam
1355 1333 1460 1385 quod
1481 1333 1614 1371 sentio.
1638 1332 1732 1371 Non
1749 1332 1856 1370 enim

451 1398 564 1437 facile
585 1412 702 1451 quem
723 1399 887 1438 dixerim
905 1400 992 1453 plus
1014 1400 1141 1444 studii,
1161 1413 1277 1452 quam
1296 1399 1426 1444 illum,
1448 1409 1485 1437 et
1506 1399 1551 1436 ad
1572 1398 1796 1443 dicendum,
1818 1407 1858 1436 et

451 1465 498 1503 ad
518 1479 651 1503 omnes
668 1466 858 1503 bonarum
874 1480 1003 1504 rerum
1020 1466 1252 1518 disciplinas,
1274 1464 1500 1504 adhibuisse.
1544 1465 1650 1503 Nam
1671 1474 1709 1502 et
1730 1465 1769 1502 in
1790 1463 1855 1501 iis-

451 1531 542 1569 dem
562 1532 918 1576 exercitationibus,
939 1533 1096 1570 ineunte
1112 1542 1231 1577 aetate,
1249 1532 1396 1570 fuimus
1413 1551 1425 1576 3
1457 1541 1493 1569 et
1505 1531 1631 1584 postea
1650 1545 1724 1569 unta
1741 1529 1855 1568 Rho—

451 1597 548 1635 dum
584 1597 650 1635 ille
681 1598 799 1635 etiam
830 1597 1022 1649 profeffiis
1054 1598 1120 1642 est,
1157 1611 1235 1649 quo
1256 1598 1394 1635 melior
1420 1597 1508 1635 effet
1540 1606 1577 1634 et
1597 1597 1744 1634 doctior
1761 1615 1770 1640 ;
1803 1605 1854 1641 et,

452 1663 542 1700 inde
563 1672 605 1700 ut
626 1662 752 1707 rediit,
780 1663 931 1700 videtur
951 1661 1051 1700 mihi
1071 1663 1111 1700 in
1132 1662 1295 1700 secunda
1314 1671 1391 1700 arte
1412 1663 1562 1715 primus
1582 1661 1651 1699 effe
1669 1660 1856 1706 maluisse,

453 1742 571 1781 quam
590 1729 630 1766 in
666 1729 791 1780 prima
817 1727 1018 1767 secundus.
1065 1730 1198 1780 Atque
1218 1727 1321 1765 haud
1341 1728 1432 1772 scio,
1463 1742 1509 1765 an
1531 1741 1597 1780 par
1614 1727 1856 1780 principibus

453 1795 524 1832 effe
542 1794 723 1849 potuiffet
738 1810 746 1833 :
770 1794 832 1832 sed
848 1794 996 1833 fortaffe
1014 1795 1168 1839 maluit,
1185 1795 1242 1846 (id
1259 1795 1363 1846 quod
1378 1794 1429 1832 est
1442 1795 1618 1846 adeptus)
1638 1794 1751 1846 longe
1768 1807 1856 1831 om-

453 1861 579 1906 nium,
613 1874 690 1898 non
711 1861 881 1913 ejusdem
901 1861 1019 1899 modo
1039 1862 1173 1906 aetatis,
1205 1861 1266 1899 sed
1285 1874 1418 1899 eorum
1440 1860 1570 1905 etiam,
1599 1861 1667 1912 qui
1687 1859 1856 1904 fuiffe11t‚

450 1926 494 1964 in
509 1926 728 1977 jure‘civili
749 1925 819 1964 effe
840 1927 1030 1979 princeps.

510 1991 590 2030 Hic
612 1992 767 2036 Brutus,
796 1992 875 2030 Ain
906 2002 946 2029 tu
965 1993 978 2029 ?
1010 1992 1150 2044 inquit.
1197 1992 1379 2030 Etiamne
1401 1993 1468 2044 Q
1488 1991 1662 2029 Scaevolae
1683 1990 1856 2028 Servium

453 2057 627 2095 nostrum
657 2058 855 2110 anteponis
872 2059 884 2094 ?
928 2058 989 2095 Sic
1021 2059 1141 2102 enim,
1173 2058 1346 2110 inquam,
1379 2059 1510 2101 Brute,
1541 2057 1731 2101 existimo,
1757 2057 1856 2108 juris

453 2123 577 2161 civilis
600 2136 787 2175 magnum
808 2123 920 2161 usum
940 2132 978 2161 et
998 2123 1098 2176 apud
1120 2124 1341 2167 Scaevolam,
1377 2133 1415 2161 et
1435 2122 1536 2175 apud
1556 2122 1700 2160 multos
1720 2121 1854 2167 fuiffe3

454 2198 588 2232 artem,
612 2188 650 2225 in
671 2188 745 2226 hoc
767 2203 844 2226 uno
862 2204 870 2226 :
894 2189 997 2240 quod
1019 2202 1219 2240 nunquam
1240 2188 1418 2226 effecisset
1439 2188 1553 2240 ipsius
1569 2188 1666 2240 juris
1688 2188 1856 2232 scientia,

454 2253 524 2292 nisi
545 2267 628 2291 eam
663 2263 840 2306 praeterea
859 2253 1045 2291 didicisset
1067 2264 1201 2298 artem,
1234 2268 1318 2306 quae
1353 2255 1506 2292 doceret
1541 2268 1621 2291 rem
1644 2254 1857 2292 universam

453 2321 621 2359 tribuere
642 2320 681 2357 in
706 2329 842 2372 partes,
875 2320 1056 2358 latentem
1078 2321 1267 2373 explicare
1296 2321 1528 2366 definiendo,
1560 2321 1761 2359 obscuram
1787 2334 1857 2358 ex-

454 2386 604 2439 planare
625 2386 935 2438 interpretandm
968 2387 1150 2439 ambigua
1179 2387 1353 2440 primum
1380 2387 1521 2432 videre,
1553 2387 1689 2425 deinde
1718 2387 1855 2424 distin-

453 2465 569 2504 guere
585 2470 596 2497 3
618 2451 808 2504 postremo
829 2451 968 2490 habere
989 2452 1174 2505 regulam,
1197 2467 1272 2505 qua
1292 2467 1375 2490 vera
1395 2462 1432 2490 et
1459 2452 1549 2490 falfa
1562 2453 1826 2505 judicarentur
1842 2470 1854 2495 5

452 2527 490 2557 et
510 2532 599 2572 quae-
625 2518 766 2571 quibus
801 2519 932 2571 positis
963 2518 1093 2565 effcnt,
1125 2532 1288 2572 qumque
1323 2533 1398 2558 non
1420 2519 1536 2558 effent
1568 2518 1854 2571 consequentia.
