2176 2912
451 188 526 229 130
804 167 1501 209 DEORATORE

448 265 665 322 prudentia,
695 277 771 317 qua
790 263 869 308 ille,
900 262 961 301 sed
982 262 1050 300 usu
1080 262 1119 300 in
1154 260 1230 299 hoc
1258 274 1336 299 uno
1355 273 1505 314 genere,
1536 259 1736 312 studioque
1766 274 1849 298 ma-

443 336 541 388 jore.
593 331 794 371 Carneadis
827 344 916 368 vero
945 330 1001 367 vis
1037 327 1272 366 incredibilis
1305 328 1371 365 illa
1402 327 1568 372 dicendi,
1606 335 1645 364 et
1678 327 1849 371 varietas,

451 414 637 454 perquam
656 397 742 436 effet
763 397 928 450 optanda
947 395 1086 440 nobis;
1118 395 1185 447 qui
1217 394 1364 432 nullam
1391 407 1564 446 unquam
1598 394 1637 430 in
1669 392 1747 430 illis
1778 393 1851 431 suis

452 464 771 519 disputationibus
804 477 885 501 rem
912 461 1098 505 defendit,
1130 475 1246 513 quarn
1275 474 1352 498 non
1372 460 1542 512 probarit
1557 478 1569 504 ς
1602 459 1751 496 nullam
1780 473 1851 511 op-

453 533 653 587 pugnavit,
698 545 815 584 quam
851 543 927 568 non
960 528 1147 566 everterit.
1207 527 1278 565 Sed
1311 525 1387 565 hoc
1419 527 1541 577 majus
1573 525 1624 563 est
1651 525 1863 577 quiddam,¹

453 613 572 653 quam
592 598 639 636 ab
659 598 719 642 iis,
751 597 819 648 qui
838 594 918 633 haec
941 594 1093 632 tradunt
1112 602 1149 630 et
1165 593 1318 636 docent,
1350 592 1619 643 postulandum
1640 591 1697 629 sit.

509 665 702 705 XXXIX.
736 664 822 715 Ego
841 670 984 705 autem,
1021 660 1047 698 si
1068 673 1186 712 quem
1206 671 1310 696 nunc
1337 658 1447 710 plane
1478 658 1612 695 rudem
1641 657 1791 695 institui
1811 656 1856 695 ad

456 731 666 770 dicendum
697 727 830 771 velim,
861 725 922 763 his
943 725 1071 777 potius
1104 722 1249 762 tradam
1269 722 1418 761 affiduis
1450 735 1527 760 uno
1553 735 1666 775 opere
1698 721 1859 760 eandem

457 798 639 837 incudem
673 795 777 832 diem
810 794 1041 844 noctemque
1072 790 1340 835 tundentibus,
1371 790 1439 842 qui
1459 801 1592 827 omnes
1627 788 1858 826 tenuissimas

458 862 677 918 particulas,
707 870 821 912 atque
853 859 984 897 omnia
1016 857 1181 896 minima
1201 854 1340 901 mansa,
1373 865 1417 893 ut
1448 856 1614 893 nutrices
1646 854 1859 892 infantibus

459 931 601 984 pueris,
632 929 672 966 in
692 941 733 966 os
766 926 942 965 inserant.
980 924 1045 962 Sin
1066 924 1111 961 fit
1131 923 1175 968 is,
1198 923 1266 975 qui
1285 931 1323 960 et
1343 922 1515 961 doctrina
1534 920 1635 959 mihi
1654 920 1862 958 liberaliter

460 997 669 1039 institutus,
705 1003 743 1031 et
763 993 893 1044 aliquo
915 992 995 1044 jam
1013 990 1192 1027 imbutus
1214 988 1294 1034 usu,
1325 997 1362 1026 et
1388 988 1473 1026 satis
1500 987 1576 1025 acri
1608 987 1762 1038 ingenio
1791 985 1861 1023 effe:

461 1063 656 1106 videatur3
689 1059 783 1097 illuc
804 1072 894 1096 eum
915 1057 1072 1109 rapiam,
1095 1055 1163 1093 ubi
1181 1069 1258 1093 non
1274 1054 1415 1092 seclusa
1433 1054 1560 1105 aliqua
1574 1052 1715 1103 aquula
1734 1061 1861 1089 tenea—

463 1139 539 1174 tur,
567 1128 629 1166 sed
649 1127 749 1165 unde
770 1124 987 1164 universum
1007 1123 1153 1162 fiumen
1173 1130 1372 1173 erumpat:
1404 1120 1472 1172 qui
1493 1119 1552 1156 illi
1572 1117 1687 1162 sedes,
1719 1127 1757 1155 et
1777 1126 1862 1155 tan-

463 1210 580 1248 quam
602 1192 997 1232 domiciliaomnium
1017 1198 1335 1242 argumentorum
1355 1184 1644 1230 commonstret,
1663 1193 1701 1222 et
1715 1197 1757 1222 ea
1775 1185 1863 1222 bre.-

464 1264 560 1301 viter
575 1261 750 1304 illustret,
780 1258 978 1310 verbisque
997 1256 1165 1294 definiat.

521 1328 629 1381 Qid
648 1328 752 1366 enim
773 1326 838 1371 est,
874 1326 914 1363 in
945 1337 1023 1377 quo
1042 1322 1196 1367 haereat,
1228 1321 1295 1374 qui
1322 1319 1472 1365 viderit,
1502 1331 1634 1363 omne,
1666 1317 1771 1370 quod
1801 1317 1865 1355 su-

467 1405 594 1435 matur
626 1395 666 1434 in
700 1393 870 1432 oratione
890 1399 954 1429 aut
980 1389 1026 1428 ad
1045 1389 1303 1442 probandum,
1334 1396 1399 1425 aut
1429 1386 1475 1424 ad
1505 1383 1772 1429 refellendum,
1803 1392 1868 1421 aut

466 1478 514 1502 ex
536 1462 598 1500 sua
610 1461 709 1500 sumi
729 1460 766 1498 vi
786 1468 900 1511 atque
919 1467 1064 1501 natura,
1079 1465 1143 1494 aut
1161 1454 1295 1493 affumi
1313 1454 1404 1492 foris
1420 1454 1433 1491 ?
1452 1454 1513 1491 Ex
1531 1451 1594 1489 sua
1609 1451 1659 1496 vi,
1673 1464 1766 1488 cum
1787 1458 1866 1496 aut,

467 1543 527 1574 ⁴res
561 1542 644 1580 quae
665 1527 709 1565 sit
729 1534 820 1569 tota,
852 1532 1054 1576 quaeratur,
1085 1531 1151 1558 aut
1182 1533 1265 1573 pars
1295 1521 1390 1572 ejuS,
1421 1528 1486 1557 aut
1511 1517 1745 1556 vocabulum
1765 1516 1871 1568 quod

469 1595 621 1639 habeat,
641 1602 705 1631 aut
726 1591 939 1645 quippiam,
962 1602 1043 1627 rem
1062 1587 1170 1626 illam
1192 1587 1296 1639 quod
1316 1587 1490 1638 attingat.
1534 1583 1780 1623 Extrinsecus
1801 1597 1870 1621 au-

472 1671 568 1706 tem,
600 1674 692 1698 cum
712 1672 766 1703 ea,
798 1671 882 1710 quae
904 1655 989 1694 sunt
1009 1654 1116 1699 foris,
1142 1667 1263 1705 neque
1285 1651 1470 1691 inhaerent
1490 1652 1528 1689 in
1550 1651 1602 1689 rei
1624 1659 1770 1694 natura,
1787 1649 1871 1688 col-

471 1728 660 1781 liguntur.
711 1724 749 1763 Si
770 1737 825 1762 res
847 1732 925 1760 tota
944 1721 1140 1774 quaeritur‚
1165 1719 1387 1757 definitione
1407 1717 1578 1756 universa
1596 1716 1652 1755 vis
1673 1715 1871 1768 explican-

471 1794 520 1832 da
552 1793 619 1838 est,
649 1791 698 1830 fic
715 1810 726 1836 3
773 1790 797 1828 fi
830 1788 999 1841 majestas
1033 1787 1086 1825 est
1116 1785 1332 1838 amplitudo
1360 1798 1403 1822 ac
1437 1784 1600 1836 dignitas
1631 1782 1809 1827 civitatis,
1841 1782 1873 1819 is

472 1873 557 1898 eam
594 1858 750 1902 minuit,
792 1857 859 1908 qui
889 1854 1102 1893 exercitum
1132 1851 1304 1890 hostibus
1334 1850 1468 1904 populi
1504 1848 1673 1888 Romani
1702 1847 1871 1892 tradidit,

474 1940 550 1964 non
573 1925 764 1978 quicum,
795 1923 863 1975 qui
883 1921 923 1959 id
953 1920 1109 1964 fecisset,
1141 1918 1275 1971 populi
1297 1917 1465 1956 Romani
1499 1915 1673 1968 potestati
1703 1913 1872 1951 tradidit.

476 1993 540 2030 Sin
560 2004 669 2045 pars;
701 1989 920 2044 partitione,
950 1986 1025 2025 hoc
1055 1985 1196 2028 modo;
1228 1986 1309 2022 Aut
1339 1982 1483 2021 senatui
1512 1979 1723 2034 parendum
1752 1979 1797 2016 de
1817 1979 1873 2016 sa-

475 2059 555 2098 lute
584 2056 803 2109 reipublicae
833 2054 923 2098 fuit,
953 2062 1018 2091 aut
1048 2051 1152 2090 aliud
1181 2050 1383 2088 confilium
1403 2045 1696 2090 instituendum,
1727 2053 1791 2082 aut
1811 2044 1875 2082 sua

477 2124 608 2177 sponte
628 2122 872 2160 faciendum:
905 2119 1008 2157 aliud
1028 2117 1244 2159 confilium,
1264 2114 1498 2167 superbum;
1531 2112 1656 2156 suum,
1678 2123 1874 2163 arrogans;

477 2190 664 2228 utendum
686 2189 803 2240 igitur
821 2186 897 2224 fuit
916 2184 1074 2224 confilio
1094 2183 1253 2221 senatus.
1286 2182 1350 2219 Sin
1371 2194 1417 2218 ex
1437 2178 1639 2223 vocabulo,
1656 2186 1701 2215 ut
1722 2176 1874 2221 Carbo3
1920 2183 1924 2185 ’

479 2257 517 2295 Si
539 2255 683 2294 Consul
702 2254 768 2298 est,
789 2253 857 2305 qui
877 2251 1042 2290 consulit
1061 2250 1204 2303 patriae,
1225 2249 1319 2301 quid
1339 2247 1443 2287 aliud
1462 2247 1555 2284 fecit
1575 2244 1788 2298 Opimius?
1812 2244 1877 2282 Sin

479 2324 525 2361 ab
546 2335 605 2366 eo,
640 2321 744 2374 quod
764 2334 845 2359 rem
877 2320 1052 2370 attingat,
1084 2318 1210 2370 plures
1239 2315 1326 2353 sunt
1361 2322 1677 2367 argumentorum
1708 2311 1809 2349 sedes
1835 2323 1877 2347 ac

480 2390 581 2427 loci:
615 2401 703 2425 nam
724 2395 761 2424 et
781 2386 983 2437 conjuncta
1002 2395 1231 2436 quaeremus,
1248 2390 1285 2418 et
1305 2393 1453 2432 genera,
1475 2389 1513 2417 et
1531 2388 1653 2432 partes
1673 2375 1877 2430 generibus

479 2455 679 2507 subjectas,
714 2463 752 2491 et
780 2452 1064 2497 similitudines,
1098 2458 1138 2488 et
1164 2447 1508 2492 diffimilitud'mes,
1543 2455 1581 2484 et
1611 2444 1811 2488 contraria,
1841 2450 1879 2480 et
