2176 2912
423 267 496 321 138
775 266 888 305 DE
967 265 1473 305 ORATORE

417 359 589 404 liberale,
610 368 692 398 tam
711 359 960 404 munificum,
982 372 1101 411 quam
1128 372 1244 411 opem
1263 357 1361 397 ferre
1381 358 1634 412 supplicibus,
1651 359 1818 399 excitare

418 426 592 471 affilitos,
630 426 716 464 dare
749 426 924 470 salutem,
966 426 1124 463 liberare
1156 426 1349 478 periculis,
1380 426 1538 464 retinere
1568 424 1746 464 homines
1775 427 1817 465 in

419 493 573 531 civitate
597 493 609 530 ?
643 492 751 543 Qid
771 502 899 529 autem
923 500 1003 529 tam
1024 491 1283 537 necessarium,
1303 505 1421 544 quam
1441 501 1569 529 tenere
1589 491 1737 544 semper
1756 505 1816 529 ar-

420 572 497 603 ma,
532 558 674 610 quibus
695 557 753 595 vel
775 559 895 595 tectus
930 557 1007 610 ipse
1027 556 1097 595 effe
1127 556 1253 610 poffiS,
1284 558 1343 596 vel
1375 570 1578 610 provocare
1602 557 1817 610 improbos,
1850 608 1853 609 ⁷

420 624 477 662 vel
500 633 535 661 te
557 623 688 661 ulcisci
709 623 893 660 lacefiitus
913 623 925 659 ?

474 692 560 743 Age
580 704 681 733 vero,
713 703 760 727 ne
780 689 927 741 semper
945 687 1092 733 forum,
1112 688 1299 733 subsellia,
1328 688 1455 732 rostra,
1486 689 1712 740 curiamque
1731 700 1819 726 me-

420 757 553 801 ditere,
571 757 666 808 quid
681 755 752 792 effe
772 754 893 807 potest
912 755 952 791 in
969 755 1050 792 otio
1068 763 1133 791 aut
1148 754 1375 806 jucundius,
1393 762 1461 792 aut
1478 755 1601 806 magis
1617 755 1819 807 proprium

420 823 685 866 humanitatis,
708 835 825 874 quam
841 821 963 859 sermo
981 820 1140 865 facetus,
1161 834 1204 859 ac
1220 820 1327 858 nulla
1346 820 1386 858 in
1403 833 1441 858 re
1458 820 1586 858 rudis?
1609 821 1700 858 Hoc
1712 821 1819 859 enim

421 904 499 928 uno
519 889 736 942 praestamus
756 888 816 925 vel
836 888 1005 925 maxime
1024 886 1130 932 feris,
1151 887 1257 939 quod
1277 886 1539 939 colloquimur
1558 887 1657 925 inter
1676 900 1760 931 nOS,
1781 895 1820 925 et

421 956 525 1008 quod
545 956 758 1008 exprimere
784 953 947 992 dicendo
979 953 1079 991 sensa
1098 953 1308 1007 possumus.
1341 953 1610 1005 Qamobrem
1631 953 1716 1005 quis
1742 951 1820 990 hoc

422 1036 498 1060 non
513 1022 599 1074 jure
620 1022 794 1065 miretur,
826 1019 1052 1072 summeque
1078 1020 1119 1057 in
1139 1033 1184 1057 eo
1203 1019 1479 1057 elaborandum
1498 1018 1570 1056 esse
1598 1019 1822 1063 arbitretur,

422 1098 478 1132 ut,
501 1102 579 1140 quo
599 1101 678 1125 uno
696 1086 873 1125 homines
895 1086 1065 1124 maxime
1081 1085 1207 1124 bestiis
1226 1085 1416 1139 praestent,
1435 1086 1475 1122 in
1495 1084 1570 1123 hoc
1590 1084 1823 1122 hominibus

423 1155 509 1207 ipfis
530 1153 757 1191 antecellat?
789 1154 847 1189 Ut
866 1165 954 1190 vero
969 1153 1051 1203 jam
1073 1152 1119 1189 ad
1138 1152 1204 1189 illa
1223 1152 1374 1190 summa
1392 1152 1590 1189 veniamus
1607 1170 1619 1195 ;
1651 1164 1735 1202 quae
1762 1150 1821 1187 vis

422 1221 493 1258 alia
513 1221 640 1272 potuit
660 1229 723 1257 aut
745 1218 924 1270 dispersos
946 1217 1123 1256 homines
1138 1232 1261 1256 unum
1281 1219 1321 1255 in
1342 1218 1474 1255 locum
1489 1229 1734 1268 congregare,
1755 1222 1821 1253 aut

422 1301 443 1324 a
475 1286 567 1330 fera,
598 1285 806 1338 agrestique
827 1286 904 1322 vita
937 1285 982 1322 ad
1002 1283 1108 1322 hunc
1142 1284 1361 1322 humanum
1388 1283 1555 1327 cultum,
1586 1283 1820 1334 civilemque

422 1353 621 1395 deducere,
662 1361 726 1388 aut
755 1352 837 1402 jam
869 1350 1085 1388 constitutis
1115 1350 1352 1394 civitatibus,
1390 1349 1507 1402 leges,
1543 1348 1708 1400 judicia,
1734 1349 1823 1400 jura

423 1418 628 1456 describere
647 1417 660 1453 ?

482 1485 550 1528 Ac,
582 1497 628 1520 ne
649 1482 771 1535 plura,
804 1496 888 1534 quae
909 1481 994 1519 sunt
1014 1495 1111 1534 pene
1136 1481 1449 1526 innumerabilia,
1482 1480 1685 1524 consecter,
1705 1492 1819 1517 com-

422 1549 655 1602 prehendam
677 1549 781 1586 brevi
797 1566 809 1593 ς
841 1549 890 1586 fic
911 1548 1017 1585 enim
1039 1548 1173 1592 statuo,
1204 1547 1363 1600 perfecti
1382 1547 1539 1585 oratoris
1560 1546 1823 1584 moderatione

423 1625 459 1653 et
480 1615 659 1667 sapientia
680 1627 756 1651 non
778 1614 901 1651 solum
920 1613 1035 1665 ipsius
1055 1613 1297 1665 dignitatem,
1328 1613 1391 1651 sed
1417 1622 1455 1650 et
1470 1613 1707 1665 privatorum
1728 1611 1819 1664 plu-

424 1681 613 1719 rimorum
651 1689 688 1717 et
723 1679 902 1717 universa:
940 1679 1162 1731 reipublicae
1200 1679 1374 1723 salutem,
1406 1679 1575 1716 maxime
1613 1678 1818 1716 contineri.

425 1746 691 1798 Qamobrem
713 1746 872 1798 pergite,
908 1754 951 1782 ut
970 1744 1111 1789 facitis,
1139 1744 1408 1789 adolescentes,
1437 1754 1552 1797 atque
1572 1745 1611 1782 in
1632 1744 1672 1782 id
1700 1743 1822 1782 studi-

425 1827 506 1857 um,
535 1813 574 1849 in
595 1826 672 1863 quo
689 1811 787 1855 estis,
809 1811 1038 1855 incumbite,
1072 1820 1115 1848 ut
1134 1820 1171 1848 et
1194 1810 1301 1848 vobis
1321 1809 1475 1855 honori,
1497 1820 1534 1848 et
1554 1810 1686 1848 amicis
1708 1809 1819 1847 utili-

424 1879 505 1922 tati,
528 1887 565 1914 et
586 1876 807 1929 reipublicae
827 1876 1107 1921 emolumento,
1130 1876 1201 1913 effe
1221 1876 1378 1928 poffitis.

481 1944 679 1983 1X..Tum
701 1943 864 1981 Scaevola
880 1943 1055 1987 comiter,
1074 1952 1118 1980 ut
1138 1942 1294 1987 solebat,
1316 1951 1461 1987 caetera,
1483 1943 1626 1995 inquit,
1647 1941 1822 1980 assentior

425 2009 566 2054 Crasso,
588 2023 634 2046 ne
655 2018 719 2046 aut
740 2009 785 2046 de
806 2010 854 2046 C.
877 2009 1001 2053 Laelii,
1023 2009 1137 2046 soceri
1159 2008 1252 2053 mei,
1274 2018 1338 2046 aut
1355 2008 1401 2046 de
1428 2007 1559 2059 hujus,
1591 2008 1735 2060 generi,
1756 2016 1821 2045 aut

424 2085 514 2119 arte,
546 2085 610 2112 aut
630 2075 750 2127 gloria
769 2074 994 2113 detraham:
1027 2074 1089 2112 sed
1117 2074 1183 2112 illa
1213 2074 1304 2118 duo,
1335 2073 1474 2117 Crasse,
1510 2087 1652 2117 vereor,
1684 2082 1727 2110 ut
1747 2073 1820 2110 tibi

425 2142 559 2193 poffim
580 2141 800 2179 concedere.
834 2142 986 2185 Unum,
1003 2139 1109 2192 quod
1129 2139 1174 2177 ab
1194 2139 1406 2177 oratoribus
1427 2139 1596 2177 civitates
1617 2148 1654 2176 et
1673 2138 1720 2176 ab
1741 2138 1819 2176 ini-

425 2208 479 2244 tio
505 2207 726 2244 constitutas
753 2217 789 2245 et
821 2206 914 2258 saepe
945 2206 1177 2244 conservatas
1197 2205 1267 2243 effe
1288 2204 1428 2242 dixisti.
1480 2204 1675 2249 Alterum,
1698 2203 1817 2256 qubd,

426 2282 574 2310 remoto
608 2272 703 2317 foro,
742 2274 939 2317 concione,
972 2272 1147 2324 judiciis,
1183 2271 1326 2316 senatu,
1361 2271 1533 2315 statuisti,
1564 2280 1752 2309 oratorem
1778 2271 1819 2308 in

424 2340 532 2376 omni
553 2352 688 2390 genere
709 2339 890 2376 sermonis
911 2347 947 2376 et
968 2337 1220 2376 humanitatis
1239 2337 1309 2376 effe
1330 2336 1559 2390 perfectum.

480 2406 579 2456 Qis
600 2406 706 2443 enim
728 2406 798 2443 tibi
819 2404 893 2443 hoc
921 2405 1155 2450 concesserit,
1186 2413 1251 2442 aut
1271 2404 1383 2442 initio
1403 2418 1522 2456 genus
1549 2403 1757 2442 hominum
1778 2403 1818 2443 in

425 2469 622 2508 montibus
636 2484 676 2508 ac
686 2471 784 2508 silvis
798 2470 1030 2523 diffipatum,
1042 2484 1118 2508 non
1131 2470 1383 2523 prudentium
1393 2470 1559 2507 consiliis
1572 2468 1819 2521 compulsum

425 2538 565 2590 potius,
598 2551 715 2590 quam
733 2537 960 2575 disertorum
981 2538 1150 2575 oratione
1169 2536 1392 2581 delinitum,
1418 2536 1453 2574 se
1478 2536 1644 2589 oppidis,
1675 2535 1818 2573 moeni-

426 2603 570 2654 busque
589 2603 730 2657 sepsisse
748 2604 760 2641 ?
792 2612 856 2641 aut
878 2617 966 2642 vero
985 2604 1148 2657 reliquas
1168 2603 1365 2649 utilitates,
1396 2611 1461 2640 aut
1476 2601 1733 2647 instituendis,
1752 2609 1819 2638 aut
