2176 2912
599 159 920 199 LIBER
992 155 1571 195 SECUNDUS.
1717 167 1793 209 213

390 253 484 291 ficut
514 253 555 290 in
586 253 745 296 vitibus,
783 259 1008 288 revocantur
1027 262 1082 294 ea,
1114 263 1199 301 quae
1234 247 1306 286 sese
1326 248 1496 285 nimium
1522 245 1790 300 profuderunt,

390 333 521 370 quam,
544 319 570 356 fi
591 317 689 355 nihil
711 317 809 354 valet
829 316 1021 360 materies,
1052 329 1148 353 nova
1167 315 1355 352 sarmenta
1373 313 1525 351 cultura
1545 314 1762 351 excitantur
1778 332 1790 359 3

390 385 442 422 ita
477 385 564 422 volo
595 383 665 421 effe
686 384 725 420 in
746 382 996 427 adolescente,
1029 382 1130 419 unde
1151 381 1297 433 aliquid
1317 389 1546 432 amputem:
1581 393 1658 416 non
1689 381 1794 417 enim

388 450 510 503 potest
539 451 578 487 in
611 463 655 487 eo
686 449 820 487 succus
841 447 912 486 effe
932 448 1151 492 diuturnus,
1183 446 1287 499 quod
1308 446 1424 483 nimis
1446 445 1619 482 celeriter
1638 444 1690 482 est
1710 458 1794 482 ma-

388 517 587 555 turitatem
607 515 829 553 affecutum.
866 514 960 552 Vidi
980 514 1108 552 statim
1126 513 1313 557 indolem,
1332 525 1455 564 neque
1476 511 1602 548 dimisi
1626 520 1792 563 tempus,

389 592 426 620 et
445 596 535 620 eum
557 582 641 620 sum
662 581 897 625 cohortatus,
924 590 967 618 ut
987 579 1118 618 forum
1140 579 1209 617 s1bi
1230 579 1368 617 ludum
1390 587 1538 630 putaret
1559 576 1630 614 effe
1651 577 1696 614 ad
1718 576 1794 614 dis-

389 649 583 693 cendum,
616 647 841 700 magistrum
868 656 1011 691 autem,
1043 659 1161 697 quem
1182 645 1310 690 vellet,
1340 644 1519 697 eligeret,
1552 656 1615 681 me
1636 643 1796 695 quidem

389 714 413 751 fi
435 714 595 758 audiret,
628 715 676 751 L.
696 713 883 751 Craffum.
935 712 1053 763 Qod
1073 711 1139 748 iste
1159 711 1332 763 arripuit,
1363 720 1401 747 et
1432 710 1484 746 ita
1504 708 1576 746 sese
1596 708 1793 746 facturum

388 780 645 824 confirmavit,
677 789 790 831 atque
810 779 926 833 etiam
947 778 1107 821 addidit,
1140 778 1269 829 gratiae
1290 777 1432 814 scilicet
1459 775 1579 820 causa,
1611 789 1674 813 me
1694 788 1794 827 quo-

389 859 464 897 que
484 846 553 884 fibi
574 845 799 897 magistrum
819 843 1012 881 futurum.
1046 843 1125 880 Vix
1146 856 1266 880 annus
1283 841 1535 879 intercesserat
1555 841 1601 878 ab
1622 840 1697 879 hoc
1718 841 1794 878 ser-

387 924 504 948 mone
524 909 799 948 cohortationis
820 922 929 953 meae,
966 922 1057 946 cum
1078 908 1144 945 iste
1165 907 1352 945 accusavit
1374 908 1421 944 C.
1446 907 1693 951 Norbanum,
1725 906 1794 943 de-

388 976 570 1015 fendente
602 990 678 1015 me.
739 977 834 1014 Non
865 976 917 1014 est
939 975 1137 1019 credibile,
1170 974 1265 1026 quid
1284 973 1454 1012 interesse
1487 971 1586 1010 mihi
1607 973 1651 1010 fit
1671 972 1796 1010 visum

390 1045 487 1082 inter
508 1058 613 1089 eum,
637 1044 705 1095 qui
727 1053 812 1081 turn
832 1053 922 1088 erat,
958 1052 996 1080 et
1027 1043 1094 1094 qui
1117 1055 1217 1079 anno
1244 1051 1331 1079 ante
1351 1040 1488 1078 fuerat.
1551 1040 1729 1077 Omnino
1755 1039 1797 1077 in

390 1110 489 1148 illud
508 1124 627 1163 genus
649 1124 738 1147 eum
760 1110 877 1147 Crafli
898 1109 1166 1162 magnificum,
1189 1118 1301 1160 atque
1321 1108 1544 1160 praeclarurn
1567 1116 1699 1143 natura
1719 1105 1797 1159 ipsa

389 1177 576 1214 ducebat:
610 1176 671 1213 sed
706 1189 747 1213 ea
767 1190 844 1213 non
866 1176 950 1213 satis
972 1175 1154 1227 proficere
1175 1174 1366 1227 potuisset,
1399 1173 1466 1210 nisi
1488 1172 1639 1216 eodem,
1671 1172 1795 1210 studio

389 1253 503 1295 atque
523 1243 751 1287 imitatione,
783 1242 1013 1287 intendisset,
1041 1251 1155 1293 atque
1176 1241 1229 1278 ita
1249 1241 1371 1279 dicere
1391 1239 1612 1284 consuesset,
1649 1248 1692 1277 ut
1714 1249 1794 1276 tota

391 1319 518 1346 mente
540 1309 713 1347 Crassum
734 1318 846 1361 atque
864 1309 972 1346 omni
993 1308 1123 1345 animo
1145 1308 1370 1345 intueretur.

445 1376 579 1413 XXII.
612 1377 716 1427 Ergo
737 1375 811 1413 hoc
832 1375 877 1413 slt
897 1376 1070 1428 primum
1091 1374 1130 1411 in
1147 1374 1344 1426 praeceptis
1366 1373 1475 1416 meis,
1495 1381 1538 1409 ut
1554 1371 1792 1409 demonstre—

390 1455 490 1487 mus,
513 1456 631 1494 quem
652 1442 839 1486 imitetur,
870 1451 983 1492 atque
1002 1441 1066 1484 ita,
1100 1450 1155 1484 ut,
1189 1454 1273 1491 quae
1291 1440 1461 1476 maxime
1481 1438 1668 1475 excellant
1686 1438 1726 1475 in
1747 1451 1792 1475 eo

390 1522 508 1560 quem
528 1509 759 1553 imitabitur,
778 1522 820 1545 ea
839 1506 1125 1560 diligentissime
1143 1506 1401 1558 persequatur.
1420 1506 1530 1542 Tum
1552 1504 1703 1541 accedat
1724 1517 1792 1542 ex—

388 1575 574 1619 ercitatio,
596 1589 671 1627 qua
686 1575 815 1618 illurn,
834 1588 951 1625 quem
971 1583 1056 1610 ante
1073 1573 1269 1625 delegerit,
1286 1571 1473 1609 imitando
1490 1571 1659 1622 effingat,
1679 1580 1794 1622 atque

391 1641 442 1678 ita
460 1643 662 1693 exprimat,
686 1655 762 1678 non
785 1651 826 1678 ut
847 1640 993 1678 multos
1015 1640 1226 1676 imitatores
1248 1639 1340 1690 saepe
1360 1637 1539 1690 cognovi,
1562 1637 1629 1688 qui
1650 1646 1714 1673 aut
1735 1649 1790 1681 ea,

390 1721 474 1758 quae
510 1707 636 1744 facilia
669 1708 768 1751 sunt,
801 1717 865 1744 aut
886 1707 1000 1743 etiam
1036 1706 1113 1749 illa,
1146 1719 1230 1756 quae
1264 1704 1436 1757 insignia,
1468 1717 1510 1740 ac
1531 1716 1625 1755 pene
1644 1702 1789 1747 vitiosa,

391 1772 655 1809 consec‘mntur
676 1773 878 1810 imitando.
911 1770 1026 1809 Nihil
1048 1770 1099 1808 est
1118 1770 1283 1814 facilius,
1306 1783 1423 1821 quam
1444 1769 1631 1806 amictum
1649 1768 1793 1805 imitari

390 1838 564 1889 alicujus,
587 1848 650 1875 aut
667 1838 819 1881 statum,
838 1848 901 1874 aut
922 1848 1090 1874 motum.
1117 1837 1152 1873 Si
1171 1849 1258 1872 vero
1280 1838 1394 1872 etiam
1411 1834 1541 1872 vitiose
1558 1834 1704 1885 aliquid
1723 1833 1789 1878 est,

390 1904 429 1941 id
450 1904 609 1948 sumere,
638 1914 674 1941 et
695 1904 733 1941 in
761 1918 804 1941 co
824 1903 1005 1941 vitiosum
1026 1903 1109 1946 effe,
1143 1915 1218 1939 non
1240 1914 1426 1953 magnum
1446 1900 1523 1944 est,
1558 1909 1599 1937 ut
1620 1900 1699 1944 ille,
1723 1900 1790 1952 qui

392 1984 493 2008 nunc
513 1972 644 2015 etiam,
676 1970 804 2008 amiffa
839 1983 942 2014 voce,
977 1968 1071 2006 furit
1105 1969 1144 2006 in
1176 1968 1371 2020 republica
1402 1967 1433 2004 F
1438 1965 1551 2009 ufius,
1589 1979 1721 2004 nervos
1750 1967 1790 2004 in

390 2035 553 2073 dicendo
586 2037 633 2074 C.
656 2036 854 2079 Fimbriae,
887 2048 982 2086 quos
1016 2044 1145 2072 tamen
1172 2032 1307 2071 habuit
1340 2032 1418 2075 ille,
1451 2044 1527 2069 non
1554 2030 1788 2082 affequitur;

390 2102 464 2139 oris
485 2102 724 2154 pravitatem,
750 2111 786 2138 et
806 2102 1010 2139 verborum
1032 2099 1290 2143 latitudinem,
1314 2098 1501 2136 imitatur.
1564 2096 1634 2134 Sed
1663 2106 1791 2134 tamen

391 2166 455 2203 ille
475 2181 544 2205 nec
576 2168 740 2219 deligere
771 2167 891 2211 scivit,
923 2168 1031 2218 cujus
1052 2165 1292 2218 potiffimum
1313 2163 1447 2202 similis
1474 2161 1575 2206 effet,
1607 2171 1643 2199 et
1671 2162 1711 2199 in
1745 2175 1790 2199 eo

391 2232 484 2284 ipse,
516 2246 632 2284 quem
654 2233 855 2284 delegerat,
886 2233 1029 2270 imitari
1046 2232 1162 2269 etiam
1183 2231 1274 2268 vitia
1295 2230 1431 2267 voluit.

446 2299 527 2348 Qi
558 2308 686 2336 autem
720 2299 771 2336 ita
791 2297 918 2343 faciet,
951 2308 992 2336 ut
1013 2307 1177 2351 oportet,
1209 2297 1381 2349 primum
1402 2293 1536 2347 vigilet
1566 2293 1707 2331 necesse
1737 2292 1790 2330 est

392 2366 430 2403 in
453 2364 681 2416 deligendo:
714 2364 862 2408 deinde,
894 2378 1012 2416 quem
1039 2364 1229 2416 probavit,
1261 2364 1301 2399 in
1329 2376 1387 2406 eo,
1419 2374 1503 2413 quae
1524 2360 1693 2398 maxime
1720 2372 1787 2396 ex-

391 2431 545 2474 cellent,
578 2443 619 2467 ea
634 2430 918 2482 diligentissime
938 2430 1195 2482 persequatur.
1239 2428 1348 2479 Qid
1368 2428 1474 2465 enim
1493 2425 1609 2463 causae
1627 2424 1784 2462 censetis

390 2498 474 2542 effe,
506 2511 572 2536 cur
594 2506 717 2535 aetates
736 2496 939 2535 extulerint
961 2496 1115 2549 smgulae
1141 2495 1285 2547 singula
1300 2507 1421 2554 prope
1449 2505 1583 2545 genera
1601 2489 1752 2528 dicendi
1772 2488 1783 2524 ἒ
