2176 2912
423 193 497 248 528
815 192 1442 231 ORATORIAE

417 287 697 331 emolumenta,
740 285 970 338 voluptates,
1006 286 1281 339 vitationesque
1328 286 1509 324 dolorum
1552 285 1819 339 proferantur3

418 353 603 391 addantur
622 353 740 390 etiam
760 352 1022 396 contumeliae,
1054 361 1168 404 atque
1188 352 1426 404 ignominiae.
1488 352 1619 390 Nemo
1646 353 1751 390 enim
1772 352 1824 390 est

412 429 499 458 {am
519 419 686 472 agrestis,
718 432 835 471 quem
867 433 958 463 non,
988 419 1014 456 fi
1040 418 1117 471 ipsa
1138 419 1267 456 minus
1288 418 1474 464 honestas,
1497 419 1735 457 contumelia
1764 427 1822 456 ta-

418 500 509 524 men
541 494 579 524 et
607 486 768 523 dedecus
800 498 1031 537 magnopere
1052 494 1217 522 moveat.
1262 486 1391 537 Qare
1422 486 1526 537 quod
1547 485 1592 522 ad
1613 485 1822 523 utilitatem

419 552 573 605 spectat,
587 565 633 590 ex
650 552 709 596 iis,
728 565 812 603 quae
828 551 927 589 dieta
943 551 1043 595 sunt,
1061 551 1280 603 reperietur.
1306 550 1424 603 Qod
1437 559 1565 589 autem
1582 550 1693 603 pofiit
1706 551 1821 594 effici,
1850 547 1853 548 ⁷

420 632 540 656 necne
559 618 684 671 poffit,
718 619 756 654 in
789 631 867 668 quo
898 617 1029 660 etiam,
1063 630 1180 667 quam
1200 615 1312 653 facile
1334 616 1457 669 poffit,
1489 630 1684 669 quamque
1705 629 1823 669 expe-

420 685 512 729 diat,
536 684 653 736 quaeri
674 683 780 725 solet,
814 683 985 720 maxime
1015 696 1062 720 ex
1082 682 1198 719 causis
1220 682 1282 726 iis,
1313 696 1398 734 quoe
1419 696 1616 735 quamque
1637 695 1718 720 rem
1738 682 1824 719 effi-

419 752 535 795 ciant,
558 750 609 788 est
629 749 854 787 videndum.
887 749 1097 787 Causarum
1118 758 1246 787 autem
1267 762 1403 801 genera
1423 748 1511 787 sunt
1531 749 1652 802 plura.
1716 749 1825 787 Nam

421 817 508 855 sunt
527 816 622 860 aliae,
652 829 736 867 quae
756 814 843 868 ipsae
864 814 1078 852 conficiunt
1093 834 1103 859 3
1136 815 1231 860 aliae,
1266 829 1350 867 quae
1371 815 1450 853 vim
1472 815 1642 867 aliquam
1661 814 1708 852 ad
1727 827 1824 852 con-

418 882 631 920 ficiendum
651 880 828 919 afferunt.
868 882 1001 933 Itaque
1021 881 1096 919 illae
1116 880 1324 933 superiores
1345 881 1592 920 conficientes
1613 889 1798 920 vocentur
1810 899 1823 925 ;

418 947 478 986 hae
499 947 656 1000 reliquae
686 955 878 1000 ponantur
898 947 938 984 in
969 960 1014 984 eo
1034 960 1184 998 genere,
1207 955 1251 984 ut
1270 946 1346 984 fine
1375 945 1437 985 his
1468 946 1611 985 confici
1631 960 1710 984 non
1736 944 1825 998 pos-

419 1014 478 1052 sit.
526 1013 745 1052 Conficiens
777 1023 905 1052 autem
926 1012 1034 1051 causa
1059 1013 1131 1050 alia
1150 1012 1203 1051 est
1222 1012 1406 1058 absoluta,
1430 1022 1468 1051 et
1488 1012 1654 1066 perfecta
1673 1026 1740 1065 per
1759 1012 1795 1050 se
1810 1030 1823 1056 ς

420 1080 494 1118 alia
527 1079 675 1132 aliquid
715 1079 910 1131 adjuvans,
947 1088 984 1117 et
1018 1079 1211 1117 efficiendi
1246 1079 1344 1117 socia
1377 1079 1575 1132 quaedam:
1619 1079 1729 1130 cujus
1755 1090 1826 1130 ge-

421 1146 520 1185 neris
546 1146 600 1183 vis
632 1145 733 1183 varia
760 1145 825 1190 est,
859 1154 897 1183 et
927 1145 1021 1198 saepe
1051 1154 1117 1183 aut
1146 1146 1281 1198 major,
1323 1154 1388 1184 aut
1420 1146 1562 1190 minor,
1607 1153 1651 1183 ut
1680 1152 1719 1182 et
1744 1143 1825 1190 illa,

420 1227 505 1266 quae
525 1212 738 1251 maximam
758 1212 840 1250 vim
860 1210 991 1257 habet,
1017 1212 1094 1250 sola
1113 1211 1208 1265 saepe
1235 1211 1343 1250 causa
1363 1212 1526 1251 dicatur.
1578 1213 1677 1250 Sunt
1696 1219 1826 1249 autem

419 1279 501 1317 aliae
531 1278 661 1323 causae,
694 1292 779 1330 quae
813 1286 877 1316 aut
912 1286 1068 1331 propter
1097 1279 1351 1332 principium,
1383 1287 1449 1317 aut
1477 1287 1634 1332 propter
1658 1278 1826 1323 exitum,

420 1345 667 1384 conficientes
699 1354 898 1384 vocantur.
953 1347 1059 1383 Cum
1079 1355 1209 1383 autem
1230 1346 1426 1398 quaeritur,
1449 1345 1544 1398 quid
1564 1345 1608 1383 fit
1627 1345 1827 1399 optimum

421 1411 550 1457 fae‘tu3
583 1421 648 1449 aut
678 1412 838 1456 utilitas,
874 1420 938 1449 aut
969 1411 1049 1464 spes
1070 1412 1263 1450 efficiendi
1283 1412 1329 1450 ad
1349 1411 1627 1451 assentiendum
1657 1411 1828 1465 impellit

420 1479 585 1516 animos.
637 1480 703 1523 Et,
726 1478 909 1530 quoniam
931 1477 976 1516 de
997 1478 1162 1516 utilitate
1177 1479 1259 1531 jam
1281 1479 1467 1525 diximus,
1489 1479 1535 1518 de
1556 1477 1749 1518 efficiendi
1767 1491 1826 1516 ra-

421 1545 525 1582 tione
546 1544 734 1582 dicamus.

475 1609 649 1648 XXVII.
683 1611 775 1660 Qo
807 1618 888 1647 toto
908 1623 1056 1662 genere,
1093 1610 1342 1662 quibuscum,
1371 1619 1408 1648 et
1443 1619 1574 1648 contra
1603 1623 1714 1662 quos,
1752 1623 1831 1662 quo

421 1685 607 1728 tempore,
629 1685 693 1713 aut
714 1689 791 1728 quo
811 1676 912 1720 loco,
934 1686 999 1714 aut
1020 1677 1162 1728 quibus
1183 1676 1432 1715 facultatibus
1462 1690 1672 1721 armorum,
1706 1690 1825 1729 pecu-

422 1743 507 1787 niae,
531 1742 736 1787 sociorum,
754 1756 928 1781 earumve
949 1756 1090 1788 rerum,
1108 1757 1194 1795 quae
1210 1744 1256 1781 ad
1275 1757 1470 1796 quamque
1487 1757 1569 1781 rem
1586 1742 1827 1780 efficiendam

422 1809 629 1861 pertinent,
652 1808 834 1861 possimus
856 1809 926 1853 uti,
950 1809 1224 1861 requirendum
1245 1809 1310 1848 est.
1348 1809 1491 1862 Neque
1511 1809 1637 1847 solum
1657 1822 1698 1846 ea
1724 1808 1825 1854 sunt,

423 1888 507 1926 quae
528 1875 639 1912 nobis
671 1874 891 1928 suppetunt,
924 1875 985 1912 sed
1006 1876 1121 1914 etiam
1143 1876 1222 1921 illa,
1255 1890 1339 1929 quae
1360 1876 1614 1920 adversantur,
1646 1875 1823 1914 videnda.

423 1941 489 1984 Et,
512 1940 537 1978 fi
558 1940 605 1978 ex
639 1942 886 1979 contentione
917 1941 1146 1994 procliviora
1165 1950 1276 1980 erunt
1295 1942 1432 1987 nostra,
1466 1955 1543 1979 non
1573 1941 1698 1979 solum
1724 1941 1827 1978 effici

421 2005 521 2058 posse
542 2020 625 2058 quae
647 2007 861 2051 suademus,
898 2008 969 2045 erit
989 2008 1318 2060 persuadendum3
1352 2008 1413 2046 sed
1447 2007 1661 2045 curandum
1693 2007 1825 2051 etiam,

423 2077 465 2104 ut
508 2067 572 2105 illa
611 2067 750 2112 facilia,
795 2069 991 2120 proclivia,
1025 2069 1199 2120 jucunda
1236 2069 1449 2107 videantur.
1510 2067 1826 2106 Dissuadentibus
1879 2108 1882 2111 ,

421 2142 565 2177 autem,
597 2143 661 2171 aut
697 2134 840 2172 utilitas
876 2133 1134 2172 labefactanda
1167 2135 1233 2180 est,
1267 2144 1331 2172 aut
1355 2134 1547 2171 efficiendi
1583 2134 1827 2172 difficultates

421 2198 632 2244 efferendae,
669 2213 793 2251 neque
824 2200 905 2236 aliis
941 2213 987 2238 ex
1007 2201 1239 2253 praeceptiS,‘
1256 2200 1318 2238 sed
1338 2200 1472 2238 iisdem
1502 2213 1547 2238 ex
1569 2200 1745 2238 suasionis
1766 2201 1826 2238 lo-

422 2266 491 2303 cis.
554 2266 726 2317 Uterque
760 2278 848 2302 vero
883 2266 928 2302 ad
960 2266 1180 2318 augendum
1215 2265 1351 2304 habeat
1381 2266 1650 2319 exemplorum
1681 2275 1745 2304 aut
1766 2279 1827 2304 re-

422 2331 611 2376 centium,
641 2345 723 2383 ‚quo
758 2332 905 2369 notiora
941 2332 1026 2377 sint,
1058 2342 1123 2370 aut
1152 2342 1339 2377 veterum,
1373 2347 1451 2385 quo
1478 2333 1564 2385 plus
1594 2332 1827 2371 auctoritatis

421 2395 600 2441 habeant,
633 2397 813 2449 copiam;
847 2398 1092 2451 maximeque
1120 2399 1162 2436 s1t
1193 2399 1233 2436 in
1264 2398 1338 2437 hoc
1365 2413 1501 2451 genere
1532 2399 1752 2443 meditatus,
1785 2406 1829 2436 ut

424 2461 534 2514 poffit
554 2462 611 2500 vel
635 2462 756 2507 utilia,
791 2476 833 2500 ac
854 2462 1051 2501 necessaria
1072 2464 1165 2517 ssepe
1186 2462 1367 2509 honestis,
1399 2465 1459 2502 vel
1490 2463 1571 2502 haec
1594 2464 1684 2508 illis,
1719 2472 1825 2501 ante-

421 2525 533 2568 ferre.
599 2528 662 2568 Ad
697 2528 998 2568 commovendos
1030 2539 1160 2570 autem
1180 2530 1329 2571 animos
1363 2531 1534 2570 maxime
1552 2529 1767 2584 proficient,
1799 2527 1825 2567 fi
