2176 2912
434 205 514 259 364
776 208 906 247 DE
1020 208 1493 249 CLARIS

434 300 653 353 putabatur,
683 313 768 353 quae
793 301 859 340 vix
873 302 955 354 jam
986 312 1180 355 comparet
1212 302 1252 341 in
1281 301 1354 341 hae
1374 302 1486 342 turba
1511 315 1700 343 novorum
1720 302 1834 341 volu-

435 379 607 406 minum.

492 434 687 479 Praeclare,
706 434 835 487 inquit
856 436 1011 480 Brutus,
1033 444 1157 480 teneo,
1190 435 1257 488 qui
1278 435 1386 474 istam
1408 436 1561 475 turbam
1586 436 1836 475 voluminum

435 498 617 539 effecerit.
660 501 713 539 Et
732 515 818 553 ego,
840 502 1015 554 inquam,
1045 502 1236 554 intelligO,
1267 503 1398 547 Brute,
1419 516 1537 554 quem
1558 502 1675 543 dicas.
1721 503 1837 542 Certe

437 567 543 604 enim
567 576 605 605 et
625 567 716 605 boni
736 567 883 619 aliquid
903 568 1104 607 attulimus
1125 568 1337 619 juventuti,
1362 567 1686 620 magnificentius,
1717 582 1837 620 quam

436 630 574 678 fuerat,
604 646 724 685 genus
744 633 911 677 dicendi,
942 643 980 671 et
1012 634 1181 671 ornatius
1198 651 1211 677 ς
1241 642 1279 672 et
1299 634 1505 673 nocuimus
1537 633 1700 678 fortaffe,
1731 634 1838 686 quod

437 707 578 737 veteres
612 700 799 737 orationes
826 699 908 751 post
942 699 1096 743 nostraS,
1127 713 1206 736 non
1235 713 1256 737 a
1288 712 1352 736 me
1377 699 1552 751 quidem,
1586 699 1699 749 (meis
1730 699 1838 738 enim

437 763 521 802 illas
541 766 749 816 antepono)
767 764 828 802 sed
848 779 868 802 a
886 764 1077 817 plerisque
1095 765 1173 817 legi
1193 764 1279 806 sunt
1294 764 1432 806 defitae.
1463 765 1675 810 Enumera,
1694 764 1842 817 inquit,

437 842 502 868 me
537 831 576 868 in
607 830 807 883 plerisque.
867 831 1103 883 Qanquam
1123 830 1233 869 video
1254 829 1355 870 mihi
1373 830 1497 873 multa
1517 830 1676 882 legenda
1699 831 1783 883 jam
1802 838 1841 871 te

437 897 601 941 auctore,
632 910 717 949 quae
736 906 844 939 autea
862 897 1173 938 contemnebam.

492 963 617 1014 Atqui
636 961 733 1008 haec,
764 963 940 1015 inquam,
970 964 1016 1003 de
1037 962 1183 1005 incestu
1210 962 1360 1003 laudata
1378 962 1499 1004 oratio
1519 962 1676 1015 puerilis
1695 962 1748 1001 est
1777 962 1839 1002 10-

438 1027 494 1066 cis
514 1028 680 1067 multis:
712 1029 759 1068 de
777 1042 920 1074 amore,
951 1028 996 1067 de
1018 1029 1235 1073 tormentis,
1266 1028 1313 1069 de
1346 1041 1515 1072 rumore,
1545 1028 1623 1067 loci
1653 1027 1737 1070 sane
1755 1028 1840 1069 ina-

439 1106 531 1139 nes,
563 1103 825 1140 veruntamen,
856 1095 1032 1137 nondum
1063 1095 1162 1134 tritis
1182 1094 1399 1135 nostrorum
1426 1093 1639 1135 hominum
1669 1094 1842 1150 auribus,

440 1174 510 1201 nec
530 1162 678 1204 erudita
700 1162 867 1206 civitate,
901 1160 1130 1201 tolerabiles.
1174 1160 1327 1213 Scripfit
1346 1160 1462 1199 etiam
1483 1160 1556 1198 alia
1574 1160 1775 1206 nonnulla,
1804 1169 1844 1200 et

439 1227 564 1267 multa
583 1228 698 1273 dixit,
727 1236 764 1266 et
784 1228 957 1273 illustria,
987 1237 1026 1265 et
1045 1227 1086 1265 in
1107 1240 1269 1268 numero
1290 1236 1543 1279 patronorum
1555 1226 1631 1269 fuit
1643 1245 1655 1272 ς
1687 1236 1730 1266 ut
1749 1240 1847 1267 eum

440 1294 569 1338 mirer,
599 1307 692 1333 cum
712 1303 749 1333 et
769 1295 845 1333 vita
865 1293 1184 1347 suppeditavisset,
1218 1302 1256 1335 et
1276 1293 1452 1346 splendor
1484 1294 1519 1332 ei
1544 1307 1622 1334 non
1652 1291 1844 1338 defuiffet,

439 1359 652 1398 Consulem
672 1374 750 1398 non
769 1359 894 1399 fuiffe.

484 1426 682 1465 XXXIII.
705 1426 777 1467 Sed
793 1440 881 1465 ecce
901 1427 942 1469 in
958 1426 1136 1466 manibus
1154 1426 1225 1471 vir,
1246 1434 1284 1468 et
1301 1425 1601 1479 praestantiffimo
1615 1426 1787 1478 ingenio,
1803 1433 1845 1468 et

441 1491 613 1545 flagranti
626 1493 763 1537 studio,
780 1502 819 1531 et
833 1493 966 1532 doetus
980 1507 1000 1530 a
1011 1506 1147 1545 puero,
1160 1494 1208 1530 C.
1224 1491 1442 1532 Gracchus.
1464 1492 1562 1533 Noli
1575 1493 1680 1532 enim
1693 1501 1841 1544 putare,

441 1570 678 1609 quenquam,
701 1559 831 1602 Brute,
863 1557 1076 1609 pleniorem
1104 1567 1141 1594 et
1163 1557 1381 1596 uberiorem
1409 1557 1455 1594 ad
1475 1557 1685 1597 dicendum
1714 1555 1840 1596 fuiffe.

442 1622 495 1660 Et
514 1622 594 1666 ille,
626 1622 688 1660 Sic
708 1621 872 1674 prorsus,
893 1622 1035 1673 inquit,
1057 1621 1233 1659 existimo
1246 1639 1257 1666 ;
1290 1630 1403 1672 atque
1424 1621 1538 1674 istum
1564 1621 1610 1657 de
1636 1621 1843 1672 superiori-

442 1688 528 1733 bus,
563 1701 660 1741 pene
679 1688 803 1726 solum
823 1687 922 1740 lego,
969 1688 1099 1725 Immo
1120 1687 1244 1738 plane,
1270 1687 1446 1738 inquam,
1474 1687 1604 1730 Brute,
1626 1686 1728 1738 legas
1749 1699 1841 1725 cen-

443 1753 517 1792 seo.
549 1755 752 1793 Damnum
773 1754 892 1798 enim,
910 1753 1014 1790 illius
1030 1753 1239 1790 immaturo
1254 1752 1425 1797 interitu,
1444 1765 1499 1789 res
1516 1752 1714 1799 Romanae,
1732 1751 1844 1789 Lati-

442 1834 578 1872 naeque
601 1820 716 1860 literae
737 1819 923 1857 fecerunt.
970 1819 1132 1856 Utinam
1159 1831 1237 1856 non
1262 1828 1340 1856 tam
1369 1816 1477 1856 fratri
1496 1818 1693 1871 pietatem,
1725 1831 1845 1869 quam

444 1887 586 1939 patriae,
612 1887 784 1939 *praestare
805 1885 978 1924 voluiffet
997 1885 1003 1922 !
1038 1884 1170 1936 Qum
1191 1885 1256 1922 ille
1275 1884 1386 1924 facile
1407 1884 1474 1925 tali
1494 1885 1664 1937 ingenio,
1696 1884 1845 1929 diutius,

444 1952 470 1990 fi
501 1952 664 1997 vixiffet,
701 1952 759 1990 vel
788 1962 984 2005 paternam
1015 1951 1103 1989 effer
1134 1950 1193 1988 vel
1222 1951 1362 1988 avitam
1393 1951 1557 2003 gloriam
1587 1950 1841 1988 consecutus!

444 2019 679 2071 Eloquentia
697 2019 857 2071 quidem
879 2018 1005 2055 nescio
1023 2031 1070 2054 an
1091 2016 1278 2056 habuiffet
1293 2030 1423 2070 parem
1439 2017 1651 2054 neminem.
1676 2015 1842 2053 Grandis

444 2084 496 2122 est
517 2085 654 2129 verbis,
685 2085 828 2137 sapiens
860 2084 1068 2127 sententiis,
1097 2096 1232 2135 genere
1260 2092 1342 2121 toto
1371 2082 1518 2134 gravis:
1551 2095 1686 2120 manus
1717 2090 1843 2119 extre-

446 2164 509 2190 ma
529 2164 604 2188 non
626 2150 774 2188 acceffit
794 2150 971 2202 operibus
992 2150 1073 2200 ejus
1090 2164 1098 2186 ε
1122 2148 1296 2200 praeclare
1317 2146 1495 2185 inchoata
1516 2147 1654 2192 multu,
1677 2146 1844 2199 perfecta

445 2230 524 2255 non
544 2216 668 2268 plane.
702 2216 920 2267 Legendus,
939 2215 1113 2265 inquam,
1132 2213 1184 2250 est
1204 2212 1269 2250 hic
1286 2222 1423 2257 orator,
1446 2214 1575 2260 Brute,
1598 2213 1623 2250 s1
1641 2214 1845 2265 quisquam

446 2280 557 2326 alius,
573 2283 770 2333 juventuti
788 2296 797 2319 ι
830 2293 908 2318 non
928 2280 1034 2317 enim
1054 2279 1179 2318 solum
1198 2292 1344 2324 acuere,
1377 2278 1438 2316 scd
1464 2279 1580 2316 etiam
1601 2279 1710 2323 alere,
1733 2279 1843 2331 inge-

448 2349 557 2388 nium
581 2347 714 2400 potest.

503 2415 611 2464 Huic
632 2413 802 2452 succeffit
823 2412 921 2451 retati
944 2414 991 2450 C.
1023 2411 1163 2456 Galba,
1187 2412 1303 2449 Servii
1332 2411 1434 2450 illius
1455 2411 1752 2464 cloquentiffimi
1772 2411 1847 2450 viri

448 2482 564 2526 filius,
597 2483 639 2520 P.
663 2480 779 2521 Craffi
799 2480 1028 2531 eloquentis,
1051 2488 1087 2517 et
1102 2478 1310 2531 jurisperiti
1331 2493 1457 2530 gener.
1490 2479 1714 2516 Laudabant
1736 2477 1844 2520 hunc

446 2558 570 2603 patres
592 2547 719 2592 nostri,
741 2546 919 2586 favebant
934 2547 1051 2586 etiam
1069 2554 1224 2598 propter
1238 2546 1354 2598 patris
1371 2545 1613 2589 memoriam,
1631 2544 1691 2582 sed
1704 2541 1845 2582 cecidit
