2176 2912
426 203 504 245 534
816 188 1441 227 ORATORIAE

424 291 633 327 amentem,
656 290 699 320 ut
720 281 860 319 indicia
881 280 969 319 faeti
990 290 1054 319 aut
1074 280 1255 334 effugere,
1286 290 1352 320 aut
1371 281 1564 320 occultare
1584 294 1662 319 non
1682 281 1826 334 poffet;

426 361 469 388 ut
488 351 541 387 ita
560 358 711 402 apertus
731 347 833 393 effet,
863 356 906 385 ut
937 347 1068 386 locum
1101 348 1256 386 crimini
1288 348 1532 400 relinqueret.
1593 348 1828 386 Communis

426 418 491 455 ille
513 415 645 454 contra
664 415 786 459 locus,
819 414 1015 452 audaciam
1036 415 1256 459 temeritati,
1285 429 1362 452 non
1383 415 1610 468 prudentiae,
1642 413 1712 452 effe
1732 427 1828 452 con-

420 484 611 536 junctam.
672 481 850 532 Sequitur
869 490 997 518 autem
1029 481 1093 518 ille
1109 480 1216 518 locus
1238 480 1284 518 ad
1309 480 1543 532 augendum,
1572 494 1649 517 non
1670 479 1741 517 effe
1761 493 1829 518 ex-

426 548 673 602 pectandum,
694 547 789 584 dum
810 545 995 591 fateatur;
1027 546 1262 599 argumentis
1289 555 1445 598 peccata
1465 546 1668 584 convinci:
1700 554 1737 583 et
1762 544 1829 583 hic
1858 551 1862 553 “

427 615 544 652 etiam
565 613 743 664 exempla
762 621 968 664 ponentur.

482 680 673 719 XXXIV.
705 681 836 729 Atque
865 676 948 715 haec
969 677 1128 729 quidem
1150 678 1195 716 de
1224 677 1475 730 argumentis.
1520 678 1586 716 Sin
1605 686 1735 715 autem
1761 678 1833 715 erit

428 749 545 786 etiam
566 746 719 784 testium
751 743 940 788 facultas,
973 742 1160 796 primum,
1182 757 1303 796 genus
1323 745 1394 781 erit
1426 744 1552 796 ipsum
1580 743 1829 787 laudandum,

428 814 728 863 dicendumque,
761 823 809 847 ne
829 810 1064 862 argumentis
1086 818 1277 847 teneretur
1298 823 1396 854 reus,
1430 810 1556 863 ipsum
1576 811 1638 848 sua
1657 810 1834 847 cautione

429 879 569 923 fecisse,
602 878 709 915 testes
730 875 896 928 effugere
929 890 1004 913 non
1033 876 1206 928 potuiffe.
1268 877 1419 914 Deinde
1449 877 1588 928 singuli
1614 876 1831 914 laudentur.

431 948 529 998 Qae
559 955 689 982 autem
719 942 835 981 effent
855 942 1073 987 laudabilia,
1106 942 1255 980 dietum
1286 942 1352 981 est.
1402 943 1554 981 Deinde
1581 944 1698 980 etiam
1719 956 1832 995 argu-

430 1021 564 1050 mento
585 1010 712 1054 firmo,
743 1009 834 1060 quia
860 1018 988 1046 tamen
1010 1008 1103 1060 saepe
1123 1007 1263 1046 falsum
1290 1008 1356 1054 est,
1388 1009 1488 1061 posse
1518 1010 1616 1046 recte
1643 1021 1722 1046 non
1748 1021 1832 1045 cre-

431 1079 498 1122 di,
530 1078 612 1115 viro
633 1076 735 1114 bono
755 1083 792 1112 et
812 1074 939 1119 firmo,
976 1074 1052 1111 s1ne
1078 1074 1173 1112 vitio
1188 1075 1347 1126 judicis,
1383 1088 1460 1112 non
1480 1075 1581 1127 poffe
1602 1088 1679 1112 non
1714 1074 1832 1112 credi.

432 1144 558 1196 Atqui
578 1143 708 1185 etiam,
730 1141 757 1178 fi
776 1140 928 1178 obscuri
950 1139 1057 1177 testes
1077 1149 1205 1184 erunt,
1234 1150 1300 1178 aut
1328 1149 1486 1185 tenues;
1517 1139 1727 1178 dicendum
1747 1139 1834 1184 erit,

432 1223 510 1248 non
540 1208 610 1246 effe
628 1221 675 1246 ex
705 1205 858 1244 fortuna
893 1205 1011 1244 fidem
1044 1205 1346 1258 ponderandam,
1378 1215 1416 1244 et
1449 1220 1511 1245 eos
1545 1205 1616 1244 effe
1649 1205 1836 1257 cujusque

432 1275 750 1328 locupletissimos
785 1272 907 1318 testes,
952 1273 1020 1325 qui
1055 1272 1109 1317 id,
1141 1273 1187 1310 de
1232 1287 1311 1325 quo
1345 1282 1489 1326 agatur,
1524 1272 1712 1310 facillime
1742 1271 1836 1310 scire

434 1341 586 1395 poffint.
619 1340 683 1378 Sin
705 1338 929 1392 quaestiones
950 1337 1104 1383 habitae,
1123 1347 1188 1377 aut
1207 1339 1412 1392 postulatio
1432 1348 1475 1377 ut
1496 1338 1720 1383 habeantur,
1741 1351 1834 1376 cau-

433 1410 509 1448 sam
530 1407 765 1460 adjuvabunt
777 1424 788 1450 3
812 1405 1123 1444 confirmandum
1139 1419 1260 1457 genus
1276 1404 1449 1459 primum
1466 1405 1721 1458 quaestionum
1737 1405 1809 1443 erit
1821 1422 1834 1450 3

432 1475 642 1513 dicendum
675 1473 722 1510 de
755 1473 792 1509 vi
825 1472 994 1516 doloris;
1027 1472 1073 1509 de
1102 1473 1284 1525 opinione
1317 1473 1521 1524 majorum,
1557 1472 1626 1525 qui
1651 1485 1732 1509 eam
1754 1485 1837 1509 rem

432 1550 569 1583 totam,
601 1538 669 1575 nifi
704 1537 931 1589 probassent,
962 1545 1064 1574 certe
1095 1537 1374 1589 repudiaffent3
1407 1538 1453 1575 de
1488 1538 1671 1576 institutis
1706 1536 1835 1575 Athe-

431 1605 634 1648 niensium,
678 1602 939 1647 Rhodiorum,
990 1602 1295 1640 doetiffimorum
1333 1602 1556 1648 hominum,
1598 1603 1700 1655 apud
1738 1615 1835 1655 quos

431 1672 549 1710 etiam
581 1671 637 1722 (id
668 1668 773 1721 quod
807 1667 1088 1706 acerbissimum
1120 1669 1189 1720 est)
1222 1669 1348 1713 liberi,
1380 1669 1555 1722 civesque
1577 1678 1833 1721 torquentur;

431 1739 478 1776 de
499 1737 714 1775 nostrorum
744 1735 860 1772 etiam
890 1734 1271 1787 prudentissimorum
1291 1734 1500 1773 hominum
1531 1735 1730 1780 institutis,
1767 1735 1837 1787 qui

432 1818 524 1842 cum
546 1803 591 1840 de
613 1801 723 1840 servis
745 1802 784 1839 in
805 1801 982 1839 dominos
1003 1802 1120 1854 quaeri
1142 1801 1360 1847 noluissent,
1392 1802 1439 1839 de
1469 1801 1613 1839 incestu
1641 1811 1769 1840 tamen
1799 1810 1838 1840 et

432 1869 709 1921 conjuratione,
741 1881 825 1921 quae
843 1867 939 1905 facta
959 1881 1021 1905 me
1043 1868 1211 1905 Consule
1230 1868 1296 1913 est,
1319 1867 1569 1920 quaerendum
1589 1876 1834 1920 putaverunt.

434 1934 629 1973 Irridenda
667 1935 783 1971 etiam
818 1933 1024 1986 disputatio
1057 1934 1122 1985 est,
1165 1948 1239 1986 qua
1265 1933 1385 1972 solent
1420 1935 1477 1972 uti
1510 1933 1557 1971 ad
1590 1933 1836 1972 infirmandas

434 2000 672 2052 quaestiones,
707 2009 744 2037 et
780 2000 974 2044 meditata,
1018 2000 1248 2054 puerilisque
1286 2000 1457 2038 dicenda.
1517 2000 1626 2037 Tum
1665 1998 1838 2038 facienda

437 2067 543 2111 fides,
586 2066 789 2118 diligenter
819 2065 902 2111 effe,
944 2075 982 2104 et
1016 2066 1091 2103 sine
1125 2066 1348 2118 cupiditate,
1389 2065 1618 2117 quaefitum3
1661 2064 1838 2118 dictaque

436 2132 668 2184 quaestionis‚
703 2133 955 2184 argumentis,
987 2142 1025 2170 et
1045 2132 1262 2185 conjectura
1279 2131 1535 2185 ponderanda.
1595 2133 1727 2184 Atque
1753 2131 1836 2172 haec

435 2198 684 2236 accusationis
704 2197 781 2235 fere
802 2198 976 2235 membra
995 2197 1095 2236 sunt.

474 2264 645 2302 XXXV.
679 2262 918 2301 Defenfionis
938 2273 1080 2309 autem,
1103 2262 1275 2317 primum
1298 2263 1508 2303 infirmatio
1528 2263 1724 2302 causarum
1738 2282 1749 2309 3
1772 2274 1838 2303 aut

437 2345 511 2369 non
533 2329 655 2375 fuiffe,
688 2338 752 2367 aut
773 2343 849 2367 non
871 2339 1006 2375 tantas,
1038 2339 1102 2368 aut
1134 2345 1212 2368 non
1233 2330 1301 2369 fibi
1323 2330 1405 2376 soli,
1439 2340 1503 2369 aut
1536 2330 1572 2369 se
1592 2331 1837 2369 commodius

436 2396 597 2451 potuisse
617 2396 719 2434 idem
739 2396 918 2449 consequi
934 2415 946 2442 ;
978 2406 1042 2435 aut
1064 2411 1142 2435 non
1171 2398 1215 2435 iis
1237 2386 1307 2436 effe
1339 2398 1528 2443 moribus,
1559 2410 1636 2435 non
1656 2397 1700 2435 ea
1728 2397 1807 2435 vita
1821 2415 1835 2442 5

436 2472 502 2501 aut
521 2461 647 2501 nullos
668 2461 788 2500 animi
808 2471 952 2507 motae,
985 2470 1050 2500 aut
1071 2476 1147 2501 non
1169 2471 1248 2501 tam
1268 2451 1643 2516 impotentes-fuisse.
1694 2463 1726 2500 F
1728 2463 1835 2500 acul—

436 2537 562 2567 tatum
582 2537 709 2567 autem
730 2526 987 2567 infirmatione
1007 2538 1147 2576 utetur,
1179 2528 1205 2568 fi
1236 2537 1301 2568 aut
1321 2529 1431 2575 vires,
1462 2537 1527 2568 aut
1546 2528 1737 2574 animum,
1772 2535 1837 2566 aut
