2176 2912
439 231 516 273 510
815 217 1451 255 ORATORIAE

436 312 505 351 Est
535 311 640 349 enim
676 311 839 349 narratio
859 310 1136 363 praeteritarum
1157 323 1299 354 rerum,
1330 319 1394 347 aut
1420 308 1665 362 praesentium
1681 327 1692 354 ς
1725 309 1842 348 suafio

435 387 579 422 autem,
613 376 846 415 futurarum.
908 378 1037 428 Qare
1058 376 1103 414 ad
1134 376 1267 421 fidem,
1297 385 1335 414 et
1364 376 1410 413 ad
1445 386 1600 413 motum
1626 374 1842 415 adhibenda

434 445 487 482 est
507 444 635 482 omnis
656 444 790 481 oratio.
835 444 1008 482 F1L1Us.
1031 443 1166 494 Qid?
1190 443 1229 480 in
1245 443 1404 494 judiciis
1426 456 1510 494 quae
1530 442 1582 479 est
1602 441 1808 479 collocatio
1827 442 1840 479 ?

435 512 614 549 PATER.
652 510 744 548 Non
767 509 900 547 eadem
921 509 1161 553 accusatoris,
1197 518 1235 546 et
1255 509 1332 553 rei;
1366 509 1470 560 quod
1490 508 1682 546 accusator
1713 521 1863 555 rerum?

435 577 611 614 ordinem
634 576 887 628 prosequitur,
916 584 952 612 et
973 575 1120 627 lingula
1145 583 1384 626 argumenta,
1417 574 1520 625 quafi
1539 573 1645 611 hasta
1663 574 1704 611 in
1724 587 1843 611 manu

434 643 635 687 collocata,
681 641 927 679 vehementer
965 641 1162 693 proponit,
1207 639 1408 677 concludit
1440 640 1589 684 acriter,
1638 639 1844 678 confirmat

437 710 590 754 tabulis,
609 709 782 751 decretis,
806 707 1049 751 testimoniis,
1071 706 1361 759 accuratiusque
1382 707 1422 744 in
1444 706 1600 759 singulis
1621 719 1843 744 commora-

436 785 521 820 tur3
545 774 869 828 perorationisque
889 774 1102 826 praeceptis,
1124 788 1209 826 quae
1229 773 1274 810 ad
1294 773 1511 811 incitandos
1531 773 1680 811 animos
1700 773 1842 818 valent,

434 853 472 880 et
492 843 532 880 in
553 842 700 894 reliqua
720 842 890 879 oratione
910 841 1116 894 paululum
1136 840 1353 893 digrediens
1373 840 1420 878 de
1440 839 1553 878 cursu
1572 839 1740 885 dicendi,
1762 840 1843 878 uti-

434 919 510 954 tur,
542 918 580 946 et
602 907 868 946 vehementius
890 908 929 946 in
950 907 1174 961 perorandO.
1214 907 1282 945 Est
1301 907 1407 945 enim
1428 907 1681 960 propositum,
1704 915 1748 945 ut
1766 906 1843 945 i-ra-

434 986 522 1014 tum
543 976 683 1013 efficiat
697 975 886 1027 judicem.

489 1043 539 1081 V.
574 1043 746 1081 F1L1us.
771 1040 879 1093 Qid
898 1040 1121 1079 faciendum
1141 1041 1195 1078 est
1215 1039 1349 1079 contra
1366 1053 1430 1078 reo
1449 1041 1461 1077 ?
1495 1041 1672 1079 PATER.
1691 1040 1844 1095 Omnia

434 1111 550 1163 longe
569 1109 688 1148 secus.
731 1109 923 1147 Sumenda
943 1109 1131 1161 principia
1146 1108 1192 1145 ad
1214 1107 1523 1146 benevolentiam
1541 1106 1843 1148 conciliandam.

432 1177 681 1217 Narrationes
712 1185 777 1213 aut
799 1176 1055 1228 amputandae,
1087 1189 1172 1227 quae
1206 1174 1380 1220 laedunt;
1411 1184 1477 1212 aut
1510 1173 1784 1226 relinquendae,
1810 1173 1844 1213 ,fi

434 1252 522 1280 totae
543 1242 629 1280 sunt
656 1242 835 1280 molestae.
873 1242 904 1280 F
909 1242 1140 1279 irmamenta
1159 1240 1205 1279 ad
1232 1240 1351 1279 fidem
1371 1240 1502 1293 posita,
1534 1249 1600 1278 aut
1619 1253 1686 1292 per
1714 1239 1751 1278 se
1780 1239 1843 1277 di-

434 1309 587 1353 luenda,
620 1318 685 1347 aut
717 1308 964 1353 obscuranda,
999 1317 1065 1345 aut
1098 1307 1391 1360 digreffionibus
1422 1307 1632 1345 obruenda.
1684 1307 1843 1347 Perora-

434 1376 555 1413 tiones
577 1385 706 1413 autem
738 1375 784 1413 ad
821 1375 1123 1413 misericordiam
1143 1373 1397 1412 conferendae.
1440 1375 1614 1412 F1L1Us.
1638 1374 1845 1426 Semperne

434 1442 555 1494 igitur
585 1442 763 1480 ordinem
796 1441 1030 1486 collocandi,
1059 1455 1177 1494 quem
1210 1441 1406 1486 volumus,
1449 1449 1577 1478 tenere
1613 1439 1843 1493 poffumus?

434 1509 612 1546 PATER.
646 1509 740 1546 Non
771 1508 869 1546 sane.
929 1508 1037 1546 Nam
1057 1507 1279 1545 auditorum
1299 1520 1405 1544 aures
1434 1506 1685 1545 moderantur
1703 1505 1845 1544 oratori

432 1574 628 1627 prudenti,
664 1582 703 1611 et
751 1573 911 1626 provido
927 1591 939 1618 ;
985 1582 1023 1611 et
1066 1573 1170 1625 quod
1205 1573 1404 1625 respuunt,
1441 1572 1734 1610 immutandum
1772 1571 1840 1610 est.

434 1641 607 1678 Fmos.
640 1640 804 1692 Expone
838 1639 1033 1692 deinceps,
1066 1652 1152 1691 quae
1183 1638 1298 1691 ipfius
1330 1638 1527 1682 orationis,
1558 1638 1844 1689 verborumque

433 1716 623 1759 praecepta
650 1705 749 1743 sunt.
812 1706 988 1743 PATER.
1022 1706 1159 1743 Unum
1181 1704 1302 1756 igitur
1330 1717 1450 1756 genus
1471 1704 1524 1742 est
1554 1703 1760 1756 eloquendi
1781 1703 1845 1742 sua

436 1772 569 1825 sponte
590 1771 720 1810 fusum
735 1790 746 1815 ς
779 1771 957 1816 alterum,
990 1771 1140 1809 versum
1170 1779 1285 1823 atque
1304 1779 1515 1809 mutatum.
1565 1770 1695 1808 Prima
1714 1770 1770 1808 vis
1791 1769 1845 1808 est

436 1840 475 1877 in
497 1838 737 1892 simplicibus
759 1838 910 1882 verbis;
943 1838 983 1876 in
1018 1839 1233 1890 conjunctis
1265 1836 1443 1876 secunda.
1487 1837 1700 1890 Simplicia,
1734 1836 1843 1875 inve—

435 1905 574 1943 nienda
608 1905 722 1949 sunt;
762 1905 979 1956 conjuncta,
1011 1905 1236 1943 collocanda
1264 1904 1365 1943 sunt.
1426 1904 1478 1942 Et
1512 1903 1702 1957 simplicia
1732 1903 1845 1945 verba

434 1973 575 2024 partim
598 1971 722 2008 nativa
743 1970 843 2015 sunt,
875 1972 1017 2024 partim
1047 1980 1205 2024 reperta.
1266 1971 1409 2010 Nativa
1429 1983 1484 2015 ea,
1516 1984 1601 2022 quae
1637 1968 1845 2022 fignificata

435 2037 522 2075 sunt
543 2037 663 2076 sensu,
701 2038 881 2090 Reperta,
905 2051 989 2090 quae
1010 2052 1056 2076 ex
1077 2037 1137 2076 his
1159 2036 1257 2075 facta
1282 2036 1382 2080 sunt,
1405 2045 1443 2074 et
1463 2044 1599 2074 novata
1618 2044 1683 2073 aut
1705 2035 1842 2073 fimili-

434 2104 583 2148 tudine,
606 2113 670 2141 aut
691 2104 921 2148 imitatione,
945 2114 1008 2142 aut
1029 2103 1251 2148 inflexione,
1273 2112 1338 2140 aut
1357 2102 1600 2155 adjunctione
1620 2102 1842 2141 verborum.

434 2171 567 2221 Atque
587 2169 704 2207 etiam
725 2169 777 2207 est
797 2167 878 2207 haec
900 2169 1092 2207 distinctio
1113 2169 1153 2206 in
1176 2168 1327 2213 verbis;
1359 2168 1488 2213 altera,
1511 2167 1673 2213 natura&
1707 2170 1843 2207 tracta·
1890 2201 1894 2204 .

435 2235 554 2280 tione,
575 2235 701 2273 altera.
732 2235 896 2279 Natura,
919 2244 961 2273 ut
978 2235 1050 2273 fint
1070 2235 1142 2273 alia
1162 2234 1467 2280 consonantiora,
1486 2235 1669 2287 graviora,
1687 2235 1843 2281 leviora,

435 2310 473 2339 et
494 2300 784 2354 quodammodo
805 2301 985 2339 nitidiora
1004 2316 1012 2339 :
1045 2301 1117 2339 alia
1136 2300 1282 2339 contra.
1318 2301 1564 2340 Tractatione
1584 2310 1730 2346 autem,
1752 2315 1844 2340 cum

434 2377 499 2405 aut
520 2368 672 2420 propria
692 2367 896 2405 sumuntur
917 2381 1044 2406 rerum
1066 2367 1263 2412 vocabula,
1295 2376 1360 2405 aut
1381 2367 1505 2406 addita
1526 2368 1571 2406 ad
1601 2381 1757 2413 nomen,
1779 2375 1844 2406 aut

434 2446 544 2477 nova,
577 2443 640 2471 aut
661 2433 793 2486 prisca,
827 2443 889 2471 aut
910 2434 956 2472 ab
977 2443 1123 2472 oratore
1151 2433 1384 2479 modificata,
1420 2444 1458 2472 et
1488 2434 1628 2473 inflexa
1651 2433 1842 2486 quodam—

435 2499 553 2537 modo
572 2514 579 2536 z
614 2499 741 2551 qualia
763 2499 847 2537 sunt
868 2513 922 2544 ea,
956 2514 1040 2552 quae
1062 2498 1355 2544 transferuntur,
1386 2510 1451 2538 aut
1472 2500 1746 2543 immutantur,
1777 2506 1843 2537 aut

433 2578 490 2608 ea,
527 2565 668 2617 quibus
704 2574 889 2618 tanquam
918 2566 1128 2612 abutimur,
1162 2574 1227 2604 aut
1258 2579 1315 2611 ea,
1346 2580 1431 2618 quae
1465 2566 1726 2610 obscuramus,
1757 2578 1842 2617 quae
