2176 2912
549 256 871 301 LIBER
947 259 1363 298 PRIMUS.
1592 274 1667 315 179

262 355 457 410 accepiffe,
478 354 603 393 multa
621 352 765 398 vidiffe‚
788 352 912 391 multa
931 353 1062 391 animo
1082 360 1120 390 et
1139 352 1387 405 cogitatione,
1408 352 1533 391 multa
1549 353 1667 392 etiam

264 422 438 475 legendo,
460 420 706 474 percurrisse:
740 433 863 472 neque
883 433 938 465 ea,
961 428 1004 457 ut
1023 419 1099 464 sua,
1123 418 1329 472 poffediffe,
1352 418 1426 464 sed,
1458 427 1502 457 ut
1531 421 1665 465 aliena,

262 487 403 525 libasse.
468 488 606 524 Fateor
631 486 751 530 enim,
783 484 969 523 callidum
1002 484 1196 536 quendam
1216 483 1336 530 hunc,
1366 494 1404 522 et
1432 484 1538 522 nulla
1567 485 1606 522 in
1628 498 1668 522 re

262 553 429 591 tironem
450 566 492 590 ac
513 552 662 597 rudem,
686 565 756 590 nec
777 551 1040 604 peregrinum,
1077 559 1191 603 atque
1212 549 1404 603 hospitem
1432 551 1472 588 in
1503 550 1665 604 agendo,

262 619 333 657 effe
353 619 502 658 debere.

318 686 388 724 LI.
420 686 563 737 Neque
592 698 681 722 vero
715 683 792 721 istis
824 683 1019 736 tragoediis
1052 683 1142 728 tuis,
1175 684 1317 736 quibus
1349 683 1413 722 uti
1439 681 1667 736 Philosophi

263 752 433 789 maxime
454 751 589 795 solent,
607 749 745 795 Crasse,
761 750 975 802 perturbor,
993 749 1098 802 quod
1114 750 1166 787 ita
1180 749 1323 794 dixisti,
1338 749 1553 788 Neminem
1565 749 1668 803 poffe

262 831 397 855 eorum
429 826 590 861 mentes,
623 817 690 867 qui
721 816 908 860 audirent,
940 825 1004 853 aut
1035 815 1274 854 inflammare
1304 816 1482 860 dicendo,
1513 824 1578 854 aut
1602 816 1665 854 in-

261 882 474 921 flammatas
497 881 738 933 restinguere,
769 885 937 918 cum·eo
971 882 1140 919 maxime
1159 882 1215 919 vis
1235 882 1392 920 oratoris
1414 881 1665 934 magnitudo-

261 961 336 1000 que
356 958 544 992 cernatur,
566 947 635 985 nifi
656 947 724 999 qui
745 960 874 984 rerum
894 947 1074 986 omnium
1096 956 1284 992 naturam,
1310 960 1434 985 mores
1454 946 1666 985 hominum

260 1027 303 1051 ac
324 1015 500 1058 rationes,
533 1014 686 1066 penitus
713 1013 944 1066 perspexerit
960 1032 971 1058 3
1004 1013 1045 1051 in
1075 1027 1154 1066 quo
1184 1012 1429 1066 philosophia
1462 1012 1506 1051 fit
1525 1013 1666 1052 oratori

260 1080 462 1118 necefl'ario
483 1080 726 1132 percipienda
742 1098 753 1124 3
787 1094 865 1132 quo
881 1080 921 1117 in
939 1080 1062 1118 studio
1080 1078 1289 1118 hominum
1310 1092 1465 1132 quoque
1486 1079 1665 1133 ingenio-

260 1145 487 1184 fiffimorum
508 1146 896 1198 otiofiffimorumque
913 1155 1008 1185 totas
1030 1155 1155 1184 aetates
1172 1146 1348 1184 videmus
1369 1145 1441 1184 effe
1458 1146 1639 1184 contritas
1648 1165 1661 1191 3

257 1225 427 1263 quorum
448 1226 518 1265 ego
538 1211 704 1264 copiam,
736 1212 1125 1265 magnitudinemque
1154 1212 1403 1265 cognitionis,
1439 1221 1554 1264 atque
1574 1213 1664 1251 artis

259 1291 339 1316 non
360 1278 477 1316 modo
507 1291 583 1315 non
605 1287 829 1322 contemn0‚
862 1278 923 1316 sed
942 1279 1059 1316 etiam
1090 1277 1338 1316 vehementer
1357 1278 1552 1318 admiror:
1589 1292 1663 1317 no-

258 1344 317 1383 bis
340 1353 480 1389 tamen,
517 1345 585 1397 qui
617 1344 657 1382 in
676 1343 751 1382 hoc
772 1344 919 1397 populo
938 1344 1100 1397 foroque
1133 1344 1337 1389 versamur,
1370 1343 1454 1382 satis
1475 1344 1527 1382 est
1552 1358 1595 1382 ea
1617 1345 1665 1383 de

258 1411 432 1449 moribus
453 1410 663 1449 hominum
683 1420 721 1449 et
741 1411 846 1456 scire,
869 1420 907 1450 et
925 1411 1064 1457 dicere,
1086 1425 1171 1464 quae
1190 1425 1269 1449 non
1289 1409 1495 1449 abhorrent
1515 1412 1562 1450 ab
1587 1410 1670 1450 110--

259 1479 414 1516 minum
435 1477 623 1515 moribus.

315 1543 415 1595 Qis
436 1544 541 1581 enim
562 1556 736 1595 unquam
755 1552 880 1581 orator
900 1556 1077 1595 magnus,
1100 1550 1138 1581 et
1157 1542 1295 1595 gravis,
1317 1556 1410 1580 curn
1431 1542 1573 1581 iratum
1593 1543 1662 1580 ad-

258 1609 416 1647 versario
444 1609 620 1661 judicem
652 1607 775 1647 facere
808 1609 937 1654 vellet,
968 1608 1151 1648 haefitavit
1184 1609 1235 1647 ob
1256 1622 1341 1646 eam
1362 1608 1527 1653 causam,
1557 1608 1664 1661 quod

259 1675 417 1713 nesciret
437 1676 531 1727 quid
563 1675 652 1713 esset
683 1675 891 1720 iracundia,
923 1675 1097 1714 fervorne
1118 1676 1273 1720 mentis,
1304 1689 1350 1713 an
1371 1675 1560 1728 cupiditas
1586 1689 1662 1728 pu-

258 1742 389 1779 niendi
409 1742 550 1780 doloris
570 1743 582 1779 ?
615 1743 729 1792 Qis,
751 1756 844 1780 cum
865 1751 1018 1780 caeteros
1040 1743 1261 1780 animorum
1283 1751 1411 1781 motus
1432 1750 1497 1780 aut
1512 1741 1662 1794 judici-

259 1807 345 1852 bus,
381 1817 445 1845 aut
478 1808 622 1860 populo
641 1808 805 1845 dicendo
830 1808 986 1845 miscere
1007 1817 1121 1860 atque
1142 1809 1284 1860 agitare
1309 1809 1438 1853 vellet,
1474 1821 1516 1845 ea
1547 1807 1660 1853 dixit,

259 1887 344 1925 quae
364 1887 384 1910 a
402 1872 642 1926 Philosophis
664 1873 739 1911 dici
761 1873 908 1911 solent?
941 1874 1006 1926 qui
1029 1874 1169 1926 partim
1189 1874 1351 1912 omnino
1371 1884 1500 1912 motus
1522 1883 1664 1926 negant

259 1940 299 1976 in
321 1940 459 1977 animis
482 1939 580 1976 ullos
601 1939 672 1976 effe
691 1939 841 1984 debere,
856 1940 1001 1992 quique
1021 1953 1083 1977 eos
1105 1940 1336 1991 injudicum
1350 1940 1547 1978 mentibus
1564 1953 1660 1977 con-

259 2005 393 2050 citent,
417 2006 535 2043 scelus
556 2018 618 2043 eos
639 2005 748 2043 aiunt
768 2004 957 2043 nefarium
975 2004 1124 2050 facere;
1157 2006 1311 2058 partim,
1335 2006 1402 2058 qui
1422 2005 1660 2043 tolerabilio-

259 2083 315 2108 res
336 2071 471 2110 volunt
491 2071 573 2116 effe,
597 2080 633 2108 et
654 2071 699 2108 ad
716 2071 915 2109 veritatem
942 2071 1028 2109 vitae
1049 2072 1205 2124 propius
1228 2071 1417 2116 accedere,
1439 2071 1659 2124 permedio-

258 2150 354 2182 cres,
385 2151 427 2175 ac
448 2138 575 2190 potius
594 2138 692 2175 leves
713 2146 842 2176 motus
863 2137 1000 2175 debere
1020 2137 1090 2175 esse
1110 2138 1259 2175 dicunt.
1662 2139 1663 2143 ’

315 2204 456 2241 Orator
488 2213 617 2241 autem
644 2204 775 2241 omnia
808 2202 904 2248 haec,
937 2218 1022 2256 quae
1050 2212 1233 2256 putantur
1267 2204 1306 2241 in
1339 2204 1543 2242 communi
1574 2204 1661 2241 vitaz

256 2268 532 2306 consuetudine
563 2269 676 2313 mala,
707 2283 750 2308 ac
783 2269 953 2314 molesta,
994 2279 1031 2308 et
1058 2269 1253 2322 fugienda,
1291 2270 1418 2308 multo
1452 2271 1595 2322 majora
1622 2278 1661 2307 et

259 2335 452 2372 acerbiora
484 2336 608 2373 verbis
639 2335 755 2380 facit;
787 2337 959 2388 itemque
981 2350 1035 2381 ea,
1067 2350 1151 2388 quae
1171 2337 1289 2389 vulgo
1308 2337 1519 2390 expetenda
1546 2345 1660 2388 atque

258 2400 443 2453 optabilia
462 2401 652 2446 videntur,
675 2401 837 2440 dicendo
871 2402 1081 2455 amplificat
1114 2411 1228 2454 atque
1250 2411 1388 2447 ornat;
1421 2415 1545 2454 neque
1576 2401 1659 2438 vult

259 2467 312 2504 ita
332 2467 475 2519 sapiens
496 2467 596 2504 inter
626 2467 758 2505 stultos
779 2468 911 2513 videri,
942 2469 1014 2513 uti,
1037 2469 1104 2520 qui
1128 2469 1297 2513 audiant,
1325 2477 1390 2506 aut
1410 2468 1524 2505 illum
1546 2467 1656 2517 inep-

259 2542 360 2579 tum,
382 2542 448 2571 aut
468 2534 694 2571 Graeculum
714 2543 874 2587 putent;
897 2544 974 2579 aut,
992 2535 1136 2572 etiamsi
1153 2534 1260 2572 valde
1277 2534 1440 2587 probent
1456 2532 1657 2584 ingenium

258 2601 430 2646 oratoris,
457 2600 680 2654 sapientiam
711 2601 961 2648 admirentur,
993 2601 1028 2640 se
1059 2600 1129 2639 effe
1160 2601 1293 2638 stultos
1322 2599 1478 2638 moleste
1504 2597 1654 2635 ferant:

1104 2666 1193 2704 Z2
