<?xml version="1.0" encoding="UTF-8"?>
<!DOCTYPE html PUBLIC "-//W3C//DTD XHTML 1.0 Transitional//EN"
    "http://www.w3.org/TR/xhtml1/DTD/xhtml1-transitional.dtd">
<html xmlns="http://www.w3.org/1999/xhtml" xml:lang="en" lang="en">
 <head>
  <title>
</title>
<meta http-equiv="Content-Type" content="text/html;charset=utf-8" />
  <meta name='ocr-system' content='tesseract 3.04.00' />
  <meta name='ocr-capabilities' content='ocr_page ocr_carea ocr_par ocr_line ocrx_word'/>
</head>
<body>
  <div class='ocr_page' id='page_1' title='image "./operacumindicibu01ciceuoft_0032.png"; bbox 0 0 2176 2912; ppageno 0'>
   <div class='ocr_carea' id='block_1_1' title="bbox 978 216 1230 285">
    <p class='ocr_par' dir='ltr' id='par_1_1' title="bbox 978 216 1230 285">
     <span class='ocr_line' id='line_1_1' title="bbox 978 216 1230 285; baseline 0.016 -4"><span class='ocrx_word' id='word_1_1' title='bbox 978 216 1230 285; x_wconf 89' lang='lat'>[22]</span> 
     </span>
    </p>
   </div>
   <div class='ocr_carea' id='block_1_2' title="bbox 362 301 1512 2557">
    <p class='ocr_par' dir='ltr' id='par_1_2' title="bbox 387 301 1307 626">
     <span class='ocr_line' id='line_1_2' title="bbox 387 301 1233 364; baseline 0.024 -31"><span class='ocrx_word' id='word_1_2' title='bbox 387 302 417 344; x_wconf 60' lang='lat' dir='ltr'>‘J</span> <span class='ocrx_word' id='word_1_3' title='bbox 464 301 605 338; x_wconf 85' lang='lat' dir='ltr'>Tullius</span> <span class='ocrx_word' id='word_1_4' title='bbox 622 306 755 353; x_wconf 79' lang='lat' dir='ltr'>arpinas</span> <span class='ocrx_word' id='word_1_5' title='bbox 775 323 816 346; x_wconf 84' lang='lat' dir='ltr'>ex</span> <span class='ocrx_word' id='word_1_6' title='bbox 835 313 954 348; x_wconf 85' lang='lat' dir='ltr'>ordine</span> <span class='ocrx_word' id='word_1_7' title='bbox 973 325 1072 350; x_wconf 79' lang='lat' dir='ltr'>natus</span> <span class='ocrx_word' id='word_1_8' title='bbox 1090 319 1233 364; x_wconf 84' lang='lat' dir='ltr'>equestri</span> 
     </span>
     <span class='ocr_line' id='line_1_3' title="bbox 461 356 1123 405; baseline 0.024 -17"><span class='ocrx_word' id='word_1_9' title='bbox 461 356 531 390; x_wconf 87' lang='lat' dir='ltr'>Sed</span> <span class='ocrx_word' id='word_1_10' title='bbox 550 358 675 394; x_wconf 89' lang='lat' dir='ltr'>virtute</span> <span class='ocrx_word' id='word_1_11' title='bbox 692 360 748 397; x_wconf 90' lang='lat' dir='ltr'>sua</span> <span class='ocrx_word' id='word_1_12' title='bbox 766 366 881 401; x_wconf 90' lang='lat' dir='ltr'>consul</span> <span class='ocrx_word' id='word_1_13' title='bbox 900 368 932 401; x_wconf 88' lang='lat' dir='ltr'>in</span> <span class='ocrx_word' id='word_1_14' title='bbox 954 369 1037 402; x_wconf 86' lang='lat' dir='ltr'>urbe</span> <span class='ocrx_word' id='word_1_15' title='bbox 1055 369 1123 405; x_wconf 85' lang='lat' dir='ltr'>fuit</span> 
     </span>
     <span class='ocr_line' id='line_1_4' title="bbox 461 410 1307 469; baseline 0.024 -27"><span class='ocrx_word' id='word_1_16' title='bbox 461 410 581 458; x_wconf 80' lang='lat' dir='ltr'>Qem</span> <span class='ocrx_word' id='word_1_17' title='bbox 597 412 746 450; x_wconf 85' lang='lat' dir='ltr'>Catilina</span> <span class='ocrx_word' id='word_1_18' title='bbox 764 420 874 454; x_wconf 79' lang='lat' dir='ltr'>malus</span> <span class='ocrx_word' id='word_1_19' title='bbox 889 421 1126 469; x_wconf 73' lang='lat' dir='ltr'>coniuratique</span> <span class='ocrx_word' id='word_1_20' title='bbox 1146 438 1307 461; x_wconf 70' lang='lat' dir='ltr'>nocentes</span> 
     </span>
     <span class='ocr_line' id='line_1_5' title="bbox 461 463 1135 514; baseline 0.024 -18"><span class='ocrx_word' id='word_1_21' title='bbox 461 463 645 500; x_wconf 85' lang='lat' dir='ltr'>Senserunt</span> <span class='ocrx_word' id='word_1_22' title='bbox 664 469 806 514; x_wconf 86' lang='lat' dir='ltr'>vigilem</span> <span class='ocrx_word' id='word_1_23' title='bbox 831 472 965 509; x_wconf 88' lang='lat' dir='ltr'>civibus</span> <span class='ocrx_word' id='word_1_24' title='bbox 987 478 1050 510; x_wconf 81' lang='lat' dir='ltr'>effe</span> <span class='ocrx_word' id='word_1_25' title='bbox 1070 478 1135 512; x_wconf 89' lang='lat' dir='ltr'>suis</span> 
     </span>
     <span class='ocr_line' id='line_1_6' title="bbox 459 516 1252 570; baseline 0.024 -21"><span class='ocrx_word' id='word_1_26' title='bbox 459 516 570 551; x_wconf 89' lang='lat' dir='ltr'>Hunc</span> <span class='ocrx_word' id='word_1_27' title='bbox 589 528 703 556; x_wconf 84' lang='lat' dir='ltr'>tamen</span> <span class='ocrx_word' id='word_1_28' title='bbox 719 534 739 555; x_wconf 94' lang='lat' dir='ltr'>o</span> <span class='ocrx_word' id='word_1_29' title='bbox 758 525 864 570; x_wconf 87' lang='lat' dir='ltr'>pietas</span> <span class='ocrx_word' id='word_1_30' title='bbox 881 538 944 562; x_wconf 86' lang='lat' dir='ltr'>tres</span> <span class='ocrx_word' id='word_1_31' title='bbox 958 530 1113 565; x_wconf 87' lang='lat' dir='ltr'>occidere</span> <span class='ocrx_word' id='word_1_32' title='bbox 1129 533 1252 567; x_wconf 82' lang='lat' dir='ltr'>tiranni</span> 
     </span>
     <span class='ocr_line' id='line_1_7' title="bbox 456 571 1109 626; baseline 0.023 -23"><span class='ocrx_word' id='word_1_33' title='bbox 456 572 507 605; x_wconf 84' lang='lat' dir='ltr'>At</span> <span class='ocrx_word' id='word_1_34' title='bbox 525 571 626 608; x_wconf 87' lang='lat' dir='ltr'>lamia</span> <span class='ocrx_word' id='word_1_35' title='bbox 645 575 697 610; x_wconf 92' lang='lat' dir='ltr'>ille</span> <span class='ocrx_word' id='word_1_36' title='bbox 710 580 768 623; x_wconf 88' lang='lat' dir='ltr'>pio</span> <span class='ocrx_word' id='word_1_37' title='bbox 783 580 954 626; x_wconf 81' lang='lat' dir='ltr'>supposuit</span> <span class='ocrx_word' id='word_1_38' title='bbox 973 585 1109 618; x_wconf 90' lang='lat' dir='ltr'>tumulo</span> 
     </span>
    </p>

    <p class='ocr_par' dir='ltr' id='par_1_3' title="bbox 382 625 1343 945">
     <span class='ocr_line' id='line_1_8' title="bbox 382 625 1214 680; baseline 0.022 -24"><span class='ocrx_word' id='word_1_39' title='bbox 382 626 410 666; x_wconf 68' lang='lat' dir='ltr'>«J</span> <span class='ocrx_word' id='word_1_40' title='bbox 457 625 530 672; x_wconf 80' lang='lat' dir='ltr'>Qi</span> <span class='ocrx_word' id='word_1_41' title='bbox 552 636 642 662; x_wconf 81' lang='lat' dir='ltr'>tenet</span> <span class='ocrx_word' id='word_1_42' title='bbox 665 631 793 678; x_wconf 86' lang='lat' dir='ltr'>eloquii</span> <span class='ocrx_word' id='word_1_43' title='bbox 817 635 948 680; x_wconf 82' lang='lat' dir='ltr'>fastigia</span> <span class='ocrx_word' id='word_1_44' title='bbox 970 636 1101 672; x_wconf 87' lang='lat' dir='ltr'>summa</span> <span class='ocrx_word' id='word_1_45' title='bbox 1121 639 1214 674; x_wconf 89' lang='lat' dir='ltr'>latini</span> 
     </span>
     <span class='ocr_line' id='line_1_9' title="bbox 454 678 1146 735; baseline 0.022 -25"><span class='ocrx_word' id='word_1_46' title='bbox 454 678 528 724; x_wconf 77' lang='lat' dir='ltr'>Qui</span> <span class='ocrx_word' id='word_1_47' title='bbox 547 681 662 716; x_wconf 88' lang='lat' dir='ltr'>consul</span> <span class='ocrx_word' id='word_1_48' title='bbox 686 685 830 729; x_wconf 86' lang='lat' dir='ltr'>patriam</span> <span class='ocrx_word' id='word_1_49' title='bbox 854 688 995 722; x_wconf 85' lang='lat' dir='ltr'>cedibus</span> <span class='ocrx_word' id='word_1_50' title='bbox 1020 691 1146 735; x_wconf 88' lang='lat' dir='ltr'>eripuit</span> 
     </span>
     <span class='ocr_line' id='line_1_10' title="bbox 454 731 1343 780; baseline 0.018 -17"><span class='ocrx_word' id='word_1_51' title='bbox 454 731 599 778; x_wconf 74' lang='lat' dir='ltr'>Qiique</span> <span class='ocrx_word' id='word_1_52' title='bbox 623 735 727 770; x_wconf 85' lang='lat' dir='ltr'>trium</span> <span class='ocrx_word' id='word_1_53' title='bbox 752 750 838 772; x_wconf 85' lang='lat' dir='ltr'>ceno</span> <span class='ocrx_word' id='word_1_54' title='bbox 862 740 967 774; x_wconf 80' lang='lat' dir='ltr'>vitam</span> <span class='ocrx_word' id='word_1_55' title='bbox 987 742 1082 776; x_wconf 84' lang='lat' dir='ltr'>dedit</span> <span class='ocrx_word' id='word_1_56' title='bbox 1101 744 1163 777; x_wconf 80' lang='lat' dir='ltr'>esse</span> <span class='ocrx_word' id='word_1_57' title='bbox 1189 745 1343 780; x_wconf 85' lang='lat' dir='ltr'>virorum</span> 
     </span>
     <span class='ocr_line' id='line_1_11' title="bbox 455 784 1220 841; baseline 0.018 -24"><span class='ocrx_word' id='word_1_58' title='bbox 455 784 595 821; x_wconf 87' lang='lat' dir='ltr'>Tullius</span> <span class='ocrx_word' id='word_1_59' title='bbox 619 800 661 821; x_wconf 82' lang='lat' dir='ltr'>en</span> <span class='ocrx_word' id='word_1_60' title='bbox 688 789 750 824; x_wconf 86' lang='lat' dir='ltr'>hac</span> <span class='ocrx_word' id='word_1_61' title='bbox 772 792 819 827; x_wconf 87' lang='lat' dir='ltr'>est</span> <span class='ocrx_word' id='word_1_62' title='bbox 844 793 912 839; x_wconf 87' lang='lat' dir='ltr'>ipse</span> <span class='ocrx_word' id='word_1_63' title='bbox 934 793 1085 841; x_wconf 88' lang='lat' dir='ltr'>sepultus</span> <span class='ocrx_word' id='word_1_64' title='bbox 1113 796 1220 832; x_wconf 84' lang='lat' dir='ltr'>humo</span> 
     </span>
     <span class='ocr_line' id='line_1_12' title="bbox 455 838 1219 897; baseline 0.021 -27"><span class='ocrx_word' id='word_1_65' title='bbox 455 838 487 872; x_wconf 89' lang='lat' dir='ltr'>Si</span> <span class='ocrx_word' id='word_1_66' title='bbox 510 839 658 875; x_wconf 81' lang='lat' dir='ltr'>brevitas</span> <span class='ocrx_word' id='word_1_67' title='bbox 682 843 754 879; x_wconf 89' lang='lat' dir='ltr'>vite</span> <span class='ocrx_word' id='word_1_68' title='bbox 775 847 933 892; x_wconf 87' lang='lat' dir='ltr'>pensatur</span> <span class='ocrx_word' id='word_1_69' title='bbox 954 849 1055 884; x_wconf 89' lang='lat' dir='ltr'>laude</span> <span class='ocrx_word' id='word_1_70' title='bbox 1077 854 1219 897; x_wconf 84' lang='lat' dir='ltr'>perenni</span> 
     </span>
     <span class='ocr_line' id='line_1_13' title="bbox 452 890 1133 945; baseline 0.022 -22"><span class='ocrx_word' id='word_1_71' title='bbox 452 890 569 937; x_wconf 81' lang='lat' dir='ltr'>Qem</span> <span class='ocrx_word' id='word_1_72' title='bbox 597 905 688 928; x_wconf 89' lang='lat' dir='ltr'>mors</span> <span class='ocrx_word' id='word_1_73' title='bbox 709 897 834 944; x_wconf 86' lang='lat' dir='ltr'>eripuit</span> <span class='ocrx_word' id='word_1_74' title='bbox 857 900 966 945; x_wconf 85' lang='lat' dir='ltr'>gloria</span> <span class='ocrx_word' id='word_1_75' title='bbox 990 901 1133 938; x_wconf 86' lang='lat' dir='ltr'>restituit</span> 
     </span>
    </p>

    <p class='ocr_par' dir='ltr' id='par_1_4' title="bbox 378 942 1512 1268">
     <span class='ocr_line' id='line_1_14' title="bbox 378 942 1395 994; baseline 0.02 -20"><span class='ocrx_word' id='word_1_76' title='bbox 378 944 407 985; x_wconf 63' lang='lat' dir='ltr'>qs</span> <span class='ocrx_word' id='word_1_77' title='bbox 451 942 590 979; x_wconf 88' lang='lat' dir='ltr'>Tullius</span> <span class='ocrx_word' id='word_1_78' title='bbox 614 946 668 980; x_wconf 90' lang='lat' dir='ltr'>hic</span> <span class='ocrx_word' id='word_1_79' title='bbox 692 947 772 983; x_wconf 75' lang='lat' dir='ltr'>situs</span> <span class='ocrx_word' id='word_1_80' title='bbox 795 951 843 985; x_wconf 88' lang='lat' dir='ltr'>est</span> <span class='ocrx_word' id='word_1_81' title='bbox 867 954 1059 989; x_wconf 89' lang='lat' dir='ltr'>venerabile</span> <span class='ocrx_word' id='word_1_82' title='bbox 1081 967 1208 991; x_wconf 88' lang='lat' dir='ltr'>nornen</span> <span class='ocrx_word' id='word_1_83' title='bbox 1233 958 1265 992; x_wconf 90' lang='lat' dir='ltr'>in</span> <span class='ocrx_word' id='word_1_84' title='bbox 1290 971 1395 994; x_wconf 87' lang='lat' dir='ltr'>evum</span> 
     </span>
     <span class='ocr_line' id='line_1_15' title="bbox 451 997 1193 1055; baseline 0.02 -25"><span class='ocrx_word' id='word_1_85' title='bbox 451 997 572 1032; x_wconf 83' lang='lat' dir='ltr'>Clarus</span> <span class='ocrx_word' id='word_1_86' title='bbox 594 999 723 1037; x_wconf 85' lang='lat' dir='ltr'>honore</span> <span class='ocrx_word' id='word_1_87' title='bbox 747 1003 845 1039; x_wconf 76' lang='lat' dir='ltr'>simul</span> <span class='ocrx_word' id='word_1_88' title='bbox 866 1006 976 1042; x_wconf 86' lang='lat' dir='ltr'>clarus</span> <span class='ocrx_word' id='word_1_89' title='bbox 999 1019 1033 1043; x_wconf 90' lang='lat' dir='ltr'>et</span> <span class='ocrx_word' id='word_1_90' title='bbox 1054 1009 1193 1055; x_wconf 86' lang='lat' dir='ltr'>ingenio</span> 
     </span>
     <span class='ocr_line' id='line_1_16' title="bbox 449 1051 1319 1102; baseline 0.021 -18"><span class='ocrx_word' id='word_1_91' title='bbox 449 1051 569 1096; x_wconf 81' lang='lat' dir='ltr'>Qem</span> <span class='ocrx_word' id='word_1_92' title='bbox 593 1054 705 1089; x_wconf 90' lang='lat' dir='ltr'>cesum</span> <span class='ocrx_word' id='word_1_93' title='bbox 732 1059 803 1092; x_wconf 88' lang='lat' dir='ltr'>neci</span> <span class='ocrx_word' id='word_1_94' title='bbox 828 1060 1012 1096; x_wconf 88' lang='lat' dir='ltr'>crudeliter</span> <span class='ocrx_word' id='word_1_95' title='bbox 1032 1075 1126 1098; x_wconf 88' lang='lat' dir='ltr'>arma</span> <span class='ocrx_word' id='word_1_96' title='bbox 1147 1066 1319 1102; x_wconf 83' lang='lat' dir='ltr'>dederunt</span> 
     </span>
     <span class='ocr_line' id='line_1_17' title="bbox 449 1104 1098 1151; baseline 0.022 -15"><span class='ocrx_word' id='word_1_97' title='bbox 449 1104 522 1149; x_wconf 74' lang='lat' dir='ltr'>Qui</span> <span class='ocrx_word' id='word_1_98' title='bbox 541 1108 649 1151; x_wconf 86' lang='lat' dir='ltr'>patrie</span> <span class='ocrx_word' id='word_1_99' title='bbox 667 1107 794 1144; x_wconf 87' lang='lat' dir='ltr'>vindex</span> <span class='ocrx_word' id='word_1_100' title='bbox 818 1111 872 1146; x_wconf 89' lang='lat' dir='ltr'>ille</span> <span class='ocrx_word' id='word_1_101' title='bbox 891 1113 998 1148; x_wconf 87' lang='lat' dir='ltr'>fidelis</span> <span class='ocrx_word' id='word_1_102' title='bbox 1017 1126 1098 1150; x_wconf 89' lang='lat' dir='ltr'>erat.</span> 
     </span>
     <span class='ocr_line' id='line_1_18' title="bbox 448 1155 1512 1215; baseline 0.023 -27"><span class='ocrx_word' id='word_1_103' title='bbox 448 1155 515 1190; x_wconf 89' lang='lat' dir='ltr'>Sed</span> <span class='ocrx_word' id='word_1_104' title='bbox 536 1158 619 1192; x_wconf 86' lang='lat' dir='ltr'>nihil</span> <span class='ocrx_word' id='word_1_105' title='bbox 639 1159 818 1197; x_wconf 88' lang='lat' dir='ltr'>infandum</span> <span class='ocrx_word' id='word_1_106' title='bbox 839 1164 878 1209; x_wconf 86' lang='lat' dir='ltr'>(l.</span> <span class='ocrx_word' id='word_1_107' title='bbox 898 1165 1075 1211; x_wconf 87' lang='lat' dir='ltr'>infandus)</span> <span class='ocrx_word' id='word_1_108' title='bbox 1095 1170 1240 1215; x_wconf 87' lang='lat' dir='ltr'>perfecit</span> <span class='ocrx_word' id='word_1_109' title='bbox 1257 1173 1341 1209; x_wconf 89' lang='lat' dir='ltr'>cede</span> <span class='ocrx_word' id='word_1_110' title='bbox 1360 1175 1512 1210; x_wconf 87' lang='lat' dir='ltr'>tirannus</span> 
     </span>
     <span class='ocr_line' id='line_1_19' title="bbox 447 1209 1102 1268; baseline 0.024 -25"><span class='ocrx_word' id='word_1_111' title='bbox 447 1209 631 1257; x_wconf 84' lang='lat' dir='ltr'>Ingenium</span> <span class='ocrx_word' id='word_1_112' title='bbox 650 1215 736 1250; x_wconf 90' lang='lat' dir='ltr'>vivit</span> <span class='ocrx_word' id='word_1_113' title='bbox 754 1228 876 1263; x_wconf 91' lang='lat' dir='ltr'>corpus</span> <span class='ocrx_word' id='word_1_114' title='bbox 896 1221 994 1256; x_wconf 88' lang='lat' dir='ltr'>inane</span> <span class='ocrx_word' id='word_1_115' title='bbox 1012 1224 1102 1268; x_wconf 79' lang='lat' dir='ltr'>perit</span> 
     </span>
    </p>

    <p class='ocr_par' dir='ltr' id='par_1_5' title="bbox 371 1263 1350 1585">
     <span class='ocr_line' id='line_1_20' title="bbox 371 1263 1308 1327; baseline 0.02 -31"><span class='ocrx_word' id='word_1_116' title='bbox 371 1265 400 1305; x_wconf 49' lang='lat' dir='ltr'>{T</span> <span class='ocrx_word' id='word_1_117' title='bbox 447 1263 598 1300; x_wconf 87' lang='lat' dir='ltr'>Romani</span> <span class='ocrx_word' id='word_1_118' title='bbox 616 1269 773 1316; x_wconf 88' lang='lat' dir='ltr'>princeps</span> <span class='ocrx_word' id='word_1_119' title='bbox 796 1275 917 1319; x_wconf 90' lang='lat' dir='ltr'>populi</span> <span class='ocrx_word' id='word_1_120' title='bbox 933 1275 1037 1310; x_wconf 88' lang='lat' dir='ltr'>decus</span> <span class='ocrx_word' id='word_1_121' title='bbox 1056 1278 1183 1313; x_wconf 88' lang='lat' dir='ltr'>ordinis</span> <span class='ocrx_word' id='word_1_122' title='bbox 1204 1281 1308 1327; x_wconf 88' lang='lat' dir='ltr'>ampli</span> 
     </span>
     <span class='ocr_line' id='line_1_21' title="bbox 444 1317 1104 1374; baseline 0.021 -24"><span class='ocrx_word' id='word_1_123' title='bbox 444 1317 628 1354; x_wconf 86' lang='lat' dir='ltr'>Maximus</span> <span class='ocrx_word' id='word_1_124' title='bbox 645 1332 758 1356; x_wconf 88' lang='lat' dir='ltr'>orator</span> <span class='ocrx_word' id='word_1_125' title='bbox 776 1324 860 1358; x_wconf 89' lang='lat' dir='ltr'>civis</span> <span class='ocrx_word' id='word_1_126' title='bbox 878 1336 912 1361; x_wconf 90' lang='lat' dir='ltr'>et</span> <span class='ocrx_word' id='word_1_127' title='bbox 930 1329 1104 1374; x_wconf 84' lang='lat' dir='ltr'>egregius.</span> 
     </span>
     <span class='ocr_line' id='line_1_22' title="bbox 443 1370 1233 1427; baseline 0.022 -24"><span class='ocrx_word' id='word_1_128' title='bbox 443 1370 712 1408; x_wconf 87' lang='lat' dir='ltr'>Coniuratorum</span> <span class='ocrx_word' id='word_1_129' title='bbox 730 1375 856 1411; x_wconf 91' lang='lat' dir='ltr'>vindex</span> <span class='ocrx_word' id='word_1_130' title='bbox 874 1379 1043 1427; x_wconf 71' lang='lat' dir='ltr'>hostisque</span> <span class='ocrx_word' id='word_1_131' title='bbox 1063 1383 1233 1420; x_wconf 87' lang='lat' dir='ltr'>malorum</span> 
     </span>
     <span class='ocr_line' id='line_1_23' title="bbox 441 1422 1220 1474; baseline 0.023 -18"><span class='ocrx_word' id='word_1_132' title='bbox 441 1422 655 1471; x_wconf 86' lang='lat' dir='ltr'>Proscriptus</span> <span class='ocrx_word' id='word_1_133' title='bbox 673 1428 774 1474; x_wconf 87' lang='lat' dir='ltr'>periit</span> <span class='ocrx_word' id='word_1_134' title='bbox 794 1441 813 1464; x_wconf 89' lang='lat' dir='ltr'>a</span> <span class='ocrx_word' id='word_1_135' title='bbox 833 1432 942 1468; x_wconf 88' lang='lat' dir='ltr'>tribus</span> <span class='ocrx_word' id='word_1_136' title='bbox 961 1434 1017 1469; x_wconf 89' lang='lat' dir='ltr'>ille</span> <span class='ocrx_word' id='word_1_137' title='bbox 1037 1436 1116 1470; x_wconf 85' lang='lat' dir='ltr'>viris</span> <span class='ocrx_word' id='word_1_138' title='bbox 1217 1471 1220 1474; x_wconf 94' lang='lat'>.</span> 
     </span>
     <span class='ocr_line' id='line_1_24' title="bbox 441 1477 1255 1530; baseline 0.016 -20"><span class='ocrx_word' id='word_1_139' title='bbox 441 1477 516 1523; x_wconf 74' lang='lat' dir='ltr'>Qui</span> <span class='ocrx_word' id='word_1_140' title='bbox 534 1477 626 1512; x_wconf 89' lang='lat' dir='ltr'>cesus</span> <span class='ocrx_word' id='word_1_141' title='bbox 644 1482 796 1526; x_wconf 85' lang='lat' dir='ltr'>graviter</span> <span class='ocrx_word' id='word_1_142' title='bbox 813 1485 873 1530; x_wconf 90' lang='lat' dir='ltr'>qui</span> <span class='ocrx_word' id='word_1_143' title='bbox 891 1486 1114 1521; x_wconf 88' lang='lat' dir='ltr'>detruncatus</span> <span class='ocrx_word' id='word_1_144' title='bbox 1132 1489 1255 1524; x_wconf 83' lang='lat' dir='ltr'>acerbe</span> 
     </span>
     <span class='ocr_line' id='line_1_25' title="bbox 441 1530 1350 1585; baseline 0.019 -22"><span class='ocrx_word' id='word_1_145' title='bbox 441 1530 524 1565; x_wconf 89' lang='lat' dir='ltr'>Hoc</span> <span class='ocrx_word' id='word_1_146' title='bbox 543 1531 645 1567; x_wconf 89' lang='lat' dir='ltr'>lamie</span> <span class='ocrx_word' id='word_1_147' title='bbox 663 1534 769 1569; x_wconf 80' lang='lat' dir='ltr'>debet</span> <span class='ocrx_word' id='word_1_148' title='bbox 786 1537 846 1582; x_wconf 90' lang='lat' dir='ltr'>qui</span> <span class='ocrx_word' id='word_1_149' title='bbox 866 1538 906 1582; x_wconf 87' lang='lat' dir='ltr'>(f.</span> <span class='ocrx_word' id='word_1_150' title='bbox 923 1540 1036 1585; x_wconf 90' lang='lat' dir='ltr'>quod)</span> <span class='ocrx_word' id='word_1_151' title='bbox 1055 1540 1142 1576; x_wconf 84' lang='lat' dir='ltr'>iacet</span> <span class='ocrx_word' id='word_1_152' title='bbox 1160 1542 1193 1576; x_wconf 91' lang='lat' dir='ltr'>in</span> <span class='ocrx_word' id='word_1_153' title='bbox 1214 1545 1350 1581; x_wconf 87' lang='lat' dir='ltr'>tumulo</span> 
     </span>
    </p>

    <p class='ocr_par' dir='ltr' id='par_1_6' title="bbox 367 1584 1307 1901">
     <span class='ocr_line' id='line_1_26' title="bbox 367 1584 1217 1632; baseline 0.019 -16"><span class='ocrx_word' id='word_1_154' title='bbox 367 1584 395 1626; x_wconf 62' lang='lat' dir='ltr'>{J</span> <span class='ocrx_word' id='word_1_155' title='bbox 440 1584 608 1620; x_wconf 69' lang='lat' dir='ltr'>Doetrine</span> <span class='ocrx_word' id='word_1_156' title='bbox 626 1587 761 1622; x_wconf 83' lang='lat' dir='ltr'>antistes</span> <span class='ocrx_word' id='word_1_157' title='bbox 780 1601 896 1626; x_wconf 89' lang='lat' dir='ltr'>rerum</span> <span class='ocrx_word' id='word_1_158' title='bbox 915 1594 1079 1629; x_wconf 86' lang='lat' dir='ltr'>mirabilis</span> <span class='ocrx_word' id='word_1_159' title='bbox 1098 1597 1217 1632; x_wconf 67' lang='lat' dir='ltr'>auetor</span> 
     </span>
     <span class='ocr_line' id='line_1_27' title="bbox 441 1639 1102 1685; baseline 0.018 -13"><span class='ocrx_word' id='word_1_160' title='bbox 441 1639 581 1675; x_wconf 88' lang='lat' dir='ltr'>Tullius</span> <span class='ocrx_word' id='word_1_161' title='bbox 600 1642 746 1677; x_wconf 80' lang='lat' dir='ltr'>existens</span> <span class='ocrx_word' id='word_1_162' title='bbox 765 1645 890 1680; x_wconf 88' lang='lat' dir='ltr'>nobilis</span> <span class='ocrx_word' id='word_1_163' title='bbox 908 1659 950 1682; x_wconf 82' lang='lat' dir='ltr'>ex</span> <span class='ocrx_word' id='word_1_164' title='bbox 969 1648 1102 1685; x_wconf 85' lang='lat' dir='ltr'>humili.</span> 
     </span>
     <span class='ocr_line' id='line_1_28' title="bbox 439 1692 1192 1738; baseline 0.017 -13"><span class='ocrx_word' id='word_1_165' title='bbox 439 1692 506 1726; x_wconf 90' lang='lat' dir='ltr'>Cui</span> <span class='ocrx_word' id='word_1_166' title='bbox 524 1693 620 1727; x_wconf 89' lang='lat' dir='ltr'>dedit</span> <span class='ocrx_word' id='word_1_167' title='bbox 642 1696 813 1732; x_wconf 84' lang='lat' dir='ltr'>excellens</span> <span class='ocrx_word' id='word_1_168' title='bbox 832 1710 883 1733; x_wconf 89' lang='lat' dir='ltr'>ars</span> <span class='ocrx_word' id='word_1_169' title='bbox 901 1701 1047 1736; x_wconf 88' lang='lat' dir='ltr'>oratoria</span> <span class='ocrx_word' id='word_1_170' title='bbox 1066 1714 1192 1738; x_wconf 88' lang='lat' dir='ltr'>nomen</span> 
     </span>
     <span class='ocr_line' id='line_1_29' title="bbox 438 1743 1062 1792; baseline 0.018 -15"><span class='ocrx_word' id='word_1_171' title='bbox 438 1743 575 1780; x_wconf 90' lang='lat' dir='ltr'>Virtute</span> <span class='ocrx_word' id='word_1_172' title='bbox 599 1747 727 1792; x_wconf 88' lang='lat' dir='ltr'>ingenii</span> <span class='ocrx_word' id='word_1_173' title='bbox 749 1751 843 1785; x_wconf 89' lang='lat' dir='ltr'>venit</span> <span class='ocrx_word' id='word_1_174' title='bbox 861 1750 895 1785; x_wconf 93' lang='lat' dir='ltr'>in</span> <span class='ocrx_word' id='word_1_175' title='bbox 914 1753 997 1787; x_wconf 89' lang='lat' dir='ltr'>astra</span> <span class='ocrx_word' id='word_1_176' title='bbox 1014 1753 1062 1788; x_wconf 89' lang='lat' dir='ltr'>sui</span> 
     </span>
     <span class='ocr_line' id='line_1_30' title="bbox 437 1801 1307 1860; baseline 0.016 -25"><span class='ocrx_word' id='word_1_177' title='bbox 437 1801 504 1836; x_wconf 91' lang='lat' dir='ltr'>Sed</span> <span class='ocrx_word' id='word_1_178' title='bbox 523 1801 660 1838; x_wconf 86' lang='lat' dir='ltr'>fortuna</span> <span class='ocrx_word' id='word_1_179' title='bbox 680 1816 806 1841; x_wconf 90' lang='lat' dir='ltr'>nocens</span> <span class='ocrx_word' id='word_1_180' title='bbox 825 1807 1013 1845; x_wconf 89' lang='lat' dir='ltr'>miserando</span> <span class='ocrx_word' id='word_1_181' title='bbox 1030 1810 1151 1847; x_wconf 89' lang='lat' dir='ltr'>funere</span> <span class='ocrx_word' id='word_1_182' title='bbox 1170 1823 1307 1860; x_wconf 86' lang='lat' dir='ltr'>raptum</span> 
     </span>
     <span class='ocr_line' id='line_1_31' title="bbox 435 1855 1213 1901; baseline 0.018 -13"><span class='ocrx_word' id='word_1_183' title='bbox 435 1855 567 1901; x_wconf 76' lang='lat' dir='ltr'>Carpsit</span> <span class='ocrx_word' id='word_1_184' title='bbox 584 1866 619 1890; x_wconf 86' lang='lat' dir='ltr'>et</span> <span class='ocrx_word' id='word_1_185' title='bbox 637 1857 701 1892; x_wconf 88' lang='lat' dir='ltr'>hoc</span> <span class='ocrx_word' id='word_1_186' title='bbox 719 1860 829 1895; x_wconf 87' lang='lat' dir='ltr'>voluit</span> <span class='ocrx_word' id='word_1_187' title='bbox 847 1863 1002 1898; x_wconf 86' lang='lat' dir='ltr'>membra</span> <span class='ocrx_word' id='word_1_188' title='bbox 1020 1864 1126 1901; x_wconf 85' lang='lat' dir='ltr'>iacere</span> <span class='ocrx_word' id='word_1_189' title='bbox 1144 1865 1213 1901; x_wconf 88' lang='lat' dir='ltr'>solo</span> 
     </span>
    </p>

    <p class='ocr_par' dir='ltr' id='par_1_7' title="bbox 362 1909 1285 2238">
     <span class='ocr_line' id='line_1_32' title="bbox 362 1909 1262 1962; baseline 0.018 -21"><span class='ocrx_word' id='word_1_190' title='bbox 362 1909 391 1951; x_wconf 62' lang='lat' dir='ltr'>q]</span> <span class='ocrx_word' id='word_1_191' title='bbox 439 1909 579 1956; x_wconf 87' lang='lat' dir='ltr'>Eloquii</span> <span class='ocrx_word' id='word_1_192' title='bbox 599 1911 756 1959; x_wconf 88' lang='lat' dir='ltr'>princeps</span> <span class='ocrx_word' id='word_1_193' title='bbox 776 1916 910 1962; x_wconf 85' lang='lat' dir='ltr'>magnis</span> <span class='ocrx_word' id='word_1_194' title='bbox 930 1920 1161 1955; x_wconf 84' lang='lat' dir='ltr'>memorabilis</span> <span class='ocrx_word' id='word_1_195' title='bbox 1180 1922 1262 1956; x_wconf 62' lang='lat' dir='ltr'>aclis</span> 
     </span>
     <span class='ocr_line' id='line_1_33' title="bbox 436 1965 1149 2020; baseline 0.018 -23"><span class='ocrx_word' id='word_1_196' title='bbox 436 1965 734 2013; x_wconf 82' lang='lat' dir='ltr'>Tullius-indigne</span> <span class='ocrx_word' id='word_1_197' title='bbox 753 1971 837 2004; x_wconf 89' lang='lat' dir='ltr'>cede</span> <span class='ocrx_word' id='word_1_198' title='bbox 857 1983 1056 2020; x_wconf 86' lang='lat' dir='ltr'>peremptus</span> <span class='ocrx_word' id='word_1_199' title='bbox 1074 1976 1149 2010; x_wconf 90' lang='lat' dir='ltr'>obit</span> 
     </span>
     <span class='ocr_line' id='line_1_34' title="bbox 433 2021 1285 2075; baseline 0.015 -20"><span class='ocrx_word' id='word_1_200' title='bbox 433 2021 500 2056; x_wconf 91' lang='lat' dir='ltr'>Sed</span> <span class='ocrx_word' id='word_1_201' title='bbox 520 2031 607 2057; x_wconf 85' lang='lat' dir='ltr'>terre</span> <span class='ocrx_word' id='word_1_202' title='bbox 625 2026 845 2071; x_wconf 85' lang='lat' dir='ltr'>omnipotens</span> <span class='ocrx_word' id='word_1_203' title='bbox 864 2028 1018 2075; x_wconf 84' lang='lat' dir='ltr'>implevit</span> <span class='ocrx_word' id='word_1_204' title='bbox 1037 2033 1178 2067; x_wconf 87' lang='lat' dir='ltr'>nomine</span> <span class='ocrx_word' id='word_1_205' title='bbox 1195 2031 1285 2067; x_wconf 89' lang='lat' dir='ltr'>claro</span> 
     </span>
     <span class='ocr_line' id='line_1_35' title="bbox 433 2076 1112 2128; baseline 0.016 -19"><span class='ocrx_word' id='word_1_206' title='bbox 433 2076 620 2122; x_wconf 74' lang='lat' dir='ltr'>indignum</span> <span class='ocrx_word' id='word_1_207' title='bbox 640 2079 713 2113; x_wconf 89' lang='lat' dir='ltr'>ceso</span> <span class='ocrx_word' id='word_1_208' title='bbox 731 2093 872 2128; x_wconf 89' lang='lat' dir='ltr'>corpore</span> <span class='ocrx_word' id='word_1_209' title='bbox 890 2095 1000 2119; x_wconf 84' lang='lat' dir='ltr'>morte</span> <span class='ocrx_word' id='word_1_210' title='bbox 1019 2096 1112 2120; x_wconf 85' lang='lat' dir='ltr'>caret</span> 
     </span>
     <span class='ocr_line' id='line_1_36' title="bbox 433 2130 1284 2185; baseline 0.015 -23"><span class='ocrx_word' id='word_1_211' title='bbox 433 2130 530 2164; x_wconf 89' lang='lat' dir='ltr'>Vivit</span> <span class='ocrx_word' id='word_1_212' title='bbox 548 2141 581 2165; x_wconf 90' lang='lat' dir='ltr'>et</span> <span class='ocrx_word' id='word_1_213' title='bbox 596 2131 725 2178; x_wconf 84' lang='lat' dir='ltr'>ingenti</span> <span class='ocrx_word' id='word_1_214' title='bbox 744 2135 852 2181; x_wconf 90' lang='lat' dir='ltr'>pollet</span> <span class='ocrx_word' id='word_1_215' title='bbox 870 2147 952 2171; x_wconf 88' lang='lat' dir='ltr'>cum</span> <span class='ocrx_word' id='word_1_216' title='bbox 971 2138 1071 2173; x_wconf 85' lang='lat' dir='ltr'>laude</span> <span class='ocrx_word' id='word_1_217' title='bbox 1089 2150 1150 2185; x_wconf 83' lang='lat' dir='ltr'>per</span> <span class='ocrx_word' id='word_1_218' title='bbox 1167 2139 1284 2176; x_wconf 86' lang='lat' dir='ltr'>orbem</span> 
     </span>
     <span class='ocr_line' id='line_1_37' title="bbox 429 2183 1280 2238; baseline 0.015 -23"><span class='ocrx_word' id='word_1_219' title='bbox 429 2183 541 2217; x_wconf 89' lang='lat' dir='ltr'>Cuius</span> <span class='ocrx_word' id='word_1_220' title='bbox 561 2184 592 2218; x_wconf 89' lang='lat' dir='ltr'>in</span> <span class='ocrx_word' id='word_1_221' title='bbox 612 2184 674 2219; x_wconf 84' lang='lat' dir='ltr'>hoc</span> <span class='ocrx_word' id='word_1_222' title='bbox 691 2189 827 2223; x_wconf 88' lang='lat' dir='ltr'>tumulo</span> <span class='ocrx_word' id='word_1_223' title='bbox 846 2190 1003 2225; x_wconf 87' lang='lat' dir='ltr'>membra</span> <span class='ocrx_word' id='word_1_224' title='bbox 1021 2191 1150 2238; x_wconf 88' lang='lat' dir='ltr'>sepulta</span> <span class='ocrx_word' id='word_1_225' title='bbox 1169 2192 1280 2229; x_wconf 88' lang='lat' dir='ltr'>iacent</span> 
     </span>
    </p>

    <p class='ocr_par' dir='ltr' id='par_1_8' title="bbox 379 2236 1278 2557">
     <span class='ocr_line' id='line_1_38' title="bbox 379 2236 1278 2293; baseline 0.014 -24"><span class='ocrx_word' id='word_1_226' title='bbox 379 2241 409 2283; x_wconf 64' lang='lat' dir='ltr'>q]</span> <span class='ocrx_word' id='word_1_227' title='bbox 430 2236 572 2272; x_wconf 87' lang='lat' dir='ltr'>Inclitus</span> <span class='ocrx_word' id='word_1_228' title='bbox 593 2238 645 2272; x_wconf 86' lang='lat' dir='ltr'>hic</span> <span class='ocrx_word' id='word_1_229' title='bbox 664 2240 786 2276; x_wconf 85' lang='lat' dir='ltr'>Cicero</span> <span class='ocrx_word' id='word_1_230' title='bbox 803 2242 851 2277; x_wconf 85' lang='lat' dir='ltr'>est</span> <span class='ocrx_word' id='word_1_231' title='bbox 867 2243 968 2278; x_wconf 78' lang='lat' dir='ltr'>latnie</span> <span class='ocrx_word' id='word_1_232' title='bbox 987 2244 1113 2290; x_wconf 82' lang='lat' dir='ltr'>pietate</span> <span class='ocrx_word' id='word_1_233' title='bbox 1126 2245 1278 2293; x_wconf 86' lang='lat' dir='ltr'>sepultus</span> 
     </span>
     <span class='ocr_line' id='line_1_39' title="bbox 430 2290 1145 2336; baseline 0.014 -13"><span class='ocrx_word' id='word_1_234' title='bbox 430 2290 548 2336; x_wconf 82' lang='lat' dir='ltr'>Qem</span> <span class='ocrx_word' id='word_1_235' title='bbox 568 2290 706 2326; x_wconf 87' lang='lat' dir='ltr'>fortuna</span> <span class='ocrx_word' id='word_1_236' title='bbox 724 2295 797 2328; x_wconf 85' lang='lat' dir='ltr'>neci</span> <span class='ocrx_word' id='word_1_237' title='bbox 818 2296 955 2331; x_wconf 81' lang='lat' dir='ltr'>tradidit</span> <span class='ocrx_word' id='word_1_238' title='bbox 973 2297 1145 2333; x_wconf 88' lang='lat' dir='ltr'>immerite</span> 
     </span>
     <span class='ocr_line' id='line_1_40' title="bbox 427 2343 1247 2392; baseline 0.012 -16"><span class='ocrx_word' id='word_1_239' title='bbox 427 2343 607 2378; x_wconf 80' lang='lat' dir='ltr'>Maximus</span> <span class='ocrx_word' id='word_1_240' title='bbox 622 2346 761 2392; x_wconf 88' lang='lat' dir='ltr'>eloquio</span> <span class='ocrx_word' id='word_1_241' title='bbox 777 2347 861 2382; x_wconf 88' lang='lat' dir='ltr'>civis</span> <span class='ocrx_word' id='word_1_242' title='bbox 877 2349 988 2384; x_wconf 90' lang='lat' dir='ltr'>bonus</span> <span class='ocrx_word' id='word_1_243' title='bbox 1002 2351 1096 2386; x_wconf 85' lang='lat' dir='ltr'>urbis</span> <span class='ocrx_word' id='word_1_244' title='bbox 1114 2361 1247 2388; x_wconf 87' lang='lat' dir='ltr'>amator</span> 
     </span>
     <span class='ocr_line' id='line_1_41' title="bbox 425 2396 1189 2450; baseline 0.014 -20"><span class='ocrx_word' id='word_1_245' title='bbox 425 2396 664 2445; x_wconf 83' lang='lat' dir='ltr'>Perniciesque</span> <span class='ocrx_word' id='word_1_246' title='bbox 684 2401 779 2435; x_wconf 85' lang='lat' dir='ltr'>malis</span> <span class='ocrx_word' id='word_1_247' title='bbox 798 2402 1070 2450; x_wconf 86' lang='lat' dir='ltr'>profugiumque</span> <span class='ocrx_word' id='word_1_248' title='bbox 1091 2405 1189 2441; x_wconf 89' lang='lat' dir='ltr'>bonis</span> 
     </span>
     <span class='ocr_line' id='line_1_42' title="bbox 424 2451 1172 2501; baseline 0.016 -18"><span class='ocrx_word' id='word_1_249' title='bbox 424 2452 498 2496; x_wconf 83' lang='lat' dir='ltr'>Qli</span> <span class='ocrx_word' id='word_1_250' title='bbox 515 2451 687 2499; x_wconf 83' lang='lat' dir='ltr'>sexaginta</span> <span class='ocrx_word' id='word_1_251' title='bbox 701 2456 883 2501; x_wconf 88' lang='lat' dir='ltr'>completis</span> <span class='ocrx_word' id='word_1_252' title='bbox 897 2468 935 2491; x_wconf 88' lang='lat' dir='ltr'>ac</span> <span class='ocrx_word' id='word_1_253' title='bbox 951 2457 1060 2492; x_wconf 82' lang='lat' dir='ltr'>tribus</span> <span class='ocrx_word' id='word_1_254' title='bbox 1075 2460 1172 2495; x_wconf 88' lang='lat' dir='ltr'>annis</span> 
     </span>
     <span class='ocr_line' id='line_1_43' title="bbox 427 2505 1075 2557; baseline 0.012 -18"><span class='ocrx_word' id='word_1_255' title='bbox 427 2505 725 2551; x_wconf 81' lang='lat' dir='ltr'>Servitiopreffam</span> <span class='ocrx_word' id='word_1_256' title='bbox 745 2508 898 2544; x_wconf 88' lang='lat' dir='ltr'>destituit</span> <span class='ocrx_word' id='word_1_257' title='bbox 914 2512 1075 2557; x_wconf 84' lang='lat' dir='ltr'>patriam.</span> 
     </span>
    </p>
   </div>
   <div class='ocr_carea' id='block_1_3' title="bbox 497 2563 1081 2615">
    <p class='ocr_par' dir='ltr' id='par_1_9' title="bbox 497 2563 1081 2615">
     <span class='ocr_line' id='line_1_44' title="bbox 497 2563 1081 2615; baseline 0.015 -19"><span class='ocrx_word' id='word_1_258' title='bbox 497 2565 524 2606; x_wconf 64' lang='lat' dir='ltr'>q]</span> <span class='ocrx_word' id='word_1_259' title='bbox 542 2563 635 2598; x_wconf 90' lang='lat' dir='ltr'>Finis</span> <span class='ocrx_word' id='word_1_260' title='bbox 654 2564 780 2600; x_wconf 75' lang='lat' dir='ltr'>*Finis</span> <span class='ocrx_word' id='word_1_261' title='bbox 803 2567 881 2602; x_wconf 86' lang='lat' dir='ltr'>Deo</span> <span class='ocrx_word' id='word_1_262' title='bbox 905 2568 1042 2615; x_wconf 73' lang='lat' dir='ltr'>gratias,</span> <span class='ocrx_word' id='word_1_263' title='bbox 1057 2569 1081 2592; x_wconf 82' lang='lat'><em>*</em></span> 
     </span>
    </p>
   </div>
   <div class='ocr_carea' id='block_1_4' title="bbox 511 2644 918 2681">
    <p class='ocr_par' dir='ltr' id='par_1_10' title="bbox 511 2644 918 2681">
     <span class='ocr_line' id='line_1_45' title="bbox 511 2644 918 2681; baseline 0.012 -8"><span class='ocrx_word' id='word_1_264' title='bbox 511 2644 530 2680; x_wconf 64' lang='grc' dir='ltr'>ξ</span> <span class='ocrx_word' id='word_1_265' title='bbox 552 2644 648 2674; x_wconf 64' lang='lat' dir='ltr'>viridi</span> <span class='ocrx_word' id='word_1_266' title='bbox 664 2644 773 2681; x_wconf 82' lang='lat' dir='ltr'>colore,</span> <span class='ocrx_word' id='word_1_267' title='bbox 794 2652 826 2677; x_wconf 81' lang='lat' dir='ltr'>ut</span> <span class='ocrx_word' id='word_1_268' title='bbox 840 2654 867 2677; x_wconf 74' lang='lat' dir='ltr'>et</span> <span class='ocrx_word' id='word_1_269' title='bbox 883 2647 918 2678; x_wconf 62' lang='lat' dir='ltr'>(T.</span> 
     </span>
    </p>
   </div>
  </div>
 </body>
</html>
