2176 2912
497 181 817 224 LIBER
893 181 1471 224 SECUNDUS.
1631 200 1684 240 79

281 278 416 317 itinere
434 275 637 314 hominem
669 274 976 328 comprehendit,
1006 275 1182 326 gladium
1213 275 1292 326 ejus
1324 289 1344 312 e
1373 277 1508 328 vagina
1538 277 1682 323 educit,

282 343 420 396 reperit
437 351 665 380 cruentum:
698 340 819 379 homo
840 341 879 378 in
900 341 1036 378 urbem
1057 341 1102 378 ab
1124 340 1201 378 illis
1222 341 1437 386 deducitur,
1460 356 1502 380 ac
1519 356 1602 381 reus
1625 344 1681 382 fit.

282 411 328 448 In
347 407 418 446 hac
438 408 603 446 intentio
633 407 686 445 est
715 407 905 451 criminis,
930 406 1132 446 Occidisti.
1183 407 1382 459 Depulsio‚
1414 408 1508 446 Non
1529 410 1681 448 occidi:

281 488 328 513 ex
348 474 489 526 quibus
521 473 745 512 constitutio
765 473 829 511 est.
882 473 1052 525 Qaestio
1081 472 1216 511 eadem
1242 473 1282 510 in
1308 474 1568 525 conjecturali,
1600 490 1685 528 quae

276 540 482 593 judicatio,
512 539 786 577 Occideritne?

338 606 388 644 V.
421 606 541 644 Nunc
572 619 808 658 exponemus
839 605 960 651 locos,
992 620 1160 658 quorum
1191 619 1274 658 pars
1305 606 1433 658 aliqua
1461 606 1501 645 in
1527 621 1688 646 omnem

283 673 579 724 conjecturalem
606 672 743 710 incidit
773 673 1079 712 controverfiam.
1130 673 1222 711 Hoc
1253 684 1382 711 autem
1414 683 1451 711 et
1480 675 1520 711 in
1545 673 1689 712 horum

284 738 458 777 locorum
478 738 727 791 expositione,
758 739 856 776 etin
883 748 1120 783 caeterorum,
1152 739 1345 792 oportebit
1374 740 1578 784 attendere,
1612 754 1689 778 non

283 818 418 842 omnes
447 805 487 842 in
507 817 665 842 omnem
694 804 844 841 causam
876 806 1089 842 convenire.
1142 806 1198 842 Ut
1218 806 1323 842 enim
1344 819 1459 843 omne
1479 820 1621 844 nomen
1642 820 1689 845 ex

283 871 492 922 aliquibus,
514 883 590 907 non
603 883 650 907 ex
665 869 848 907 omnibus
864 869 997 914 literis,
1020 870 1196 908 scribitur
1203 889 1215 915 3
1239 871 1287 908 fic
1303 885 1459 909 omnem
1478 872 1518 908 in
1539 872 1689 910 causam

270 939 363 974 'non
383 937 511 974 omnis
532 944 848 987 argumentorum
869 936 993 988 copia,
1015 937 1075 974 sed
1088 950 1221 974 eorum
1235 937 1432 974 neceffaria
1447 952 1530 990 pars
1547 938 1686 990 aliqua,

283 1002 498 1040 conveniet.
550 1002 694 1040 Omnis
726 1002 857 1054 igitur,
889 1015 935 1040 ex
965 1002 1085 1047 causa,
1116 1016 1163 1041 ex
1192 1002 1362 1056 persona,
1394 1017 1440 1041 ex
1466 1002 1567 1042 facto
1594 1004 1687 1057 ipso,

283 1068 500 1119 conjectura
519 1067 698 1120 capienda
717 1067 783 1106 est.

343 1133 463 1171 Causa
482 1133 721 1172 distribuitur
741 1135 780 1171 in
802 1134 1089 1186 impulfionem,
1111 1146 1148 1174 et
1168 1135 1208 1173 in
1225 1136 1571 1174 ratiocinationem.
1603 1136 1688 1174 Im-

287 1199 409 1252 pulfio
429 1199 495 1243 est,
526 1213 610 1251 quae
631 1199 706 1237 fine
726 1201 956 1252 cogitatione
982 1215 1047 1253 per
1078 1202 1269 1253 quandam
1297 1202 1538 1240 affectionem
1569 1202 1690 1240 animi

286 1264 408 1302 facere
427 1264 572 1316 aliquid
592 1263 776 1309 hortatur,
808 1274 851 1302 ut
867 1279 987 1310 amor,
1009 1267 1215 1311 iracundia,
1244 1268 1443 1319 aegritudo,
1465 1267 1689 1311 vinolentia,

287 1339 325 1368 et
356 1330 519 1368 omnino
549 1331 681 1368 omnia
709 1331 749 1368 in
781 1331 921 1383 quibus
953 1332 1103 1368 animus
1136 1334 1188 1369 ita
1212 1333 1363 1370 videtur
1389 1332 1543 1370 affectus
1564 1332 1687 1377 fuisse,

288 1405 331 1434 ut
352 1410 432 1434 rem
453 1396 660 1449 perspicere
680 1410 772 1434 cum
793 1397 950 1434 confilio
969 1407 1007 1435 et
1027 1410 1116 1435 cura
1136 1411 1211 1436 non
1232 1399 1422 1450 potuerit:
1455 1407 1492 1435 et
1512 1398 1564 1442 id,
1586 1398 1690 1450 quod

287 1461 394 1506 fecit,
426 1462 576 1513 impetu
597 1461 765 1513 quodam
792 1462 912 1498 animi
942 1463 1084 1513 potius,
1117 1477 1234 1514 quam
1265 1464 1510 1514 cogitatione,
1541 1462 1687 1501 fecerit.

289 1528 551 1567 Ratiocinatio
578 1537 706 1566 autem
738 1527 789 1564 est
820 1527 982 1580 diligens
1014 1537 1051 1565 et
1077 1528 1306 1566 considerata
1332 1527 1497 1566 faciendi
1528 1529 1688 1581 aliquid,

288 1604 352 1632 aut
373 1608 449 1632 non
470 1593 649 1638 faciendi,
680 1595 923 1646 excogitatio.
977 1595 1034 1631 Ea
1064 1594 1206 1632 dicitur
1233 1605 1318 1632 tum
1345 1594 1565 1639 interfuisse,
1597 1609 1690 1633 cum

289 1661 434 1712 aliquid
467 1659 701 1705 faciendum,
744 1669 809 1697 aut
840 1674 916 1697 non
950 1659 1170 1698 faciendum
1198 1670 1298 1698 certa
1331 1661 1377 1697 de
1408 1661 1515 1698 causa
1546 1661 1687 1705 vitasse,
1716 1696 1719 1702 ,

289 1735 352 1763 aut
372 1726 520 1763 secutus
541 1726 610 1764 effe
630 1726 780 1763 animus
795 1726 943 1763 videtur
956 1745 966 1769 ;
991 1735 1047 1770 ut,
1070 1726 1096 1763 si
1114 1726 1294 1764 amicitiae
1310 1725 1405 1777 quid
1421 1725 1527 1763 causa
1543 1725 1690 1764 factum

291 1791 452 1834 dicetur,
483 1791 510 1828 fi
546 1791 697 1829 inimici
728 1790 948 1834 ulciscendi,
980 1791 1006 1828 si
1038 1800 1179 1836 metus,
1211 1791 1237 1828 fi
1269 1792 1413 1844 gloriae,
1444 1790 1470 1828 fi
1504 1791 1689 1843 pecuniae,

291 1856 316 1894 fi
333 1856 510 1906 denique,
542 1864 584 1893 ut
604 1856 735 1893 omnia
754 1856 963 1907 generatim
983 1857 1273 1908 amplectamur,
1304 1857 1465 1909 alicujus
1486 1857 1688 1901 retinendi,

291 1921 465 1973 augendi,
497 1920 774 1973 adipiscendive
803 1922 999 1958 commodi
1015 1940 1025 1965 3
1066 1931 1131 1958 aut
1161 1931 1304 1965 contra,
1336 1922 1543 1973 rejiciendi,
1572 1922 1690 1960 dimi-

291 1986 446 2029 nuendi,
478 1985 716 2023 devitandive
746 1985 987 2023 incommodi
1019 1985 1141 2023 causa.
1193 1986 1299 2023 Nam
1330 1985 1472 2023 horum
1503 1987 1542 2024 in
1571 2000 1691 2038 genus

291 2052 517 2090 alterutrum
548 2052 614 2089 illa
644 2064 797 2103 quoque
827 2052 1011 2096 incident,
1051 2053 1091 2089 in
1126 2052 1267 2104 quibus
1299 2062 1363 2089 aut
1393 2052 1690 2091 incommodum

290 2117 445 2170 aliquod
466 2119 617 2169 majoris
639 2118 781 2156 vitandi
802 2118 1042 2156 incommodi
1059 2118 1181 2162 causti,
1204 2128 1267 2156 aut
1285 2119 1439 2170 majoris
1460 2119 1691 2171 adipiscendi

291 2184 504 2228 commodi,
527 2183 748 2236 suscipitur:
779 2194 842 2222 aut
859 2185 1112 2223 commodum
1126 2185 1282 2236 aliquod
1296 2185 1448 2236 majoris
1461 2184 1693 2238 adipiscendi

293 2250 503 2294 commodi,
536 2259 599 2287 aut
619 2251 772 2302 majoris
794 2251 936 2287 vitandi
965 2251 1217 2295 incommodi,
1250 2251 1472 2303 praeteritur.

351 2316 430 2353 Hic
451 2316 557 2354 locus
574 2316 667 2353 ficut
686 2316 843 2367 aliquod
864 2315 1161 2354 fundamentum
1182 2316 1233 2354 est
1252 2315 1367 2368 hujus
1383 2317 1663 2354 constitutionis
1679 2330 1687 2353 :

295 2395 383 2418 nam
418 2381 515 2419 nihil
549 2381 694 2419 faetum
729 2381 799 2419 effe
835 2382 1018 2432 cuiquam
1048 2383 1242 2434 probatur,
1283 2383 1349 2420 nifi
1381 2383 1538 2434 aliquid,
1579 2394 1691 2432 quare

295 2445 439 2485 factum
467 2448 522 2492 fit,
554 2448 775 2486 ostenditur.
827 2448 932 2500 Ergo
951 2448 1155 2494 accusator,
1187 2461 1279 2486 cum
1300 2449 1445 2500 aliquid
1466 2448 1691 2500 impuliione
