2176 2912
563 282 964 404 To'P

1074 324 1101 380 I
1220 325 1268 380 C
1333 315 1464 382 4Ἀ.

485 479 615 524 AD
705 477 765 525 C.
849 475 1535 525 TREBATIUM.

412 613 517 653 Edit.
552 613 687 650 Olivet.

276 728 333 796 {83
380 767 393 794 3
417 756 549 795 ingressos
566 755 595 783 U
611 754 734 793 aggreffis

377 807 396 833 4
418 796 480 825 satis
498 797 516 824 B
534 795 560 829 ψ
574 797 600 823 d.

356 850 397 859 —-
418 837 521 865 multos
537 836 562 869 ψ
577 834 653 863 mullo

379 887 393 915 ς
418 876 561 913 diginores
576 875 681 908 &fiatis
691 875 811 912 longicres

378 919 394 943 8
418 927 480 954 quae
497 916 559 943 sunt
573 916 599 950 ψ
612 916 640 943 d.

361 956 395 984 16
419 955 499 983 causa
515 956 535 983 B
551 967 603 993 qua
616 955 693 990 caufiz

356 1011 398 1018 -—·
418 996 495 1034 quod
511 996 541 1023 id
558 1004 605 1024 tua
626 993 752 1023 interesse
780 992 810 1020 U
832 992 897 1031 quid
913 998 990 1020 mente

459 1046 507 1064 tua

358 1092 400 1098 -—-
421 1077 497 1113 quod
516 1077 534 1103 B
549 1078 576 1105 d.

362 1127 396 1154 23
421 1117 566 1153 ignoretur
581 1116 602 1143 B
616 1118 779 1153 ignoraretur

363 1165 400 1192 ²4
421 1165 449 1184 et
464 1156 483 1183 Β
506 1158 532 1183 d.

360 1210 401 1217 --·
421 1196 581 1223 debuerunt
596 1194 617 1222 B
631 1195 762 1222 debuerint

281 1239 342 1275 484
387 1246 396 1264 ι
424 1236 546 1273 quadam
567 1236 700 1272 Bquodam

383 1285 402 1313 4
424 1276 530 1303 diutius
548 1276 567 1302 B
584 1278 681 1302 dmtius
697 1276 822 1310 denegare

385 1325 400 1354 5
424 1316 494 1352 saepe
522 1315 666 1352 scrspstaes
695 1314 723 1342 U
752 1314 860 1350 cavff’s
882 1313 908 1346 ψ
924 1313 998 1349 saepe

467 1366 530 1383 sav!
552 1366 575 1382 ΕΙ

384 1406 401 1433 7
425 1405 510 1434 quam
525 1357 628 1422 'i‘ſjuerim
649 1401 805 1431 occupatus
829 1392 859 1422 U
880 1392 925 1431 qui
939 1399 999 1419 nam

454 1439 556 1473 fiterim
572 1442 733 1472 recuperatus

368 1485 405 1505 10
428 1476 530 1513 polsem
554 1475 647 1512 Bpoffl

365 1530 407 1538 —
429 1526 462 1543 ne
484 1515 503 1542 fi
520 1515 540 1542 B
555 1515 605 1551 nist

366 1569 407 1578 -—·
427 1555 491 1583 veni
507 1554 620 1582 Veliam
634 1559 653 1588 β
666 1555 808 1592 venitjam

371 1605 381 1624 1
392 1606 404 1630 ς
428 1605 486 1623 non
503 1595 524 1621 B
539 1595 564 1621 d.

372 1635 408 1664 16
430 1635 475 1662 sed
489 1634 548 1670 jam
567 1647 646 1654 -—-
657 1633 790 1660 accedere
804 1631 825 1659 B
840 1632 868 1659 d.

371 1676 407 1704 18
430 1674 554 1711 diligens
584 1673 614 1701 U
638 1672 663 1701 d.
681 1685 694 1711 ς
717 1671 825 1710 diligens
855 1670 917 1707 (ſsd
940 1672 1006 1698 inter

471 1714 541 1747 lin.)

370 1763 410 1784 20
431 1753 650 1782 elaboraverunt
674 1752 704 1781 U
718 1751 885 1781 elaborarunt
907 1764 920 1790 g
935 1751 1006 1778 labo-

509 1799 641 1821 rattruut

373 1843 405 1863 21
431 1831 465 1862 ea
492 1832 628 1865 scientia,
658 1841 742 1870 quam
774 1831 949 1859 Dialecticen
977 1829 1008 1858 U

472 1884 525 1902 eam
540 1874 678 1900 Sciemiam
694 1881 770 1910 quam
794 1873 956 1900 Aialae‘xicam
985 1882 1008 1908 g,

471 1914 496 1946 ψ
510 1923 566 1945 eam
576 1914 729 1949 scientiam,
745 1923 821 1950 quam
836 1910 996 1941 Dialeaicen

374 1963 412 1983 22
433 1962 501 1981 vero
519 1954 552 1986 B,
565 1966 578 1992 ς
592 1954 619 1981 d.

374 2004 414 2032 23
439 1994 473 2021 ad
491 1993 511 2021 B
537 2001 559 2021 et
575 1994 615 2021 ad

377 2044 416 2071 24
437 2041 527 2062 totum
544 2047 558 2072 ς
571 2041 650 2061 rotam

376 2084 411 2112 25
436 2073 564 2111 persequi
579 2074 600 2101 Β
613 2074 731 2110 proſsqut‘

377 2124 414 2152 29
437 2113 553 2151 aliquod
571 2113 592 2140 B
608 2113 710 2150 aliquid

295 2155 352 2193 485
397 2153 415 2182 6
437 2163 500 2191 quae
513 2166 536 2191 ς,
551 2153 576 2186 ψ
591 2154 617 2180 d.

375 2209 416 2216 —
437 2193 544 2221 evolvit
556 2192 585 2220 id
601 2206 613 2230 g
626 2191 765 2220 evolvitur
778 2191 806 2220 id
818 2191 843 2226 ψ
857 2190 989 2222 evolvitur

381 2243 416 2262 12
440 2242 496 2261 non
513 2232 550 2260 est
566 2233 586 2259 B
603 2242 650 2259 non

376 2289 418 2297 —
438 2271 556 2310 aliquod
571 2271 684 2299 elicitur
699 2269 726 2305 ψ
738 2271 834 2299 dicitur

381 2323 417 2351 14
437 2313 481 2340 lex
495 2327 519 2352 g,
532 2313 557 2346 ψ
570 2311 615 2340 lex
630 2310 712 2339 AELa
726 2312 813 2340 Seneia

378 2368 419 2376 --
440 2353 581 2380 vindicem
603 2351 629 2385 ψ
641 2352 755 2388 judicem

378 2406 420 2417 —-
435 2392 537 2430 jubeat
558 2392 587 2421 U
592 2390 669 2430 jubet

1291 610 1404 648 MSS.
1434 605 1629 663 EUM&

1043 722 1100 791 {¹83
1129 713 1161 791 11}
1186 754 1324 792 Locuples
1341 754 1418 783 enim
1433 755 1457 788 ψ
1472 754 1497 782 Is

1125 809 1165 814 —
1185 794 1261 821 enirn
1277 795 1298 821 B
1313 798 1334 821 ι’,-

1129 833 1164 860 16
1185 844 1238 861 aere
1253 835 1277 868 ψ
1292 835 1341 871 qffe

1128 882 1166 901 20
1187 883 1220 900 ex
1236 873 1396 902 differentia
1411 874 1431 901 Β
1446 875 1590 911 dfflrentz'a

1129 923 1160 941 21
1187 914 1323 950 adjnnffis
1341 915 1371 946 B,
1388 928 1410 952 g,
1421 915 1446 947 ψ
1461 915 1597 952 τοιψιηᾶὶς

1130 955 1166 981 28
1188 954 1302 989 συζυγίαι
1324 954 1345 982 Β
1366 953 1489 990 magist-lla

1128 1003 1141 1030 3
1150 1003 1159 1021 1
1185 1004 1218 1021 ea
1232 1007 1244 1021 a
1257 998 1281 1022 ei

1047 1033 1105 1070 486
1149 1043 1164 1061 2
1188 1023 1282 1061 Fassiae
1297 1035 1327 1062 U
1343 1033 1438 1061 Fabiae
1454 1043 1547 1072 quoque

1149 1084 1163 1111 3
1187 1073 1213 1101 ei
1230 1074 1290 1101 viro
1306 1074 1334 1102 U
1347 1076 1372 1101 ci
1383 1084 1447 1101 uxor

1126 1127 1167 1135 --
1189 1113 1245 1141 viri
1259 1127 1269 1150 ρ
1283 1115 1310 1141 d.

1149 1164 1168 1191 4
1189 1154 1248 1190 ejus
1260 1168 1272 1193 g
1283 1155 1394 1192 tjusfin!

1153 1203 1168 1232 ς
1192 1202 1312 1221 matrum
1330 1193 1464 1226 familias,
1481 1202 1576 1221 earum
1592 1192 1621 1221 U
1636 1190 1763 1220 matribus

1218 1234 1345 1271 familias
1361 1235 1416 1261 hcet
1424 1234 1487 1267 sum
1508 1246 1530 1271 ς,
1546 1231 1572 1268 ψ
1588 1240 1697 1260 matrum
1708 1231 1763 1267 fa-

1232 1274 1331 1306 nnlias,
1352 1274 1463 1309 haefimt
1478 1285 1537 1311 quae

1157 1315 1173 1342 8
1196 1322 1361 1342 corruerunt
1377 1314 1397 1341 B
1414 1316 1555 1341 corruerint

1157 1364 1175 1392 9
1198 1354 1326 1382 fecerunt
1346 1354 1366 1381 Β
1382 1356 1510 1392 esuriunt

1140 1403 1174 1423 xo
1189 1403 1243 1421 non
1258 1408 1270 1433 ξ
1286 1395 1312 1421 d.

1135 1449 1176 1456 —-
1196 1444 1281 1471 quam
1297 1448 1310 1473 g
1324 1443 1399 1472 quam
1413 1433 1495 1462 alium

1141 1484 1171 1503 11
1198 1475 1234 1501 est
1248 1475 1268 1502 Β
1284 1476 1336 1512 ff!
1389 1500 1394 1502 .

1142 1524 1179 1551 ¹4
1199 1514 1303 1542 tabulis
1319 1514 1348 1543 U
1364 1513 1455 1542 tabula

1144 1556 1178 1582 ιζ)
1203 1555 1244 1582 Ex
1261 1568 1274 1593 g
1289 1556 1316 1582 A

1142 1603 1176 1622 21
1203 1594 1333 1621 Praetoris
1348 1594 1369 1621 Β
1380 1593 1471 1630 populi
1486 1593 1597 1621 Romani

1144 1643 1180 1662 22
1202 1633 1260 1660 dari
1279 1634 1298 1660 B
1314 1635 1434 1660 videatur

1144 1682 1178 1710 23
1204 1682 1353 1709 puerorum
1369 1671 1553 1711 §puerulorum

1144 1722 1177 1750 23
1202 1721 1294 1740 autem
1405 1710 1640 1741 antecedentibus
1656 1709 1677 1739 B
1693 1711 1722 1738 d.

1146 1752 1182 1781 26
1204 1752 1241 1780 est
1257 1753 1290 1785 B,
1306 1754 1364 1792 est!

1145 1825 1181 1852 27
1205 1822 1298 1843 tamen
1315 1816 1336 1844 B
1352 1826 1392 1853 qm

1143 1871 1184 1877 —
1205 1865 1316 1883 manere
1332 1854 1405 1883 nihil
1423 1868 1436 1893 ς
1450 1853 1519 1881 nihil
1528 1862 1658 1882 remanere

1148 1904 1185 1933 30
1206 1895 1344 1924 connubii
1365 1896 1413 1931 jus
1437 1895 1457 1921 Β
1484 1893 1619 1922 connubias
1645 1906 1660 1932 g
1685 1903 1777 1922 connu-

1245 1935 1313 1963 bium

1065 1975 1124 2014 487
1169 1986 1184 2013 3
1208 1975 1362 2013 Repugnat
1376 1973 1410 2006 B,
1426 1981 1551 2012 gpugnat

1163 2025 1183 2052 4.
1203 2015 1289 2043 caufi*
1308 2016 1328 2042 B
1342 2014 1415 2043 rebus

1168 2055 1186 2084 6
1208 2063 1237 2083 at
1253 2055 1270 2083 fi
1286 2055 1351 2093 quis
1369 2054 1400 2087 B,
1415 2053 1484 2093 gstd
1495 2056 1540 2092 qui

1171 2104 1189 2132 7
1211 2095 1310 2123 intecti
1324 2095 1345 2122 B
1360 2096 1455 2131 inficio

1146 2150 1187 2158 -
1209 2135 1335 2171 praestare
1349 2147 1362 2172 g
1376 2133 1521 2168 restaurare

1169 2175 1185 2201 8
1208 2174 1267 2210 ejus
1284 2173 1304 2200 Β
1318 2175 1371 2211 {jus
1381 2173 1494 2209 parmis

1151 2223 1161 2243 1
1172 2223 1181 2242 1
1208 2213 1312 2240 effectis
1327 2227 1340 2252 ς
1353 2214 1463 2250 adsec‘lis

1155 2262 1193 2290 ¹4
1213 2253 1299 2286 valet,
1315 2252 1406 2280 valeat
1420 2252 1445 2286 ψ
1460 2262 1508 2279 non
1521 2250 1608 2287 valet,
1627 2262 1675 2282 non
1688 2251 1783 2282 valeat

1155 2303 1189 2331 ¹5
1214 2300 1353 2331 reguntur
1367 2293 1388 2321 B
1403 2305 1416 2331 ς
1430 2300 1552 2330 regantur

1157 2343 1167 2361 ι
1176 2343 1191 2370 7
1214 2333 1286 2360 Item
1302 2333 1323 2361 B
1335 2333 1380 2361 Ita

1150 2388 1191 2397 -·
1210 2372 1287 2402 valet
1301 2373 1323 2402 B
1338 2372 1433 2403 valeat

2159 1591 2176 1710 ἱ»;ι-.
2172 1535 2176 1554 ..
