2176 2912
663 159 1388 200 ORATORIBUS.
1645 175 1720 214 349

321 255 420 301 vult,
442 263 498 299 ut,
516 267 633 306 quam
650 254 759 292 deam
780 255 819 291 in
841 251 998 291 Periclis
1020 252 1134 291 labris
1156 252 1300 305 scripfit
1316 252 1479 304 Eupolis
1500 252 1720 300 sefiitaviss'e,

321 320 436 372 hujus
453 320 516 358 hic
537 320 751 358 medullam
766 319 939 356 nostrum
959 327 1149 358 oratorem
1169 318 1277 356 fuiffe
1296 318 1448 356 dixerit.
1482 320 1535 356 At
1557 318 1621 358 hic
1644 322 1721 358 Ce-

321 385 459 438 thegus
477 385 621 424 Consul
635 398 727 423 cum
743 386 788 423 P.
803 384 1002 422 Tuditano
1015 383 1092 422 fuit
1107 385 1209 423 bello
1228 383 1376 422 Punico
1393 383 1570 430 secundo,
1587 386 1721 437 Qaes-

320 461 470 504 torque,
487 451 547 489 his
564 451 815 495 Consulibus,
838 451 901 488 M.
917 451 1027 496 Cato,
1046 451 1163 489 modo
1184 450 1295 503 plane
1315 451 1422 488 annis
1446 464 1529 488 CXL
1553 462 1638 489 ante
1659 465 1721 490 me

321 517 559 562 Consulem,
591 527 642 562 et,
676 517 845 570 idipsum
866 517 934 554 nisi
959 518 1072 555 unius
1103 517 1191 555 esset
1212 517 1332 554 Ennii
1355 516 1562 554 testimonii
1586 519 1722 570 cogni—

319 592 421 628 tum,
452 583 558 622 hunc
579 583 754 628 vetustas,
786 592 829 621 ut
849 583 942 620 alios
963 582 1112 621 fortaffe
1133 583 1293 627 multos,
1315 582 1509 620 oblivione
1526 583 1722 621 obruisset.

319 650 431 688 Illius
452 659 581 688 autem
602 651 719 688 aetatis
737 651 805 702 qui
825 650 947 687 sermo
963 649 1093 695 fuerit,
1114 664 1162 688 ex
1182 649 1376 688 Naevianis
1393 649 1539 702 scriptis
1559 650 1726 702 intelligi

319 716 454 768 potest.
488 718 565 754 His
586 717 691 754 enim
711 716 959 760 Consulibus,
976 726 1018 754 ut
1038 717 1076 754 in
1098 716 1288 754 veteribus
1302 716 1590 754 commentariis
1604 716 1723 768 scrip-

319 791 405 820 tum
425 782 490 827 est,
514 784 672 821 Naevius
693 783 745 820 est
766 791 965 820 mortuus:
1005 796 1227 834 quanquam
1248 783 1369 820 Varro
1391 782 1527 827 noster,
1555 782 1722 835 diligen-

319 848 482 885 tiffimus
504 848 747 900 investigator
768 848 1021 898 antiquitatis,
1044 858 1152 900 putat
1172 849 1211 885 in
1231 847 1306 886 hoc
1325 857 1506 893 erratum,
1528 849 1725 900 vitamque

318 913 446 951 Naevii
472 914 652 966 producit
681 914 849 966 longiuS.
896 914 1002 951 Nam
1029 914 1187 951 Plautus
1222 915 1265 952 P.
1290 914 1469 958 Claudio,
1498 915 1546 952 L.
1571 915 1722 959 Porcio,

318 979 456 1031 viginti
490 980 598 1018 annis
631 980 713 1033 post
746 980 847 1024 illos,
883 993 979 1031 quos
1013 989 1099 1017 ante
1119 980 1213 1024 dixi,
1249 979 1433 1017 Consules
1460 990 1634 1017 mortuus
1655 981 1721 1025 est,

319 1045 466 1082 Catone
488 1045 668 1083 Censore.
718 1046 838 1083 Hunc
874 1045 992 1097 igitur
1021 1044 1243 1097 Cethegum
1276 1044 1501 1082 consecutus
1530 1045 1582 1082 est
1616 1055 1724 1082 aetate

319 1110 431 1155 Cato,
454 1112 524 1162 qui
542 1112 649 1148 annis
673 1125 716 1149 1x
740 1111 822 1164 post
847 1125 937 1148 eum
957 1111 1034 1148 fuit
1055 1112 1214 1149 Consul.
1262 1112 1367 1148 Eum
1399 1125 1466 1148 nos
1488 1120 1530 1148 ut
1550 1121 1722 1163 pervete-

319 1189 401 1213 rem
420 1175 621 1221 habenam,
644 1178 725 1229 qui,
749 1179 796 1215 L.
816 1177 982 1222 NIarcio,
998 1178 1072 1215 Μ’.
1092 1178 1261 1215 Manilio
1278 1177 1527 1221 Consulibus,
1547 1187 1722 1215 mortuus

319 1242 384 1288 est,
416 1244 523 1281 annis
547 1257 725 1282 Lxxxui
749 1244 835 1297 ipsis
857 1253 943 1281 ante
964 1257 1027 1281 me
1049 1244 1272 1282 Consulem.

374 1316 486 1354 XVI.
519 1317 606 1355 Nec
636 1330 723 1354 vero
743 1316 866 1354 habeo
887 1331 1109 1369 quenquam
1130 1317 1401 1369 antiquiorem,
1429 1317 1538 1368 cujus
1561 1316 1721 1368 quidem

319 1381 456 1434 scripta
476 1382 700 1435 proferenda
719 1393 866 1436 putem,
899 1383 967 1421 nisi
999 1397 1115 1435 quem
1138 1384 1259 1436 Appii
1281 1383 1383 1421 Caeci
1404 1384 1523 1421 oratio
1543 1381 1624 1420 haec
1645 1382 1721 1434 ipsa

318 1448 364 1485 de
386 1448 546 1499 Pyrrho,
579 1459 616 1487 et
638 1450 833 1488 nonnullae
853 1459 1096 1488 mortuorum
1117 1449 1351 1487 laudationes
1372 1448 1470 1486 forte
1501 1448 1687 1486 delcetant
1706 1463 1716 1486 2

316 1522 355 1551 et
375 1513 547 1553 hercules
568 1515 626 1554 hae
647 1517 805 1568 quidem
825 1526 970 1554 extant.
1031 1516 1123 1568 Ipsae
1143 1517 1250 1553 enim
1270 1515 1426 1552 familiae
1447 1514 1511 1552 sua
1530 1515 1633 1566 quasi
1654 1528 1718 1552 or·-

316 1591 508 1626 namenta,
530 1595 573 1619 ac
603 1591 858 1620 monumenta
887 1582 1096 1626 servabant,
1126 1591 1163 1618 et
1183 1581 1229 1618 ad
1250 1581 1374 1625 usum,
1397 1580 1423 1617 fi
1444 1581 1530 1632 quis
1551 1580 1722 1632 ejusdem

317 1647 463 1697 generis
495 1648 701 1693 occidisset,
733 1657 770 1685 et
801 1648 848 1685 ad
879 1648 1108 1685 memoriam
1142 1647 1301 1685 laudum
1336 1646 1645 1691 domesticarum,
1683 1656 1720 1684 et

317 1711 363 1748 ad
383 1712 644 1751 illustrandam
666 1714 910 1752 nobilitatem
937 1714 1043 1751 suam
1061 1731 1072 1758 5
1105 1727 1327 1766 quanquam
1354 1712 1413 1750 his
1435 1711 1719 1750 laudationibus

316 1775 471 1814 historia
492 1792 617 1816 rerum
638 1779 848 1817 nostrarum
868 1779 920 1817 est
939 1778 1036 1816 faita
1056 1779 1282 1817 mendofior.
1306 1779 1438 1817 Multa
1457 1779 1561 1816 enim
1583 1778 1720 1830 scripta

317 1844 404 1881 sunt
425 1845 463 1882 in
484 1846 552 1890 eis,
569 1860 653 1897 quae
673 1845 770 1883 faeta
786 1859 862 1883 non
883 1846 993 1890 sunt;
1016 1845 1096 1883 falsi
1113 1845 1318 1898 triumphi,
1337 1846 1464 1898 plures
1485 1845 1717 1890 consulatus,

317 1923 454 1962 genera
472 1911 589 1949 etiam
609 1910 713 1956 falsa,
744 1921 780 1949 et
812 1925 832 1948 a
863 1911 972 1964 plebe
993 1911 1243 1955 transitiones,
1271 1925 1362 1948 cuin
1382 1910 1559 1948 homines
1580 1910 1716 1948 humi-

315 1975 428 2013 liores
448 1977 488 2013 in
520 1977 689 2015 alienum
723 1977 892 2028 ejusdem
913 1978 1082 2015 nominis
1109 1976 1403 2015 infunderentur
1423 1990 1568 2028 genus;
1603 1985 1658 2020 ut,
1692 1976 1717 2014 fi

315 2054 387 2093 ego
406 2055 469 2080 me
489 2056 509 2080 a
529 2043 591 2081 M.
616 2043 752 2081 Tullio
771 2043 841 2080 effe
863 2043 1042 2087 dicerem,
1074 2044 1141 2095 qui
1164 2043 1343 2095 patricius
1364 2056 1455 2080 cum
1478 2042 1606 2080 Servio
1629 2043 1716 2080 Sul-

316 2108 419 2159 picio
440 2109 600 2153 Consul,
622 2123 721 2147 anno
742 2123 766 2146 x
788 2110 868 2162 post
889 2111 1036 2147 exaff‘ws
1057 2124 1174 2162 reges,
1197 2108 1287 2147 fuit.

371 2181 529 2218 Catonis
560 2190 689 2219 autem
718 2182 904 2219 orationes
940 2196 1017 2220 non
1049 2182 1179 2219 minus
1201 2181 1334 2219 multae
1364 2179 1442 2218 fere
1468 2181 1568 2226 sunt,
1599 2194 1715 2232 quani

316 2246 441 2284 Attici
461 2246 605 2297 Lysiae;
637 2249 746 2299 cujus
781 2249 942 2286 arbitror
961 2248 1145 2301 plurimas
1173 2247 1256 2285 effe.
1308 2247 1375 2285 Est
1404 2248 1509 2285 enim
1546 2248 1714 2290 Atticus,

317 2311 503 2363 quoniam
531 2322 630 2349 certe
650 2313 816 2351 Athenis
846 2314 897 2351 est
917 2323 954 2351 et
976 2323 1084 2351 natus
1105 2323 1142 2351 et
1164 2324 1354 2357 mortuus,
1376 2323 1413 2350 et
1434 2312 1587 2350 fune'tus
1607 2311 1715 2348 omni

319 2378 464 2415 civium
485 2391 667 2423 munere5
691 2393 911 2431 quanquam
930 2381 1103 2418 Timaeus
1120 2393 1225 2424 eum,
1244 2380 1345 2431 quali
1368 2380 1517 2418 Licinia
1530 2388 1566 2415 ct
1580 2377 1715 2415 Mucia

317 2443 413 2496 lege,
432 2444 567 2496 repetit
589 2444 781 2496 Syracusas
796 2463 807 2490 3
829 2455 866 2484 et
886 2445 1174 2499 quodammodo
1195 2444 1246 2483 est
1266 2445 1450 2483 nonnulla
1472 2444 1510 2481 in
1533 2443 1577 2481 iis
1598 2442 1714 2480 etiam
