2176 2912
773 190 1301 229 ORATOR.
1663 203 1742 242 457

343 284 448 336 quod
482 283 641 336 quidem
661 283 799 320 Latina
831 283 965 335 lingua
998 282 1046 320 fic
1070 282 1254 326 observat,
1291 295 1406 319 nemo
1440 291 1483 320 ut
1519 291 1595 320 tam
1629 282 1740 319 rusti-

343 363 410 387 cus
432 349 489 394 fit,
520 350 615 400 quin
647 348 793 386 vocales
815 349 912 386 nolit
944 349 1190 400 conjungere.
1257 348 1301 385 In
1337 361 1414 399 quo
1436 348 1593 399 quidam
1624 348 1741 385 etiam

342 413 649 466 Theopompum
679 413 977 467 reprehendunt,
1009 414 1114 465 quod
1148 426 1206 451 eas
1239 413 1365 450 literas
1398 423 1504 451 tanto
1537 428 1648 466 opere
1675 412 1743 451 fu-

340 480 466 532 gerit;
497 480 563 517 ets1
582 480 622 517 id
652 479 829 532 magister
848 481 929 532 ejus
951 479 1144 518 Isocrates.
1205 481 1259 517 At
1280 492 1356 516 non
1378 478 1628 530 Thucydides
1648 494 1656 516 t
1694 492 1740 516 ne

339 545 406 583 ille
426 546 600 597 quidem,
630 545 734 584 haud
754 546 868 598 paulo
888 547 1010 599 major
1029 545 1202 599 scriptor,
1224 545 1334 584 Plato
1347 564 1358 591 ς
1391 558 1458 584 nec
1479 544 1603 582 solum
1626 544 1663 581 in
1681 543 1741 582 his

341 611 605 657 sermonibus,
646 612 714 664 qui
747 612 889 665 dialogi
923 613 1124 656 dicuntur,
1165 612 1233 649 ubi
1265 612 1382 649 etiam
1414 611 1460 649 de
1489 610 1671 648 industria
1703 609 1741 646 id

340 676 563 716 faciendum
595 677 684 723 fuit,
716 678 778 715 sed
807 679 846 716 in
867 679 1042 731 populari
1073 679 1256 723 oratione,
1288 691 1363 730 qua
1392 690 1476 715 mos
1504 676 1556 714 est
1576 675 1740 714 Athenis

341 742 485 781 laudari
506 745 545 781 in
565 744 752 782 concione
771 758 848 789 eos,
881 745 949 796 qui
970 745 1041 782 fint
1074 745 1114 782 in
1149 744 1287 796 praeliis
1322 743 1540 786 interfe6fi3
1573 756 1657 794 quae
1691 742 1741 780 fic

340 810 498 861 probata
517 810 582 855 est,
604 821 645 848 ut
666 824 749 848 eam
769 812 987 863 quotannis,
1012 820 1053 848 ut
1074 811 1158 856 scis,
1181 810 1248 847 illo
1269 810 1329 847 die
1349 810 1497 848 recitari
1519 808 1660 846 necesse
1681 809 1738 847 fit.

342 875 388 912 In
408 889 451 912 ea
480 876 533 913 est
553 876 684 914 crebra
712 877 779 914 ista
798 877 990 914 vocalium
1011 876 1222 920 concursio,
1254 889 1371 928 quam
1392 889 1531 928 magna
1556 888 1602 913 ex
1622 884 1741 927 parte,

341 948 384 977 ut
402 940 590 986 vitiosam,
611 940 714 995 fugit
734 942 1030 981 Demosthenes.

397 1007 525 1045 XLV.
559 1008 631 1046 Sed
663 1008 790 1046 Graeci
822 1008 1010 1046 viderint:
1044 1008 1170 1052 nobis,
1207 1020 1253 1046 ne
1284 1007 1309 1045 fi
1341 1007 1542 1060 cupiamus
1563 1006 1740 1059 quidem,

340 1071 545 1111 distrahere
566 1074 712 1112 vocales
735 1074 972 1112 conceditur.
1011 1074 1189 1112 Indicant
1208 1074 1396 1111 orationes
1417 1073 1491 1111 illae
1511 1071 1598 1125 ipsae
1614 1071 1740 1110 horri-

341 1139 442 1177 dulae
463 1140 636 1185 Catonis,
667 1140 838 1178 indicant
868 1155 1002 1179 omnes
1023 1150 1156 1194 poetae,
1185 1149 1319 1193 praeter
1337 1153 1415 1185 eos,
1442 1140 1510 1193 qui
1531 1148 1575 1178 ut
1593 1139 1742 1178 versum

342 1199 522 1246 facerent,
544 1201 637 1254 saepe
657 1201 814 1240 hiabant
830 1221 840 1247 ;
873 1212 915 1240 ut
936 1203 977 1241 N
981 1203 1093 1240 aevius
1111 1221 1122 1247 3

487 1270 568 1312 Vos,
591 1269 654 1322 qui
668 1269 823 1307 accolitis
843 1269 1187 1323 Hssrumfluvium,
1209 1278 1316 1322 atque
1335 1267 1520 1321 Algidum.

342 1333 396 1372 Et
416 1333 561 1372 ibidem
577 1353 588 1379 ς

478 1403 596 1453 Quam
614 1416 794 1455 nunquam
814 1402 912 1441 vobis
933 1403 1054 1446 Graii,
1084 1411 1192 1454 atque
1211 1401 1388 1440 Barbari.

343 1466 396 1503 Et
416 1466 568 1504 Ennius
590 1467 702 1504 semel
720 1486 731 1512 ς
751 1490 829 1496 -
846 1469 958 1520 Scipio
978 1468 1112 1506 inviae
1125 1491 1206 1496 —
1226 1467 1279 1504 Et
1299 1466 1457 1517 quidem
1478 1478 1545 1503 nos
1562 1484 1574 1509 ς

479 1535 561 1571 Hoc
578 1543 675 1571 motu
693 1533 872 1572 radiantis
892 1534 1021 1584 Etestae
1038 1534 1075 1571 in
1095 1532 1193 1571 vada
1204 1532 1322 1584 ponti.

344 1598 435 1636 Hoc
455 1598 558 1637 idem
579 1599 694 1637 nostri
716 1599 848 1652 saepius
869 1613 945 1637 non
968 1599 1150 1643 tulissent,
1181 1597 1286 1650 quod
1307 1596 1434 1635 Graeci
1454 1595 1605 1633 laudare
1626 1595 1742 1634 etiam

343 1663 475 1702 solent.
537 1665 607 1703 Sed
640 1665 735 1716 quid
767 1679 837 1718 ego
871 1665 1046 1703 vocales?
1089 1665 1165 1702 fine
1195 1663 1390 1701 vocalibus
1422 1661 1516 1713 saepe
1547 1661 1741 1699 brevitatis

343 1732 456 1769 causa
484 1730 773 1776 contrahebant,
807 1740 850 1769 ut
870 1731 922 1768 ita
948 1731 1130 1773 dicerent,
1163 1730 1278 1767 multi
1298 1728 1416 1772 modis,
1446 1728 1527 1765 Vas'
1547 1727 1739 1779 argenteis,

336 1798 447 1850 palm'
469 1806 504 1835 et
523 1797 692 1842 crinibus,
720 1797 978 1849 tec-t'i’fraffls.
1026 1796 1135 1847 Qid
1155 1809 1242 1833 vero
1273 1795 1466 1838 licentius,
1498 1807 1615 1845 quam
1637 1793 1740 1845 quod

342 1863 552 1901 hominum
572 1864 687 1901 etiam
720 1864 877 1900 nomina
896 1861 1185 1905 contrahebant,
1208 1874 1286 1912 quo
1311 1860 1427 1898 effent
1446 1859 1589 1911 aptiora
1607 1859 1619 1895 ?
1651 1871 1740 1896 narn

344 1938 387 1966 ut
416 1928 578 1973 duellum,
611 1928 774 1974 bellum,
805 1938 842 1966 et
876 1927 965 1972 duis,
999 1927 1056 1964 bis
1074 1945 1084 1971 ;
1118 1927 1166 1965 slC
1187 1925 1384 1968 Duellium,
1412 1938 1517 1968 eum,
1549 1924 1617 1975 qui
1649 1924 1739 1961 Poe-

342 2009 410 2034 nos
445 1995 553 2034 claffe
586 1995 741 2040 devicit,
772 1995 922 2034 Bellium
956 1993 1266 2036 nominaverunt,
1308 2004 1400 2028 cum
1435 1990 1640 2042 superiores
1671 2002 1739 2040 ap-

344 2063 477 2115 pellati
509 2062 624 2100 effent
658 2061 804 2114 semper
838 2061 990 2100 Duellii.
1057 2058 1284 2111 Qinetiam
1316 2057 1428 2094 verba
1462 2056 1555 2108 saepe
1585 2064 1740 2093 contra-

344 2128 503 2173 huntur,
535 2142 611 2166 non
647 2128 733 2166 usus
767 2127 893 2172 causa,
925 2127 985 2164 sed
1019 2126 1184 2163 aurium.
1245 2122 1456 2174 Qomodo
1486 2122 1591 2159 enim
1624 2120 1741 2158 vester

344 2195 483 2239 Axilla,
515 2195 592 2233 Ala
624 2193 745 2232 factus
779 2193 846 2238 est,
877 2193 942 2231 nifi
965 2192 1059 2245 fuga
1086 2192 1202 2229 literae
1224 2189 1422 2228 vastioris?
1454 2201 1570 2240 quarn
1590 2187 1740 2224 literam

343 2261 459 2298 etiam
496 2273 516 2298 e
548 2260 711 2304 maxillis,
757 2274 776 2296 6
815 2260 962 2303 taxillis,
1007 2268 1045 2296 ct
1077 2258 1216 2301 vexillo,
1259 2265 1296 2293 et
1326 2255 1473 2307 paxillo,
1506 2251 1740 2291 consuetudo

344 2327 493 2378 elegans
514 2325 645 2363 Latini
666 2325 847 2362 sermonis
868 2324 1011 2361 evellit.
1072 2323 1256 2360 Libenter
1274 2322 1389 2358 etiam
1417 2318 1633 2372 copulando
1653 2329 1737 2352 ver-

346 2393 393 2430 ba
416 2392 647 2444 jungebant,
679 2400 721 2428 ut
740 2390 855 2443 sbdes,
888 2403 970 2441 pro,
990 2390 1032 2440 st
1054 2388 1186 2426 audes.-
1203 2388 1272 2437 sts,
1303 2400 1386 2438 pro,
1394 2386 1436 2436 st
1462 2385 1531 2422 vis.
1591 2383 1678 2432 Jam
1699 2381 1737 2417 in

346 2472 438 2503 uno,
469 2459 589 2511 capsis,
622 2457 692 2495 tria
710 2457 823 2495 verba
852 2455 970 2495 sunt:
1007 2456 1094 2499 asts,
1124 2467 1194 2507 pro
1221 2453 1341 2506 afflue:
1372 2451 1527 2503 nequire,
1559 2461 1640 2499 pro,
1671 2460 1738 2484 nou

428 2525 466 2563 T
481 2537 573 2563 OM.
605 2523 637 2562 I.
1269 2518 1316 2556 Μ
1337 2531 1378 2555 m
1399 2530 1438 2553 m
