2176 2912
399 210 474 249 190
752 196 867 235 DE
944 194 1452 235 ORATORE

391 303 525 343 quam,
549 302 633 341 quae
657 303 770 342 prava
785 288 885 334 sunt,
911 288 1071 328 fastidiis
1098 287 1372 328 adhaerescere:
1404 287 1509 341 quod
1533 300 1605 341 ego
1624 297 1797 328 nontam

391 355 581 394 fastidiose
596 356 637 393 in
654 356 779 400 nobis,
797 369 915 408 quam
932 356 973 394 in
986 355 1251 401 histrionibus,
1269 355 1425 408 sped‘tari
1440 364 1549 408 puto.
1581 356 1717 408 Itaque
1731 369 1799 394 nos

392 434 524 460 raucos
545 421 639 474 saepe
666 421 910 459 attentissime
930 421 1052 459 audiri
1072 421 1185 460 video
1196 439 1207 466 ς
1240 430 1344 459 tenet
1364 422 1471 459 enim
1491 434 1547 458 res
1573 421 1664 474 ipsa,
1686 430 1801 473 atque

392 487 501 525 causa
518 502 526 525 :
559 497 597 524 at
612 487 815 539 AEsopum,
834 487 859 524 s1
880 487 1041 540 paulum
1061 487 1264 532 irrauserit,
1278 488 1449 540 explodi.
1482 490 1518 525 A
1535 487 1677 539 quibus
1693 488 1798 525 enirn

391 553 492 592 nihil
513 563 648 607 praeter
668 554 907 606 voluptatem
929 554 1080 592 aurium
1097 554 1292 606 quaeritur,
1312 554 1352 592 in
1373 555 1418 592 iis
1440 553 1663 599 offenditur,
1686 554 1799 592 simul
1855 543 1858 544 ⁷

393 629 507 672 atque
540 620 791 658 imminuitur
826 620 973 672 aliquid
1009 619 1055 657 de
1075 619 1286 671 voluptate.
1337 621 1383 658 In
1418 620 1637 672 eloquentia
1670 629 1801 658 autem

395 687 521 725 multa
540 686 639 729 sunt,
662 699 746 737 quae
765 694 942 729 teneant;
966 698 1050 737 quae
1065 685 1092 722 fi
1108 685 1241 722 omnia
1256 685 1407 723 summa
1425 698 1504 723 non
1524 685 1624 730 sunt,
1642 686 1698 737 (et
1714 686 1799 738 ple—

393 765 509 803 raque
530 760 659 789 tamen
671 764 820 802 ,magna
838 750 960 802 sunt,)
982 750 1124 788 necesse
1143 750 1209 795 est,
1224 763 1265 788 ea
1283 751 1374 804 ipsei,
1392 765 1478 803 quae
1490 751 1590 796 sunt,
1609 751 1801 790 mirabilia

395 819 530 857 videri.

451 886 570 937 Ergo,
593 892 637 922 ut
658 884 704 922 ad
724 884 897 936 primum
919 883 1015 922 illud
1036 892 1212 930 revertar,
1233 884 1278 923 fit
1297 893 1422 923 orator
1442 885 1559 924 nobis
1582 886 1628 930 is,
1651 885 1734 938 qui,
1757 892 1801 923 ut

395 951 545 990 Craffus
567 950 772 1003 descripsit,
804 951 1095 991 accommodate
1128 951 1175 989 ad
1203 951 1507 1003 persuadendum
1526 952 1639 1005 poffit
1659 952 1799 990 dicere.

395 1019 433 1056 Is
454 1027 583 1056 autem
614 1018 867 1056 concludatur
886 1018 927 1055 in
958 1031 1014 1063 ea,
1045 1032 1129 1070 quae
1150 1017 1237 1057 sunt
1262 1019 1302 1056 in
1324 1019 1392 1057 usu
1412 1019 1616 1057 civitatum
1635 1019 1799 1072 vulgari,

395 1097 438 1122 ac
459 1083 596 1122 forenfi
612 1101 623 1127 ;
667 1083 899 1136 remotisque
931 1083 1076 1122 caeteris
1104 1084 1251 1129 studiis,
1274 1085 1448 1136 quamvis
1479 1097 1523 1122 ea
1555 1085 1628 1122 sint
1657 1084 1800 1137 ampla,

395 1159 511 1202 atque
532 1150 722 1202 praeclara,
754 1150 794 1188 in
829 1148 904 1188 hoc
925 1163 1004 1188 uno
1035 1163 1161 1202 opere,
1194 1159 1237 1188 ut
1267 1151 1320 1187 ita
1339 1150 1481 1194 dicam,
1511 1152 1641 1188 noctes
1662 1159 1700 1188 et
1723 1150 1802 1188 dies

397 1225 575 1269 urgeatur
587 1235 599 1260 5
632 1216 885 1268 imiteturque
906 1216 1036 1260 illum,
1067 1217 1131 1254 cui
1151 1216 1228 1254 fine
1254 1216 1375 1254 dubio
1394 1216 1546 1254 summa
1571 1217 1627 1254 vis
1648 1216 1803 1254 dicendi

396 1283 636 1326 conceditur,
668 1281 946 1320 Atheniensem
981 1281 1301 1327 Demosthenem,
1344 1283 1384 1321 in
1419 1297 1498 1335 quo
1533 1293 1687 1321 tantum
1722 1283 1802 1321 stu-

396 1349 506 1386 dium
527 1347 637 1385 fuiffe
657 1347 859 1400 tantusque
878 1348 986 1385 labor
1006 1347 1161 1393 dicitur,
1179 1357 1223 1386 ut
1239 1349 1413 1401 primum
1433 1349 1714 1401 impedimenta
1733 1361 1802 1386 na-

397 1423 491 1452 turae
509 1414 708 1466 diligentia
722 1414 983 1466 industriaque
995 1413 1177 1466 superarit
1192 1429 1200 1452 ε
1224 1428 1395 1467 cumque
1415 1415 1468 1452 ita
1487 1415 1624 1453 balbus
1640 1414 1742 1460 effet,
1760 1424 1804 1452 ut

396 1482 478 1532 ejus
500 1481 613 1532 ipfius
634 1481 739 1524 artis,
769 1481 832 1518 cui
853 1480 1032 1523 studeret,
1064 1481 1231 1532 primam
1251 1481 1403 1519 literam
1424 1494 1501 1518 non
1522 1480 1642 1533 poffet
1662 1480 1802 1525 dicere,

398 1544 561 1598 perfecit
573 1544 810 1588 meditando,
826 1554 868 1582 ut
884 1557 1000 1582 nemo
1014 1544 1165 1596 planius
1183 1558 1228 1582 eo
1244 1545 1396 1583 locutus
1415 1555 1624 1598 putaretur.
1649 1545 1802 1584 Deinde

398 1625 492 1650 cum
512 1611 665 1664 spiritus
699 1611 779 1662 ejus
799 1609 887 1648 effet
913 1609 1119 1662 angustior,
1157 1619 1309 1649 tantum
1343 1612 1576 1650 continenda
1606 1612 1734 1650 anima
1763 1613 1804 1650 in

399 1677 564 1715 dicendo
594 1676 647 1714 est
667 1676 865 1721 assecutus,
898 1684 941 1713 ut
972 1689 1047 1713 una
1067 1677 1358 1715 continuatione
1378 1677 1584 1716 verborum
1616 1677 1671 1729 (id
1700 1677 1804 1730 quod

398 1744 478 1795 ejus
497 1743 635 1795 scripta
654 1742 863 1794 declarant)
896 1741 995 1780 binae
1016 1742 1050 1779 ei
1070 1743 1335 1781 contentiones
1357 1743 1474 1788 vocis,
1496 1753 1534 1781 et
1554 1743 1802 1789 remiffiones,

399 1809 702 1847 continerentur.
723 1808 805 1860 Qi
826 1808 942 1845 ctiam
959 1808 1019 1858 (ut
1040 1809 1238 1846 memoriae
1258 1809 1457 1861 proditum
1470 1809 1539 1861 est)
1563 1810 1743 1861 conjectis
1764 1810 1804 1848 in

398 1889 440 1913 os
461 1875 632 1918 calculis,
665 1875 814 1912 summa
834 1888 926 1912 voce
961 1874 1083 1911 versus
1113 1875 1258 1913 multos
1295 1889 1372 1913 uno
1392 1875 1527 1928 spiritu
1560 1877 1805 1929 pronuntiare

399 1941 666 1979 consuescebat
678 1960 690 1986 3
724 1954 848 1992 neque
867 1942 898 1978 is
916 1940 1119 1979 ConslstenS
1137 1942 1177 1978 in
1198 1942 1299 1987 loco,
1329 1942 1391 1979 sed
1412 1943 1670 1987 inambulans,
1693 1952 1805 1994 atque

400 2007 549 2045 ascensu
569 2008 786 2061 ingrediens
804 2008 937 2046 arduo.

457 2075 575 2112 Hisce
596 2089 686 2127 ergo
703 2074 1050 2118 cohortationibus,
1083 2073 1221 2118 Craffe,
1240 2073 1285 2110 ad
1306 2073 1489 2119 studium,
1512 2083 1549 2111 et
1565 2074 1610 2111 ad
1631 2073 1803 2112 laborem

401 2141 615 2179 incitandos
644 2143 803 2192 juvenes
824 2139 1071 2178 vehementer
1096 2139 1296 2177 assentior:
1329 2148 1475 2185 caetera‚
1507 2153 1592 2191 quae
1619 2140 1805 2192 collegisti

400 2219 447 2244 ex
469 2206 577 2243 variis
599 2215 635 2243 et
656 2207 807 2244 diversis
823 2205 969 2249 studiis,
1001 2214 1038 2242 et
1055 2204 1213 2249 artibus,
1236 2205 1383 2243 tametfi
1404 2205 1480 2257 ipse
1498 2219 1536 2243 es
1556 2207 1688 2243 omnia
1707 2219 1803 2243 con-

401 2271 565 2316 secutus,
598 2281 725 2309 tamen
746 2272 792 2309 ab
812 2272 968 2309 oratoris
990 2272 1146 2323 proprio
1175 2271 1305 2309 officio
1325 2281 1439 2323 atque
1458 2285 1619 2310 munere
1639 2272 1806 2324 sejuncta

400 2336 471 2377 esse
487 2338 663 2376 arbitror.

456 2403 587 2442 LXII.
621 2404 718 2442 Haec
753 2416 846 2441 cum
880 2402 1076 2441 Antonius
1110 2402 1274 2448 dixiffet‚
1310 2403 1393 2442 sane
1428 2404 1603 2442 dubitare
1629 2403 1727 2442 visus
1754 2403 1806 2442 est

401 2468 609 2521 Sulpicius,
644 2479 682 2508 et
702 2470 832 2516 Cotta,
855 2470 976 2509 utrius
1007 2470 1127 2509 oratio
1146 2471 1302 2524 propius
1323 2471 1369 2509 ad
1392 2472 1593 2511 veritatem
1613 2471 1805 2511 videretur

401 2534 593 2576 accedere.
