2176 2912
954 198 1180 252 [507]

623 406 1536 471 ORATORIAE

380 603 1759 680 *PARTITIONES

658 793 1495 840 DIALOGUS.

701 963 902 1002 CICERO
926 971 1053 1017 pater.
1112 961 1450 1014 Crcssno-filius.

380 1096 413 1142 1·
547 1085 729 1139 1L31Us.
761 1085 917 1131 studeo,
947 1085 1003 1124 mi
1023 1094 1141 1139 pater,
1173 1084 1312 1123 Latine
1331 1097 1379 1123 ex
1410 1093 1448 1122 te
1467 1083 1596 1131 audire
1615 1097 1671 1129 ea,
1699 1097 1785 1136 quae

437 1089 545 1222 F
576 1150 678 1205 mihi
709 1160 753 1190 tu
783 1151 830 1190 de
862 1152 1007 1190 ratione
1035 1148 1192 1190 ¹d1cendi
1225 1151 1361 1190 Graece
1392 1149 1606 1196 tradidisti;
1638 1151 1665 1189 fi
1695 1164 1784 1189 mo-

577 1218 627 1256 do
658 1218 731 1256 tibi
758 1218 811 1256 est
844 1219 987 1264 otium,
1017 1226 1056 1256 et
1092 1217 1120 1256 fi
1157 1217 1229 1256 vis.
1290 1218 1467 1256 PATER.
1499 1219 1565 1255 An
1602 1217 1669 1262 est,
1706 1218 1785 1255 mi·

381 1286 535 1335 Cicero,
576 1284 682 1337 quod
715 1298 787 1337 ego
835 1285 986 1330 malim,
1022 1297 1142 1337 quam
1172 1292 1210 1322 te
1240 1296 1357 1336 quam
1388 1282 1650 1321 doffiffimum
1682 1282 1784 1321 effe?

381 1352 525 1390 Otium
545 1360 676 1389 autem
695 1348 867 1404 primiun
898 1350 950 1388 est
969 1350 1185 1395 summum,
1216 1349 1402 1402 quoniam
1431 1348 1637 1401 aliquando
1657 1347 1789 1387 Roma

379 1418 546 1471 exeundi
576 1417 741 1471 potestas
774 1417 858 1456 data
891 1417 970 1456 est:
1003 1417 1140 1455 deinde
1171 1416 1238 1454 ista
1267 1425 1334 1454 tua
1363 1415 1485 1454 studia
1518 1415 1578 1454 vel
1603 1415 1787 1454 maximis

380 1485 701 1538 occupationibus
736 1485 831 1522 meis
866 1482 1095 1522 anteferrem
1128 1483 1306 1521 libenter.
1366 1483 1397 1521 F
1403 1495 1541 1521 ILIUS.
1573 1481 1690 1520 Visne
1710 1482 1788 1535 igi-

379 1560 458 1606 tur,
491 1560 534 1589 ut
568 1560 612 1588 tu
646 1564 709 1589 me
737 1551 871 1598 Graece
897 1550 990 1588 soles
1024 1549 1157 1588 ordine
1192 1549 1438 1600 interrogare,
1468 1548 1519 1586 fic
1551 1561 1624 1600 ego
1658 1557 1695 1585 te
1728 1547 1789 1585 vi-

381 1616 505 1663 ciffim
527 1617 670 1655 eisdem
704 1616 749 1654 de
780 1616 892 1654 rebus
914 1616 1052 1654 Latine
1086 1615 1352 1667 interrogem?
1411 1615 1591 1653 PATER.
1623 1614 1732 1658 Sane,
1763 1612 1791 1652 fi

381 1683 520 1738 placet.
580 1683 642 1721 Sic
673 1683 779 1720 enim
814 1692 851 1720 et
885 1695 956 1734 ego
988 1691 1026 1720 te
1056 1679 1273 1720 meminiffe
1299 1679 1530 1732 intelligam,
1562 1692 1648 1731 quae
1679 1692 1790 1717 acce-

381 1749 494 1802 pisti;
517 1757 554 1786 et
576 1758 617 1785 tu
637 1748 770 1786 ordine
790 1748 931 1792 audies,
949 1761 1034 1800 quae
1055 1747 1232 1800 requiris·
1279 1747 1455 1785 F1L1us.
1477 1747 1587 1797 Qot
1607 1745 1647 1783 in
1667 1753 1789 1798 partes

383 1814 643 1853 distribuenda
684 1814 735 1851 est
771 1814 898 1852 omnis
933 1814 1106 1852 dostrina
1149 1813 1336 1851 dicendi?
1395 1813 1574 1862 PATER.
1618 1812 1663 1849 In
1697 1820 1787 1849 tres.

384 1882 558 1919 fmus.
593 1880 701 1917 Cedo
727 1893 819 1932 quas
839 1880 851 1916 ?
903 1880 1080 1918 PATER.
1113 1879 1291 1917 Primum
1312 1879 1353 1916 in
1373 1878 1495 1931 ipsam
1515 1878 1596 1916 vim
1617 1877 1790 1921 oratoris,

383 1948 520 1985 deinde
541 1947 581 1984 iu
602 1946 831 1991 orationem,
862 1955 949 1984 tum
970 1946 1009 1983 in
1031 1944 1295 1998 quaestionem.
1360 1945 1535 1983 Funus.
1574 1945 1619 1982 In
1641 1957 1720 1995 quo
1740 1942 1793 1980 est

384 2013 463 2066 ipsa
481 2013 570 2051 vis?
620 2014 798 2051 PATER.
831 2013 876 2051 In
897 2012 1010 2050 rebus
1030 2020 1068 2049 et
1088 2011 1228 2049 verbis.
1278 2010 1350 2049 Sed
1380 2019 1418 2048 et
1439 2023 1494 2047 res
1526 2018 1564 2048 et
1594 2009 1791 2048 verbain-

386 2080 571 2117 venienda
591 2078 678 2116 sunt
707 2088 745 2116 et
775 2078 1011 2116 collocanda.
1072 2077 1230 2130 Proprie
1261 2085 1389 2114 autem
1410 2076 1449 2113 in
1473 2075 1583 2114 rebus
1605 2075 1790 2120 invenire,

386 2146 425 2184 in
453 2146 578 2183 verbis
611 2144 756 2197 eloqui,
785 2144 941 2182 dicitur.
1002 2144 1202 2182 Collocare
1222 2151 1365 2188 autem,
1396 2142 1461 2181 etfi
1494 2141 1547 2180 est
1567 2130 1791 2184 commune,

386 2222 516 2257 tamen
555 2211 601 2249 ad
641 2211 917 2250 inveniendum
956 2209 1131 2249 refertur.
1183 2210 1286 2255 Vox,
1322 2218 1467 2254 motus,
1502 2196 1793 2259 vultusgatque

384 2279 514 2323 omnis
549 2278 660 2322 affi0,
692 2277 898 2330 eloquendi
935 2291 1064 2316 comes
1099 2276 1166 2322 est,
1208 2289 1416 2328 earumque
1451 2289 1579 2313 rerum
1610 2274 1791 2312 omnium

387 2344 511 2382 custos
531 2343 584 2381 est
604 2344 805 2382 memoria.
848 2344 1021 2382 F1L1us.
1052 2343 1159 2395 Qid
1178 2343 1191 2380 ?
1213 2342 1394 2380 orationis
1416 2351 1513 2394 quot
1532 2341 1619 2378 sunt
1638 2348 1760 2391 partes
1777 2337 1790 2374 ?

385 2410 565 2453 PATER.
604 2410 795 2460 Qatuor.
842 2409 990 2446 Earum
1011 2409 1094 2446 duae
1115 2408 1241 2445 valent
1261 2408 1307 2446 ad
1327 2421 1407 2445 rem
1429 2406 1641 2445 docendam
1659 2422 1670 2448 ;
1704 2416 1791 2441 nar-

389 2476 482 2514 ratio
503 2485 540 2513 et
560 2475 819 2514 confirmatio.
878 2475 942 2513 Ad
973 2474 1227 2527 impellendos
1248 2474 1397 2512 animos
1419 2473 1502 2511 duae
1519 2490 1530 2515 ;
1552 2469 1793 2524 principium

388 2552 426 2580 et
452 2542 654 2596 peroratio.
714 2542 888 2581 F1L1Us.
921 2541 1057 2594 Qid?
1089 2539 1245 2594 quaestio
1275 2539 1457 2601 qnasnam
1488 2536 1603 2576 habet
1634 2533 1790 2589 partes?

1350 2607 1372 2643 S
1393 2603 1447 2642 ss
1469 2617 1492 2643 2
