2176 2912
513 211 843 253 LIBER
916 211 1338 251 PR1Mus.
1553 227 1622 270 151

224 307 448 363 perfacilem
479 305 522 345 in
550 305 755 351 audiendo,
798 313 836 343 te
870 317 1156 358 perpugnacem
1197 304 1239 343 in
1271 304 1511 358 disputando,
1556 309 1628 347 effe

226 375 365 413 visum.

271 441 384 479 XXI.
407 439 595 491 Tumque
611 451 697 491 ego,
713 437 786 476 hac
802 437 934 476 eadem
951 437 1134 490 opinione
1148 437 1348 483 adductus,
1370 437 1496 492 scripsi
1512 441 1629 479 etiam

226 506 324 546 illud
353 505 523 558 quodam
556 505 597 543 in
628 505 778 549 libello,
809 505 876 557 qui
903 518 965 544 me
986 505 1232 558 imprudente
1258 514 1295 542 et
1324 505 1446 543 invito
1467 507 1625 552 excidit,

224 583 264 612 et
282 572 456 626 pervenit
477 572 517 610 in
545 585 682 610 manus
702 570 927 616 hominum,
958 571 1102 625 dfirtos
1127 585 1190 610 me
1209 570 1384 624 cognoffe
1404 572 1628 617 nonnullos,

227 640 438 693 eloquentem
476 636 603 677 adhuc
633 639 860 679 neminem:
910 638 1017 690 quod
1053 651 1144 677 eum
1180 638 1391 676 statuebam
1429 638 1629 683 disertum,

227 706 297 758 qui
325 704 444 758 poffet
472 705 558 743 satis
592 714 701 742 acute
732 714 848 757 atque
877 704 1047 743 dilucide
1080 705 1181 758 apud
1211 705 1424 743 mediocres
1449 704 1629 747 homines

228 785 275 809 ex
305 771 509 810 communi
542 771 707 823 quadam
740 770 951 809 hominum
985 772 1168 825 opinione
1199 771 1348 809 dicere:
1381 771 1631 824 eloquentem

227 852 330 883 vero,
361 839 429 890 qui
458 837 671 875 mirabilius
697 847 736 875 et
765 837 1079 889 magnificentius
1099 852 1235 891 augere
1261 837 1392 891 poffet,
1424 848 1538 890 atque
1567 852 1632 876 or-

229 918 317 942 nare
347 918 432 956 quae
458 903 585 947 vellet,
617 903 826 955 omnesque
857 905 1038 942 omnium
1068 918 1210 949 rerum,
1243 919 1326 956 quae
1357 904 1402 942 ad
1423 905 1633 943 dicendum

229 956 477 1023 pertinerent,
508 969 634 1008 fontes
654 971 785 1008 animo
806 983 848 1008 ac
868 972 1058 1008 memoria
1077 972 1302 1009 contineret.
1348 971 1392 1009 Id
1412 971 1437 1009 si
1459 971 1510 1009 est
1528 972 1632 1009 diffi-

230 1037 304 1075 cile
324 1037 450 1082 nobis,
481 1037 549 1089 qui
569 1046 670 1082 ante,
701 1051 819 1089 quam
849 1038 896 1075 ad
916 1037 1141 1075 discendum
1162 1038 1312 1090 ingresfi
1334 1037 1479 1082 sumus,
1501 1038 1636 1075 obrui-

232 1117 321 1140 mur
340 1103 553 1141 ambitione
572 1114 612 1141 et
630 1102 714 1141 foro
732 1122 744 1148 3
776 1104 820 1141 sit
852 1114 979 1141 tamen
1011 1105 1051 1141 in
1073 1118 1111 1142 re
1137 1105 1320 1157 positum,
1352 1114 1466 1155 atque
1487 1114 1634 1142 natura.

234 1170 320 1221 Ego
341 1170 460 1213 enim,
491 1178 681 1221 quantum
711 1184 875 1222 auguror
909 1171 1140 1223 conjeRurfi,
1174 1181 1392 1223 quantaque
1412 1171 1567 1223 ingenia
1596 1172 1636 1209 in

238 1236 370 1274 nostris
391 1235 616 1273 hominibus
637 1236 708 1273 effe
728 1237 852 1282 video,
883 1251 959 1275 non
981 1237 1134 1290 despero
1163 1238 1245 1275 fore
1264 1238 1436 1289 aliquem
1459 1238 1634 1289 aliquan-

235 1301 298 1344 do,
330 1302 398 1352 qui
432 1311 469 1338 et
499 1301 622 1338 studio
643 1303 797 1346 acriore,
829 1316 946 1354 quam
979 1316 1048 1340 nos
1081 1303 1225 1347 sumus,
1257 1312 1371 1354 atque
1405 1301 1567 1347 fuimus,
1599 1311 1638 1340 et

180 1397 182 1399 >
235 1368 316 1405 otio
335 1380 377 1404 ac
398 1366 579 1405 facultate
601 1368 768 1406 discendi
790 1369 947 1420 majore,
978 1382 1020 1407 ac
1054 1370 1275 1414 maturiore,
1306 1378 1343 1406 et
1364 1369 1490 1406 labore
1523 1378 1639 1421 atque

237 1432 419 1470 industria
438 1432 642 1484 superiore,
673 1447 764 1470 cum
791 1433 826 1470 se
857 1434 902 1471 ad
934 1434 1182 1478 audiendum,
1214 1434 1435 1486 legendum,
1467 1434 1638 1472 scriben-

236 1498 408 1550 dumque
447 1500 591 1550 majore
621 1512 735 1551 opera
773 1499 973 1543 dediderit,
1016 1500 1148 1537 existat
1187 1501 1272 1537 talis
1306 1510 1444 1544 orator,
1484 1500 1640 1552 qualem

235 1566 442 1616 quaerimus
460 1583 470 1609 3
504 1566 570 1617 qui
586 1567 672 1616 jure
694 1578 770 1602 non
792 1565 917 1602 solum
938 1566 1109 1610 disertus,
1129 1567 1190 1603 sed
1209 1567 1325 1604 etiam
1346 1566 1544 1618 eloquens,
1562 1566 1640 1604 dici

238 1630 348 1683 poffit
361 1649 373 1674 3
405 1631 472 1682 qui
494 1640 634 1675 tamen,
657 1644 742 1668 mea
761 1631 956 1676 sententia,
979 1642 1043 1669 aut
1063 1631 1128 1669 hic
1148 1632 1297 1685 estjam
1320 1632 1482 1677 Craffus,
1513 1642 1591 1677 aut,
1613 1632 1640 1670 fi

239 1698 325 1749 quis
347 1698 426 1750 pari
445 1697 561 1735 fuerit
579 1698 749 1750 ingenio,
780 1698 965 1750 pluraque
983 1713 1100 1751 quam
1120 1699 1199 1744 hic,
1218 1709 1255 1737 et
1275 1700 1450 1743 audierit,
1473 1708 1510 1736 et
1527 1699 1640 1737 16ᾶί-

242 1764 341 1808 tarit,
371 1773 409 1801 et
428 1764 627 1816 scripserit,
658 1765 819 1817 paulum
839 1764 932 1802 huic
953 1766 1100 1817 aliquid
1117 1767 1258 1819 poterit
1274 1766 1422 1804 addere.

296 1830 386 1867 Hoc
421 1830 508 1868 loco
539 1831 746 1882 Sulpicius,
783 1830 986 1882 insperanti
1017 1830 1130 1877 mihi,
1163 1832 1304 1884 inquit,
1336 1842 1374 1870 et
1409 1833 1548 1877 Come,
1579 1831 1642 1870 sed

240 1895 348 1933 valde
381 1897 529 1948 optanti
564 1897 717 1948 utrique
749 1896 934 1941 nostrum,
967 1898 1120 1942 cecidit,
1151 1908 1194 1936 ut
1215 1899 1253 1936 in
1275 1899 1390 1936 istum
1411 1899 1641 1943 sermonem,

242 1962 381 2007 Craffe,
399 1962 686 2000 delaberemini.
720 1963 847 2001 Nobis
868 1964 973 2001 enim
993 1963 1071 2002 huc
1091 1965 1333 2003 venientibus
1349 1965 1569 2017 jucundum
1585 1965 1642 2003 sa-

241 2030 290 2067 tis
320 2028 401 2067 fore
432 2029 646 2074 videbatur,
678 2030 718 2074 fi,
750 2043 842 2067 cum
874 2043 939 2068 vos
971 2031 1016 2068 de
1037 2032 1147 2069 rebus
1168 2032 1250 2069 aliis
1281 2031 1553 2084 loqueremini,
1584 2041 1644 2070 ta·-

243 2108 334 2133 men
368 2108 437 2133 nos
469 2095 615 2148 aliquid
641 2109 688 2134 ex
722 2096 895 2134 sermone
924 2097 1045 2135 vestro
1071 2098 1256 2135 memoria
1287 2097 1451 2150 dignum
1471 2098 1646 2150 excipere

244 2160 432 2213 poffemus
451 2176 459 2199 :
492 2172 535 2199 ut
554 2175 641 2200 vero
661 2162 812 2214 penitus
833 2163 873 2200 in
906 2176 990 2200 earn
1011 2163 1130 2216 ipsam
1151 2164 1268 2201 totius
1290 2163 1404 2216 hujus
1436 2163 1495 2201 vel
1516 2163 1643 2207 studii,

245 2227 306 2263 vel
327 2227 493 2272 artificii,
524 2228 582 2265 vel
603 2227 809 2273 facultatis,
837 2229 1134 2282 disputationem
1154 2243 1249 2283 pene
1270 2231 1450 2268 intimam
1469 2229 1644 2282 perveni-

245 2293 348 2336 retis,
379 2293 443 2330 vix
459 2293 673 2345 optandum
694 2294 805 2332 nobis
825 2295 1038 2333 videbatur.
1071 2297 1158 2348 Ego
1181 2297 1300 2341 enim,
1333 2297 1400 2348 qui
1421 2297 1467 2334 ab
1488 2297 1645 2334 ineunte

246 2366 353 2395 aetate
373 2358 545 2396 incensus
566 2358 680 2397 effem
700 2359 824 2398 studio
843 2361 1040 2413 utriusque
1067 2362 1249 2406 vestrum,
1281 2362 1399 2400 Craffi
1419 2375 1508 2400 vero
1528 2362 1646 2399 etiam

248 2436 390 2468 amore,
421 2437 514 2462 cum
545 2424 591 2462 ab
621 2438 666 2463 eo
702 2426 892 2478 nusquam
923 2427 1169 2472 discederem,
1201 2428 1362 2466 verbum
1393 2441 1439 2466 ex
1465 2441 1509 2466 eo
1542 2440 1644 2468 nun-

248 2503 364 2541 quam
385 2490 519 2528 elicere
538 2491 648 2543 potui
668 2491 713 2529 de
731 2493 770 2529 vi
800 2506 842 2530 ac
863 2494 1006 2531 ratione
1026 2493 1194 2538 dicendi,
1224 2507 1317 2532 cum
1350 2503 1389 2531 et
1419 2506 1485 2545 per
1517 2493 1645 2543 meip-

250 2555 334 2594 sum
353 2555 522 2609 egiffem,
552 2565 590 2595 et
610 2569 677 2610 per
694 2557 867 2597 Drusum
897 2559 991 2612 saepe
1010 2559 1232 2598 tentassem:
1250 2550 1342 2612 ⁵quo
1371 2560 1412 2597 in
1432 2569 1566 2611 genere
1587 2566 1644 2601 tu,
