2176 2912
330 279 359 308 p.

332 319 370 347 57

318 1765 356 1794 ⁵9

590 174 882 215 VARIAE
975 172 1539 213 LECTIONES.

437 319 447 338 ι
473 316 584 338 emanet
605 322 623 338 ω
639 318 654 338 2
677 316 706 337 ut
718 316 817 338 emanet

433 360 450 378 2
472 349 707 387 approbationem
728 361 745 376 ω
765 357 773 375 ι
796 347 990 385 approbationes

431 399 449 426 9
471 389 626 427 propofitio
647 401 664 416 ω
682 398 692 416 1
705 389 886 426 propqfi11'02st

414 437 450 457 ιο
470 428 669 466 propofitionis
684 427 856 465 approbatio
875 440 892 454 ω
911 436 922 454 ι
944 433 1036 464 appro—

509 469 580 497 batio
588 469 762 506 prcpfilionis
775 469 809 504 est

413 518 447 537 12
469 507 619 546 assumptio
634 522 650 536 ω
670 517 679 536 ι
697 509 828 546 cffunptio
841 509 876 544 est

413 557 450 586 14
469 548 662 586 assumptionis
677 547 848 586 approbatio
861 563 902 568 —
914 547 1036 576 affirma-

510 596 557 617 tur
578 602 594 617 ω
614 598 622 616 ι
649 589 822 626 affiaemptffonis
839 587 990 625 approbatio
1003 590 1037 626 est

507 644 589 652 ——
594 631 734 667 firmatur.

412 678 421 697 1
431 679 445 707 ς
468 669 630 707 complexio
652 682 669 697 ω
688 678 713 702 ι,
730 678 745 697 2
768 668 899 706 complexio
912 670 946 705 est

411 711 445 737 18
466 709 545 738 Dein
560 709 708 747 bipartita,
727 709 805 747 quod
821 709 850 736 in
868 715 1035 737 controver-

506 750 543 777 fia
558 750 603 778 est.
639 750 685 777 De
705 758 872 787 unaquaque
886 755 967 786 parte
981 757 1034 786 po-

506 789 556 818 test
570 789 657 818 alicui
677 789 768 817 videri
790 789 864 826 poss’e
881 797 1033 827 argumen-

505 830 642 858 tationem
671 829 815 857 confistere
847 841 863 856 ω
895 838 903 856 r
934 829 1032 861 deinde,

504 869 644 907 bipartita.
678 870 756 906 Qcod
765 872 794 897 in
805 869 976 906 contro-versia
987 870 1032 905 est,

503 911 533 937 de
546 921 599 938 una
611 920 705 947 quoque
714 916 792 946 parte
801 910 878 947 potest
890 909 972 937 alicui
985 911 1033 936 vi-

503 951 559 978 deri
566 951 630 988 pff
640 950 764 986 consistere
833 948 839 952 “

404 1000 440 1028 23
463 999 561 1019 omnes
573 989 792 1028 leges,judices,
802 989 836 1017 ad
848 988 1031 1017 commodum

504 1041 528 1058 r.
545 1040 574 1068 p.
598 1043 615 1058 ω
632 1040 642 1058 ι
661 1040 740 1058 omnes
760 1028 823 1068 leges
837 1031 875 1058 ad
885 1030 1032 1058 commodum

492 1071 595 1108 judices
606 1082 629 1098 r.
642 1078 673 1108 p.

403 1120 435 1148 3¹
462 1120 558 1139 omnes
588 1110 762 1148 respublicas
789 1109 896 1147 optime
929 1116 1032 1146 putant

505 1150 693 1179 administrari
714 1164 730 1178 ω
749 1160 758 1178 ι
777 1160 856 1178 omnes
870 1157 969 1186 remp.
985 1158 1029 1187 op-

502 1194 563 1220 time
577 1193 706 1228 (putant)
720 1189 901 1225 administrari
922 1202 939 1217 ω
956 1199 971 1218 2
992 1190 1028 1218 le-

498 1231 579 1270 gibus
590 1231 703 1260 omnibus
724 1242 775 1260 rem
790 1229 922 1268 publicam
943 1232 1031 1268 optime

497 1280 595 1310 putant
609 1273 791 1310 administrari

403 1322 441 1351 34
461 1312 540 1351 leges
562 1325 579 1340 ω
598 1321 624 1346 ¹,
640 1321 656 1340 2
681 1313 709 1341 d.

423 1363 439 1382 a
461 1352 600 1390 proficisci
622 1364 639 1380 ω
658 1362 667 1380 1
687 1354 715 1380 d.

423 1403 441 1432 9
463 1393 567 1421 habere
582 1407 599 1421 ω
612 1403 627 1422 2
643 1392 735 1421 haberi

401 1444 440 1471 24
461 1433 509 1461 nist
526 1434 603 1471 quod
617 1447 634 1461 ω
650 1442 675 1466 1,
694 1442 708 1461 2
724 1434 752 1460 ni
763 1444 772 1460 ι
785 1433 816 1460 id
827 1432 892 1470 quod

401 1484 436 1512 ²3
461 1473 538 1512 quod
554 1473 629 1502 enim
649 1486 666 1501 ω
682 1483 697 1501 2
716 1474 781 1510 quid
789 1476 854 1501 enim

402 1523 439 1551 30
461 1513 577 1552 quidem
593 1513 670 1547 ess‘et,
686 1522 716 1542 ut
730 1512 753 1540 is
764 1512 847 1540 nobis
860 1511 1028 1540 sententiam

498 1554 571 1592 legis
596 1554 849 1592 interpretaretur3
881 1551 987 1581 nedum
1010 1564 1027 1579 ω

504 1603 514 1622 1
532 1595 561 1622 d.

397 1644 432 1673 3¹
457 1634 530 1663 istud
552 1647 568 1662 ω
584 1644 600 1663 2
622 1635 651 1662 d.

401 1684 438 1713 32
460 1684 494 1703 ex
509 1684 543 1703 eo
563 1688 580 1702 ω
599 1683 609 1702 x
629 1675 657 1702 d.

399 1723 438 1753 34
458 1715 509 1743 nisi
524 1714 603 1752 quod
617 1726 634 1741 ω
653 1723 662 1741 1
681 1716 728 1741 nit
748 1715 780 1740 id
791 1714 861 1751 quod

422 1764 432 1783 1
459 1754 529 1793 quid
544 1754 632 1782 causae
645 1754 684 1782 est
698 1753 768 1791 quin
785 1765 801 1780 ω
820 1761 829 1780 ι
850 1753 915 1790 quid
924 1751 1026 1781 dubite-

498 1796 533 1822 tis
547 1797 609 1832 quin

419 1845 435 1872 7
458 1835 583 1872 primum
599 1847 616 1862 ω
633 1844 648 1862 2
667 1836 752 1871 primo

417 1877 433 1903 8
457 1875 572 1903 tertium
597 1888 613 1902 ω
632 1884 641 1902 ι
671 1874 728 1901 111⁰
750 1886 767 1901 ω
785 1883 800 1902 2
817 1875 893 1902 tertio

415 1926 434 1953 9
453 1915 514 1951 jam
530 1924 579 1943 nos
601 1929 618 1943 ω
637 1924 646 1942 1
660 1916 724 1951 jam
738 1924 782 1941 vos

398 1965 432 1993 13
457 1965 513 1984 non
529 1963 643 1993 oportet
663 1967 681 1982 ω
700 1964 709 1982 1
737 1966 779 1982 nos
791 1965 840 1982 non
848 1960 944 1991 oportet

398 2005 431 2035 ¹5
454 1996 530 2034 posse
554 1994 752 2033 complexione
776 2002 804 2022 et
824 2001 954 2031 oportere
971 2005 989 2021 ω
1007 2002 1016 2021 ι

488 2037 554 2074 poffi
569 2037 714 2074 conclufionc
734 2047 751 2063 ω
768 2044 783 2063 z
800 2035 864 2072 pff
877 2034 1022 2072 conclqfione

491 2085 602 2114 oporlere

397 2125 430 2154 17
453 2116 514 2145 fieri
528 2116 804 2155 argumentationem
820 2128 837 2143 ω
857 2124 865 2142 ι
876 2115 927 2152 fiet
939 2125 1020 2152 argu-

494 2161 614 2186 mentatio

394 2206 431 2226 20
451 2198 528 2236 quod
544 2197 719 2230 conficiatur,
740 2194 946 2234 complexionis
960 2203 1020 2222 rem

491 2247 547 2266 non
570 2237 699 2275 indigere
724 2249 740 2264 ω
770 2246 779 2264 1
805 2237 871 2274 quod
891 2236 1020 2273 cotficitur

490 2278 542 2306 ideo
555 2278 726 2314 complexionis
740 2286 793 2304 rem
809 2288 856 2304 non
869 2277 982 2314 indigere
1002 2287 1020 2302 ω

493 2327 510 2345 2
535 2319 603 2356 quod
617 2317 767 2354 conficiatur
779 2327 811 2344 ex
824 2318 1020 2344 ratiocinatione

490 2359 559 2395 quod
561 2359 591 2395 st
593 2357 650 2395 fiat
662 2355 835 2394 complexionis
847 2367 899 2385 rem
912 2367 959 2384 non
977 2359 1019 2392 inf

490 2398 578 2436 digere

393 2446 430 2477 29
451 2445 499 2468 aut
526 2437 578 2473 ita,
602 2443 632 2468 ut
652 2445 688 2467 ex
712 2435 854 2468 contrario
881 2434 1017 2465 sententia

1093 275 1124 303 p-

1093 503 1133 533 60

1087 1224 1121 1253 61

1082 1627 1119 1656 62

1077 2231 1112 2270 63

1275 306 1442 335 conficiatur
1461 320 1478 334 ω
1497 315 1522 340 ι,
1540 315 1555 333 2
1577 313 1623 334 out
1647 307 1801 335 contrarium

1277 345 1435 384 conclzfioncs
1448 349 1583 383 inferemus

1177 393 1216 421 30
1236 384 1291 413 hoc
1306 386 1391 414 modo
1414 400 1430 414 ω
1448 397 1462 415 2
1484 387 1528 414 hoc
1537 389 1615 422 pat'lo

1177 434 1212 462 33
1236 434 1297 452 eam
1313 435 1370 453 rem
1393 440 1410 454 ω
1425 437 1441 455 2
1461 428 1563 454 eandem
1577 437 1628 454 rem

1175 473 1211 502 35
1237 464 1386 494 conficitur
1398 467 1452 496 hoc
1468 480 1484 495 ω
1501 476 1516 494 2
1532 466 1664 504 conficitur
1676 465 1722 494 hoc
1734 467 1803 494 modo

1200 513 1209 532 ι
1236 512 1265 533 et
1286 518 1302 532 ω
1321 514 1330 532 ι
1350 508 1378 535 d.

1195 544 1213 572 6
1235 544 1264 572 in
1280 544 1384 582 quihus
1405 558 1422 573 ω
1440 555 1450 572 ι
1470 547 1497 575 d.

1177 593 1212 613 ιο
1232 593 1298 612 nam
1313 584 1366 613 hoc
1389 585 1495 614 nullius
1512 594 1604 622 neque
1617 584 1802 623 approbatio-

1275 624 1318 652 nis
1341 637 1358 652 ω
1378 634 1386 653 1
1412 637 1472 653 nam
1493 625 1540 653 hoc
1561 625 1655 653 nullius
1672 625 1803 662 putabunt

1271 676 1346 702 neque
1357 665 1549 703 approbationis

1177 713 1210 732 12
1233 713 1298 732 nam
1314 705 1524 744 argumentatio
1543 717 1561 733 ω
1579 714 1590 734 ι
1611 716 1671 734 nam
1683 714 1707 734 et
1720 716 1803 743 argu·

1273 754 1393 774 montano

1175 793 1208 821 13
1233 784 1358 822 aliquam
1376 785 1406 814 in
1420 795 1479 814 rem
1501 799 1518 813 ω
1535 795 1550 814 2
1571 786 1609 813 ad
1618 784 1736 822 aliquam
1749 796 1801 815 rem

1175 833 1207 862 ¹5
1229 825 1345 862 quando
1360 825 1450 864 igitur
1470 839 1487 854 ω
1506 835 1515 854 ι
1541 837 1596 854 cum
1609 827 1694 864 igitur

1175 865 1208 891 18
1230 865 1387 901 pertinebit
1407 879 1424 893 ω
1444 875 1453 893 1
1469 865 1616 903 pertinebat

1171 913 1206 940 23
1231 905 1308 942 quod
1324 905 1343 932 fi
1358 905 1445 933 solum
1462 906 1492 934 id
1507 905 1585 943 quod
1598 905 1746 934 inventum
1762 905 1800 934 est

1271 958 1288 972 ω
1307 954 1316 972 l
1344 947 1453 983 quodsi
1476 946 1506 973 id
1519 945 1602 981 solum
1625 955 1799 983 argumentum

1269 997 1287 1012 ω
1304 995 1320 1013 2
1342 986 1442 1023 quodsi
1446 985 1528 1022 solum
1542 994 1718 1024 argumentum

1170 1034 1207 1063 29
1228 1023 1256 1052 in
1271 1027 1548 1063 argumentationem
1569 1038 1586 1054 ω
1603 1035 1618 1053 2
1632 1033 1799 1063 argumenta-

1263 1074 1353 1093 {lenem

1169 1114 1204 1142 33
1230 1105 1309 1133 abuti
1330 1119 1346 1133 ω
1362 1116 1378 1134 2
1395 1110 1436 1134 uti

1170 1154 1207 1182 34
1228 1145 1263 1172 ab
1285 1159 1302 1172 ω
1322 1155 1330 1173 r
1350 1148 1377 1174 d.

1165 1198 1206 1207 ·—
1227 1185 1263 1212 ab
1285 1199 1301 1213 ω
1321 1195 1346 1218 ι,
1365 1196 1382 1214 z
1403 1187 1431 1214 d.

1194 1234 1205 1252 1
1229 1225 1416 1263 perspiciatur
1437 1238 1453 1253 ω
1470 1235 1485 1254 2
1503 1226 1688 1263 perspiciamus

1189 1267 1206 1293 8
1228 1265 1362 1294 videntur
1383 1279 1401 1294 ω
1419 1274 1445 1301 ι,
1462 1276 1477 1294 2
1500 1267 1635 1302 visasunt

1188 1315 1206 1343 9
1229 1314 1323 1334 autem
1340 1319 1357 1334 ω
1376 1316 1385 1334 r
1407 1308 1434 1335 d.

1170 1354 1206 1381 14
1226 1354 1275 1374 aut
1289 1346 1398 1374 levatur
1419 1359 1435 1374 ω
1455 1356 1479 1379 1,
1496 1356 1510 1374 2
1526 1353 1573 1374 aut
1587 1346 1734 1376 alle-viatur

1168 1385 1203 1413 16
1225 1386 1384 1414 confirmari
1410 1386 1511 1424 potest,
1532 1386 1629 1414 iisdem
1647 1386 1736 1423 potest
1758 1395 1795 1414 ex

1266 1426 1335 1454 locis
1350 1426 1486 1454 infirmari
1511 1439 1527 1453 ω
1547 1435 1556 1453 ι
1584 1427 1730 1464 confirmari
1746 1434 1792 1464 po-

1263 1469 1308 1504 test
1321 1469 1453 1505 infirmari

1166 1505 1203 1535 26
1225 1506 1342 1544 aliquod
1362 1521 1382 1535 ω
1397 1517 1412 1535 2
1426 1507 1534 1545 aliquid

1162 1562 1202 1568 —
1223 1554 1273 1575 aut
1287 1547 1331 1574 his
1347 1547 1477 1575 conceffis
1500 1560 1516 1574 ω
1534 1555 1543 1573 1
1563 1554 1610 1574 aut
1624 1547 1733 1584 concffs

1164 1597 1199 1626 35
1223 1594 1272 1615 aut
1287 1586 1306 1614 fi
1322 1587 1440 1625 simplex
1456 1599 1473 1615 ω
1493 1596 1502 1614 1
1522 1585 1685 1624 autfimplex

1181 1637 1201 1665 4
1221 1626 1412 1655 infirmabitur
1437 1640 1453 1655 ω
1473 1637 1481 1655 1
1509 1628 1660 1665 infirmatur

1182 1677 1198 1704 7
1220 1667 1254 1695 fit
1272 1680 1290 1694 ω
1306 1676 1321 1694 2
1344 1668 1371 1695 d.

1183 1709 1200 1735 8
1222 1707 1286 1744 quis
1310 1720 1326 1734 ω
1342 1717 1357 1735 2
1379 1707 1491 1746 aliquem

1166 1756 1199 1786 ις
1224 1747 1327 1775 Curius
1344 1757 1394 1785 pro
1409 1747 1511 1776 Fulvio
1526 1761 1543 1775 α
1559 1756 1568 1775 1
1589 1747 1669 1776 Curio
1677 1747 1789 1786 proflu-

1261 1791 1308 1816 vio
1331 1788 1470 1827 (fulvio.)
1500 1790 1565 1816 Vide
1584 1789 1683 1826 Erntst.
1702 1791 1730 1816 in
1752 1788 1789 1816 lo·

1261 1839 1316 1857 cum

1162 1877 1198 1896 22
1220 1877 1277 1906 qua
1298 1881 1315 1896 υ
1331 1877 1357 1902 1,
1374 1878 1390 1897 2
1405 1880 1453 1907 quo

1161 1917 1196 1946 25
1220 1918 1325 1946 magno
1350 1918 1394 1936 ωι
1420 1920 1538 1947 magnum

1162 1957 1200 1986 30
1220 1948 1382 1977 conferetur
1396 1962 1413 1976 ω
1430 1958 1455 1984 1,
1473 1959 1488 1977 2
1510 1951 1639 1986 confirtur

1157 2003 1200 2011 -—-
1221 1988 1381 2017 conferetur
1403 2002 1419 2016 ω
1437 1999 1452 2017 2
1472 1991 1603 2026 confertur

1160 2037 1197 2066 34
1218 2038 1308 2067 genus
1331 2042 1348 2057 ω
1367 2038 1393 2063 ι,
1411 2039 1426 2057 2
1446 2031 1473 2056 d.

1160 2078 1195 2108 35
1218 2079 1262 2097 res
1284 2079 1349 2097 cum
1369 2079 1398 2097 re
1413 2070 1525 2097 differat
1549 2067 1786 2097 demonstrabitur

1259 2122 1276 2137 ω
1294 2118 1303 2137 1
1322 2121 1360 2138 res
1374 2111 1480 2147 differat
1494 2120 1547 2137 cum
1562 2120 1589 2137 re
1602 2109 1785 2147 demonstrabi-

1257 2161 1312 2178 mus

1156 2205 1196 2212 —
1218 2190 1455 2219 demonstrabitur
1477 2203 1494 2218 ω
1510 2200 1525 2218 2
1543 2189 1765 2228 demorfirahimus

1176 2241 1196 2268 4
1217 2230 1409 2268 fijudicatum
1431 2244 1448 2259 ω
1468 2241 1476 2258 ι
1493 2232 1694 2269 finjudicutum

1177 2281 1194 2309 7
1217 2271 1466 2299 commemorando
1479 2285 1496 2299 ω
1515 2281 1524 2299 ι
1541 2279 1564 2298 el
1579 2270 1783 2298 commemorando

1175 2322 1194 2350 9
1216 2312 1293 2350 quod
1309 2312 1442 2340 afferatur
1461 2325 1479 2339 ω
1498 2321 1507 2339 1
1537 2312 1603 2348 quod
1613 2310 1782 2347 affutamlum

1254 2354 1382 2390 cffratur
1398 2352 1520 2390 (fortaffi
1533 2352 1599 2388 quod
1608 2352 1647 2377 ad
1657 2351 1782 2385 mfflutan-

1252 2395 1311 2419 dum
1312 2391 1391 2428 )—‹.›
1407 2402 1422 2421 2
1437 2393 1502 2431 quod
1513 2391 1720 2429 adjudicandum
1735 2390 1782 2425 qs}

1243 2435 1357 2470 serasar
