2176 2912
399 219 474 259 174
752 205 866 244 DE
943 205 1452 245 ORATORE

392 298 640 352 pei-funestum
658 297 783 336 senem
803 298 903 352 poffe
921 299 988 338 suo
1003 300 1090 351 jure
1105 299 1228 338 dicere
1246 298 1362 344 idem,
1380 298 1485 351 quod
1505 299 1606 351 apud
1622 299 1796 337 Ennium

393 366 494 403 dicat
515 364 580 403 ille
602 363 764 416 Pythius
786 365 945 418 Apollo,
962 365 998 403 se
1016 365 1086 404 effe
1100 379 1205 410 eum,
1237 366 1339 404 unde
1359 366 1442 412 fibi,
1464 365 1491 404 fi
1511 379 1588 404 non
1604 365 1740 418 popul-i
1759 374 1795 403 et

394 430 511 483 reges,
533 440 571 468 at
590 444 721 469 omnes
743 431 799 469 sui
819 432 918 469 cives
939 431 1142 471 confilium
1163 440 1356 484 expetant,

532 498 689 536 Suarum
709 512 830 536 rerum
845 498 1007 536 incerti?
1038 513 1120 551 quos
1138 513 1197 551 ego
1215 513 1291 536 mea
1309 507 1370 551 ope
1386 512 1427 536 ex

530 564 686 602 Incertis
705 573 831 608 certos,
853 565 1084 617 compotesque
1103 565 1220 615 cmyili

532 630 707 674 Dimitte,
738 640 780 669 ut
800 645 842 668 ne
860 645 917 668 res
936 639 1063 668 temere
1081 632 1241 668 trac‘t'ent
1262 630 1438 668 turbidas.

395 695 463 733 Est
475 697 578 733 enim
599 697 674 734 [ωε
694 696 813 733 dubio
833 696 970 733 domus
985 694 1249 747 jurisconsulti
1266 697 1384 733 totius
1399 695 1602 733 oraculum
1617 695 1794 733 civitatis⁴

395 761 519 800 Testis
551 761 603 799 est
635 760 794 813 hujusce
815 762 1022 813 QMucii
1035 762 1154 813 janua
1172 770 1210 799 et
1230 761 1476 805 vestibulum,
1512 760 1617 813 quod
1648 761 1686 798 in
1716 762 1797 812 ejus

394 827 649 866 infirmiffima
660 827 889 871 valetudine,
911 826 1209 879 affectaquejam
1222 837 1340 873 aetate‚
1355 828 1525 866 maxima
1537 827 1709 880 quotidie
1721 826 1796 865 fre-

395 894 553 946 quentia
573 894 732 938 civium,
755 907 797 932 ac
817 893 1060 933 summorum
1079 892 1288 932 hominum
1308 893 1516 946 splendore,
1536 893 1762 931 celebratur.

450 960 600 998 XLVI.
624 961 712 1010 jam
732 973 820 998 vero
839 959 905 997 illa
924 973 1002 998 non
1023 959 1180 1012 longam
1192 960 1404 998 orati-onem
1417 959 1637 1004 desiderant,
1660 972 1798 1011 quam-

396 1025 531 1063 obrem
551 1025 766 1063 existimem
785 1025 942 1078 publica
961 1039 1117 1078 quoque
1130 1026 1230 1078 jura,
1253 1039 1337 1077 quae
1357 1025 1445 1063 sunt
1466 1026 1617 1077 propria
1636 1024 1799 1063 civitatis

396 1100 511 1143 atque
541 1092 709 1144 imperii,
748 1101 834 1131 tum
864 1100 1118 1130 monumenta
1149 1105 1277 1130 rerum
1303 1091 1506 1143 gestarum,
1535 1099 1576 1128 et
1608 1090 1800 1128 vetustatis

396 1156 585 1210 exempla,
606 1157 745 1195 oratori
767 1166 856 1195 nota
875 1156 944 1195 effe
960 1157 1108 1195 debere.
1155 1157 1262 1195 Nam
1282 1166 1325 1194 ut
1353 1157 1395 1194 in
1415 1169 1543 1194 rerum
1569 1156 1802 1208 privatarum

396 1223 513 1261 causis
544 1233 657 1275 atque
681 1224 839 1276 judiciis
871 1222 1128 1276 depromenda
1158 1222 1252 1276 saepe
1270 1223 1391 1261 oratio
1421 1221 1473 1261 est
1497 1235 1543 1260 ex
1567 1222 1655 1274 jure
1680 1221 1800 1266 civili,

397 1298 435 1326 et
456 1290 613 1333 idcirco,
645 1299 688 1327 ut
718 1299 803 1327 ante
822 1289 1007 1334 diximus,
1038 1289 1177 1327 oratori
1191 1289 1289 1341 juris
1309 1288 1434 1327 civilis
1465 1288 1621 1326 scientia
1639 1287 1800 1327 neceffa-

398 1356 453 1392 ria
471 1355 546 1399 est3
579 1355 628 1392 fic
660 1355 700 1392 in
731 1355 848 1393 causis
880 1355 1047 1408 publicis
1075 1354 1329 1408 judiciorum,
1362 1354 1610 1399 concionum,
1641 1353 1800 1398 senatus,

398 1421 526 1459 omnis
557 1419 639 1458 haec
669 1429 707 1458 et
737 1421 975 1473 antiquitatis
996 1421 1195 1465 memoria,
1225 1429 1263 1458 et
1286 1419 1435 1474 publici
1459 1420 1557 1472 juris
1585 1419 1799 1463 auctoritas,

398 1496 437 1524 et
467 1487 637 1539 regendae
668 1486 888 1539 reipublicae
919 1487 1014 1525 ratio
1039 1500 1081 1524 ac
1114 1486 1280 1531 scientia,
1310 1495 1493 1538 tanquam
1524 1485 1650 1538 aliqua
1680 1494 1801 1523 mate-

399 1553 485 1596 ries,
516 1552 561 1590 iis
582 1552 808 1597 oratoribus,
840 1552 907 1604 qui
937 1552 1130 1590 versantur
1150 1553 1190 1590 in
1210 1552 1418 1605 republica,
1450 1552 1614 1604 subjecta
1637 1550 1708 1588 effe
1733 1551 1802 1589 de·
1827 1597 1833 1602 ⁵

400 1618 506 1656 bent.
556 1618 650 1656 Non
681 1618 786 1655 enim
818 1617 1053 1656 caufidicum
1084 1617 1208 1656 nescio
1239 1631 1370 1672 quem,
1400 1631 1524 1670 neque
1543 1617 1801 1670 proclamato-

400 1698 497 1729 rem,
539 1693 603 1722 aut
634 1684 807 1723 rabulam
837 1683 913 1722 hoc
945 1684 1114 1722 sermone
1143 1683 1268 1722 nostro
1299 1684 1579 1736 conquirimus,
1620 1683 1683 1722 sed
1713 1696 1803 1721 eum

400 1752 543 1796 virum,
574 1751 642 1803 qui
662 1751 835 1803 primum
856 1751 899 1788 s1t
918 1751 998 1802 ejus
1019 1751 1107 1788 artis
1128 1750 1292 1795 antistes,
1323 1751 1432 1802 cujus
1452 1748 1544 1788 cum
1574 1749 1652 1802 ipsa
1672 1758 1804 1787 natura

402 1831 582 1868 magnam
602 1816 754 1854 homini
774 1815 996 1854 facultatem
1027 1817 1144 1861 daret,
1176 1825 1303 1855 tamen
1334 1816 1403 1854 effe
1437 1816 1527 1854 deus
1548 1825 1728 1868 putatur,
1760 1824 1804 1854 ut

401 1892 438 1920 et
459 1883 597 1935 ipsum,
629 1883 733 1934 quod
766 1892 844 1920 erat
877 1881 1047 1920 hominis
1078 1883 1293 1935 proprium,
1324 1896 1401 1921 non
1432 1891 1585 1935 partum
1619 1895 1686 1934 per
1719 1895 1802 1927 nos,

401 1949 464 1987 sed
495 1936 678 1987 divinitus
710 1949 755 1986 ad
785 1963 853 1987 nos
881 1948 1064 1994 delatum,
1096 1949 1311 1987 videretur:
1345 1948 1481 1986 deinde
1508 1949 1574 2000 qui
1594 1948 1706 2000 poffit
1727 1961 1804 1986 non

402 2024 483 2053 tam
502 2015 680 2060 caduceo,
713 2029 831 2067 quam
866 2016 1021 2053 nomine
1041 2015 1212 2059 oratoris,
1234 2023 1402 2059 ornatus,
1436 2014 1641 2052 incolumis
1662 2013 1717 2050 vel
1742 2014 1803 2051 in-

403 2090 459 2118 ter
490 2079 658 2118 hostium
695 2081 767 2118 tela
799 2081 955 2118 versari:
990 2090 1074 2117 tum
1101 2080 1168 2131 qui
1194 2079 1327 2123 scelus,
1358 2078 1608 2130 fraudemque
1632 2079 1803 2117 nocentis

404 2145 514 2199 poffit
535 2147 696 2184 dicendo
717 2146 898 2199 subjicere
917 2146 1006 2184 odio
1036 2146 1195 2189 civium,
1227 2145 1491 2197 supplicioque
1521 2144 1774 2196 constringere
1792 2159 1801 2183 z

403 2213 583 2263 idemque
600 2213 742 2264 ingenii
758 2211 942 2265 praesidio,
957 2212 1216 2249 innocentiam
1231 2211 1470 2263 judiciorum
1491 2224 1604 2263 pcena
1622 2210 1778 2248 liberare
1793 2226 1801 2249 :

406 2279 584 2330 idemque
616 2278 873 2330 languentem,
906 2277 1172 2329 labentemque
1191 2277 1383 2329 populum
1414 2286 1477 2314 aut
1497 2277 1542 2314 ad
1563 2277 1677 2315 decus
1697 2278 1803 2315 exci-

406 2354 495 2388 tare,
527 2353 591 2381 aut
623 2344 669 2381 ab
700 2357 822 2381 errore
853 2344 1050 2388 deducere,
1082 2352 1146 2380 aut
1167 2343 1403 2380 inflammare
1435 2343 1474 2380 in
1499 2343 1710 2395 improbos,
1742 2353 1805 2381 aut

405 2411 609 2448 incitatum
644 2411 683 2447 in
718 2410 838 2447 bonos
874 2410 1047 2462 mitigare
1070 2424 1078 2447 :
1124 2410 1190 2461 qui
1239 2409 1415 2461 denique,
1460 2422 1731 2461 quemcunque
1766 2410 1804 2447 in

405 2476 542 2514 animis
563 2474 769 2514 hominum
800 2486 952 2514 motum
984 2489 1040 2514 res
1060 2485 1096 2514 et
1116 2475 1222 2514 causa
1241 2475 1418 2528 postulet,
1449 2489 1539 2514 eum
1566 2475 1727 2514 dicendo
1748 2475 1804 2512 vel

403 2543 568 2581 excitare
587 2542 712 2596 poffit,
744 2542 802 2580 vel
819 2542 953 2581 sedare.
