2176 2912
699 185 1421 224 ORATORIBUS.
1683 199 1762 238 403

358 280 498 318 melius
529 277 606 317 hoc
636 278 888 331 quaerendum
918 287 1042 331 putes.
1108 278 1180 316 Sed
1213 291 1306 316 cum
1340 292 1361 316 a
1394 278 1504 316 nobis
1535 277 1649 331 paulo
1675 287 1761 316 ante

359 347 508 385 dietum
528 346 586 391 fit,
617 346 688 383 tria
707 345 827 382 videri
858 343 942 389 effe,
973 359 1059 397 quae
1092 354 1217 384 orator
1247 345 1394 383 efficere
1427 345 1593 390 deberet,
1624 355 1668 383 ut
1688 345 1759 383 do-

356 421 473 456 ceret,
504 419 547 449 ut
568 409 782 454 delectaret,
813 417 857 447 ut
877 419 1047 448 moveret
1067 428 1079 455 3
1111 411 1188 449 duo
1208 410 1357 449 summe
1377 410 1516 454 tenuit,
1548 419 1590 447 ut
1621 419 1658 447 et
1678 424 1761 448 rem

352 477 560 515 illustraret
589 476 813 521 differendo,
844 485 883 515 et
911 477 1061 515 animos
1092 490 1241 522 eorum,
1264 477 1342 529 qui
1367 477 1554 521 audirent,
1585 477 1759 514 devinci—

351 553 412 582 ret
441 544 652 597 voluptate.
711 543 855 582 Aberat
889 544 999 581 tertia
1032 543 1098 581 illa
1131 544 1227 589 laus,
1258 557 1334 596 qua
1364 551 1616 597 permoveret,
1647 552 1760 594 atque

352 610 532 649 incitaret
564 610 742 654 animos;
773 623 891 662 quarn
922 609 1139 662 plurimum
1159 610 1301 663 pollere
1328 609 1515 648 diximus.
1560 608 1648 647 Nec
1682 618 1761 646 erat

352 676 433 714 ulla
469 677 540 721 vis,
571 685 685 729 atque
723 676 953 721 contentio;
1003 676 1077 714 five
1111 676 1281 721 confilio,
1328 676 1433 728 quod
1467 689 1545 720 eos,
1590 687 1759 727 quorum

352 743 466 781 altior
495 742 630 788 oratio,
662 742 837 794 actioque
870 741 959 780 effet
992 742 1194 788 ardentior,
1224 742 1349 780 furere
1379 751 1418 781 et
1448 739 1626 780 bacchari
1654 740 1758 778 arbi-

353 818 542 853 traretur-3
575 808 648 846 five
667 808 772 860 quod
806 817 940 846 natura
965 822 1043 846 non
1064 809 1153 846 effet
1173 808 1226 847 ita
1255 808 1404 853 factum
1437 809 1511 846 five
1541 807 1646 860 quod
1679 819 1759 845 non

350 874 583 918 consueffet;
616 874 688 912 five
719 874 825 926 quod
844 888 923 912 non
954 874 1087 926 poffet.
1147 875 1241 912 Hoc
1261 888 1384 912 unum
1404 874 1478 919 illi,
1508 874 1536 912 fi
1555 872 1656 912 nihil
1678 872 1757 910 uti-

351 940 469 978 litatis
491 939 670 984 habebat,
701 939 826 977 abfuit
839 959 850 984 ;
882 940 909 978 fi
925 953 1020 992 opus
1041 949 1133 985 erat,
1155 939 1293 978 defuit.
1327 940 1556 992 Qinetiam
1576 939 1756 982 memini,

351 1020 447 1045 cum
477 1007 518 1044 in
551 1006 790 1045 accusatione
823 1006 887 1045 sua
918 1007 987 1060 Q
1007 1007 1139 1046 Gallio
1164 1006 1322 1045 crimini
1351 1005 1522 1051 dedisset,
1562 1005 1634 1044 fibi
1666 1019 1758 1042 eum

350 1085 547 1111 venenum
566 1072 759 1126 paravisse,
790 1073 907 1126 idque
941 1087 961 1110 a
991 1072 1027 1110 se
1061 1072 1132 1112 effe
1159 1071 1455 1126 deprehensum,
1487 1072 1638 1124 seseque
1667 1069 1755 1109 chi-

351 1137 553 1192 rographa,
587 1138 885 1185 testificationes,
930 1139 1086 1185 indicia,
1127 1140 1368 1192 quaestiones,
1399 1138 1642 1178 manifestam
1674 1151 1757 1199 rem

350 1204 497 1243 deferre
526 1205 684 1251 diceret,
714 1205 839 1258 deque
868 1218 913 1244 eo
947 1205 1112 1244 crimine
1141 1216 1315 1245 accurate
1334 1215 1372 1244 et
1404 1205 1591 1258 exquifite
1621 1204 1754 1258 dispu-

349 1271 497 1310 taviffet
510 1290 523 1317 3
569 1286 632 1310 me
666 1272 707 1310 in
742 1272 1017 1326 respondendo,
1047 1286 1140 1312 cum
1172 1273 1286 1312 effem
1310 1281 1595 1326 argumentatus
1629 1283 1754 1323 quan-

349 1347 438 1376 tum
458 1352 514 1377 res
534 1338 692 1384 ferebat,
722 1338 798 1378 hoc
818 1339 945 1393 ipsum
965 1340 1083 1378 etiam
1102 1339 1261 1394 posuiffe
1280 1354 1350 1393 pro
1379 1347 1622 1392 argumento,
1649 1336 1755 1390 quod

348 1405 428 1450 ille,
477 1419 570 1444 cum
603 1405 748 1458 pestem
778 1407 913 1459 capitis
945 1406 1016 1452 sui,
1047 1420 1140 1446 cum
1175 1407 1319 1445 indicia
1351 1405 1487 1445 mortis
1523 1405 1559 1443 se
1591 1417 1752 1458 compe-

350 1471 433 1510 riffe
466 1471 668 1511 manifesto
697 1481 737 1511 et
756 1485 874 1511 manu
895 1482 1020 1511 tenere
1039 1473 1196 1518 diceret,
1227 1482 1308 1512 tam
1340 1473 1463 1511 solute
1498 1471 1642 1525 egiffet,
1672 1480 1755 1510 tam

347 1537 499 1584 leniter,
545 1548 626 1577 tam
659 1539 876 1578 oscitanter.
937 1537 977 1579 ‘T
971 1555 995 1578 u
1025 1540 1123 1592 ssuc,
1165 1541 1228 1579 M.
1258 1539 1390 1584 Calidi,
1426 1539 1493 1590 nss
1504 1540 1679 1593 fingeres,
1695 1541 1755 1592 fic

346 1619 471 1656 ageres
487 1605 507 1644 .?
529 1606 734 1659 praest’rtim
764 1605 842 1644 cz>m
873 1605 938 1659 zstci
960 1606 1157 1660 eloquentie}
1179 1606 1372 1644 alienorum
1391 1605 1567 1644 hominum
1588 1607 1754 1659 pericula

347 1670 529 1723 dffendere
560 1673 733 1711 acerrime
747 1673 877 1725 ſsleas,
908 1683 1009 1711 tuum
1028 1673 1221 1725 negligeres
1236 1673 1257 1711 ,ἕ
1299 1672 1371 1712 Ubi
1396 1672 1524 1712 dolor?
1554 1672 1618 1711 ubi
1642 1672 1753 1712 ardor

347 1737 471 1781 animi,
516 1738 580 1790 qui
605 1738 711 1776 etiam
744 1752 786 1776 ex
811 1738 1006 1790 infimtium
1039 1738 1187 1790 ingeniis
1218 1739 1340 1778 elicere
1367 1753 1481 1783 voces,
1525 1747 1562 1776 et
1594 1740 1753 1791 querelas

333 1803 429 1855 solet
445 1802 464 1839 ἒ
495 1803 610 1841 Nulla
633 1803 865 1855 perturbatio
894 1804 1016 1848 animi,
1046 1805 1146 1842 nulla
1163 1805 1332 1857 corporis,
1353 1806 1469 1857 frons
1493 1819 1560 1843 non
1574 1805 1748 1858 perczsffiz,

347 1882 416 1906 non
420 1869 578 1921 femur;
603 1868 704 1922 pedis
734 1869 846 1923 (quod
869 1870 1049 1908 minimum
1067 1870 1129 1924 est)
1161 1871 1260 1908 nulla
1274 1872 1463 1923 fitpplefio.
1513 1873 1643 1925 Itaque
1662 1881 1749 1910 tan-

347 1945 424 1973 tum
454 1936 574 1987 algfizit
602 1945 646 1974 ut
674 1936 911 1989 itgflammares
943 1937 1073 1991 nostros
1106 1937 1251 1981 animos,
1282 1939 1448 1990 menum
1492 1938 1507 1974 i
1532 1953 1549 1975 0
1582 1939 1651 1976 loco
1685 1939 1751 1977 vix

347 2003 561 2041 tenebamus.
612 2003 674 2041 Sic
708 2017 776 2041 nos
809 2003 952 2042 summi
981 2004 1139 2042 oratoris
1170 2004 1229 2041 vel
1262 2004 1430 2049 sanitate,
1462 2004 1519 2042 vel
1541 2004 1649 2049 vitio,
1681 2019 1750 2058 pro

347 2078 573 2121 argumento
592 2069 638 2107 ad
659 2069 887 2108 diluendum
908 2070 1056 2108 crimen
1078 2070 1131 2108 ufi
1151 2070 1296 2109 sumus.

401 2137 510 2173 Tum
547 2137 701 2181 Brutus,
734 2137 859 2189 Atqui
893 2137 1131 2183 dubitamus,
1168 2137 1309 2189 inquit,
1342 2146 1474 2175 utrum
1509 2136 1576 2175 ista
1613 2137 1746 2175 sanitas

347 2199 477 2246 fuerit,
507 2215 554 2240 an
584 2203 754 2240 vitium?
804 2205 904 2255 Qis
924 2205 1030 2243 enim
1061 2218 1138 2242 non
1169 2203 1345 2249 fateatur,
1376 2217 1468 2242 cum
1499 2217 1545 2242 ex
1565 2205 1746 2242 omnibus

346 2267 503 2304 oratoris
523 2267 701 2305 laudibus
722 2268 836 2321 longe
856 2269 923 2307 ista
941 2270 986 2308 fit
1012 2270 1196 2314 maxima,
1229 2269 1468 2308 inflammare
1499 2271 1645 2307 animos
1678 2283 1745 2306 au-

347 2332 552 2377 dientium,
592 2342 643 2378 et,
677 2347 912 2387 quocunque
938 2350 994 2374 res
1014 2335 1181 2388 postulet
1210 2336 1341 2380 modo,
1373 2335 1535 2380 fle&ere‚
1573 2336 1640 2387 qui
1674 2334 1744 2372 hac

346 2398 487 2435 virtute
508 2399 684 2444 caruerit,
716 2400 755 2437 id
778 2400 827 2445 ei,
850 2402 954 2453 quod
974 2403 1193 2440 maximum
1215 2401 1344 2446 fuerit,
1367 2401 1521 2439 defuisse
1540 2402 1552 2437 ?

401 2465 590 2503 LXXXI.
625 2466 679 2503 Sit
700 2466 784 2503 sane
804 2467 870 2512 ita,
892 2469 1049 2520 inquam
1068 2487 1077 2511 ;
1102 2468 1161 2506 sed
1181 2468 1376 2506 redeamus
1397 2468 1443 2504 ad
1463 2481 1566 2510 eum,
1581 2466 1645 2517 qui
1664 2467 1746 2516 jam

349 2544 445 2569 unus
477 2531 600 2577 restat,
641 2532 919 2574 Hortensium:
962 2544 1045 2572 tum
1077 2536 1122 2572 de
1158 2533 1452 2585 nobismetipfis,
1489 2532 1672 2585 quoniam
1710 2531 1747 2568 id

1276 2600 1309 2637 E
1331 2612 1351 2636 e
1370 2612 1389 2636 e
1421 2611 1442 2637 2
