2176 2912
364 269 406 328 ¹32³

369 338 408 377 69

433 2349 495 2378 ‚23
519 2338 549 2366 in
575 2347 706 2366 eos---

619 160 914 202 VARIAE
1000 157 1569 200 LECTIONES.

459 258 468 286 1

450 278 486 337 3}
509 297 718 335 Hermagoram
734 298 755 326 B
771 297 795 326 L
810 297 850 325 W
863 299 896 331 θ’,
911 309 928 325 κ
942 298 970 326 d.

471 348 487 367 2
510 338 604 376 placet
617 339 638 366 B
656 339 680 366 L
693 338 731 366 W
743 340 776 371 9,
791 337 919 376 xplacuit

448 393 490 400 —-·
511 388 628 407 numero
644 378 664 406 Β
680 378 714 406 Μ
730 378 769 405 W
783 376 809 413 ψ
824 388 951 406 numerum

447 433 490 441 —-
511 419 610 456 reponi
626 418 650 446 L
666 418 710 447 vel
722 421 807 456 reponi
820 419 859 446 W
869 420 933 456 poni

469 468 490 494 4
511 459 547 486 est
561 461 580 486 9
595 461 645 487 erit

473 500 490 526 8
512 498 753 541 enumerationem
768 511 785 527 κ
806 499 836 526 id
847 499 892 537 est,
912 498 1078 526 enumeratio-

551 549 606 566 nt’m

454 587 465 607 ι
475 588 490 607 2
512 578 691 616 intelligetur
705 578 726 606 Β
741 579 761 607 s·
775 577 932 616 intelligitur

451 632 493 641 —-
514 618 554 646 sm
568 618 593 646 L
599 619 645 656 sin
658 629 723 646 vero

455 667 466 687 ι
476 668 490 695 3
514 657 669 686 satietatem
685 655 712 692 ψ
718 657 861 695 fastidium

451 712 493 720 —-
512 698 617 735 poterit
630 699 651 724 Sr
660 699 747 734 potuit

456 738 492 766 16
513 745 609 765 autem
624 737 649 765 L
663 738 690 764 d.

451 792 492 800 ·-
512 777 606 805 dicere
620 790 636 804 κ
650 778 717 805 dict:
733 778 779 811 (in
792 775 874 813 Mtst
888 774 980 808 ditere)

458 826 468 845 1
477 819 493 846 8
514 816 648 845 reducere
662 817 683 844 B
695 818 812 845 reducere
822 814 1033 851 (reduHurums
1042 811 1078 848 l.)

553 858 574 884 9
588 856 749 885 νειίιιέῖιινιιηι

454 907 494 927 2ο
515 897 674 926 Docuimus
689 896 744 925 hoc
757 897 789 930 3,
806 909 822 923 κ
836 895 905 924 illud
915 896 1040 924 docuimus

454 948 492 967 22
514 944 648 975 praeterea
655 937 688 965 M
693 944 824 975 praeterea
834 933 1080 975 (praeteritumsl.)

455 988 472 1007 2
478 987 491 1015 3
515 984 577 1006 tuas
592 978 612 1005 B
627 978 676 1005 has

455 1019 493 1047 26
514 1027 577 1045 eam
592 1016 668 1055 quod
687 1015 857 1045 afferebatur
870 1017 891 1044 5
906 1027 959 1045 eum
973 1018 1017 1054 qui
1030 1018 1080 1056 af-

547 1061 652 1095 feretur
666 1056 687 1084 B
703 1056 738 1084 M
755 1059 879 1095 afferetur

454 1108 492 1136 29
515 1107 579 1125 cum
596 1098 615 1124 B
632 1097 654 1124 L
670 1110 686 1123 κ
699 1105 753 1124 tum

457 1147 495 1176 30
517 1137 645 1174 quidque
661 1137 693 1164 M
707 1137 735 1163 d.

457 1188 493 1216 33
517 1177 594 1206 Nam
613 1177 636 1204 L
653 1177 686 1204 M
701 1177 838 1214 Numquid

454 1232 496 1241 —
515 1216 969 1254 avobisBxficaWSfiida

457 1267 496 1295 34
516 1257 620 1295 poffitis
636 1256 656 1283 B
666 1257 762 1293 poffltis
776 1255 995 1294 (velpofi'atisſs
1011 1255 1041 1292 l.)
1055 1256 1080 1285 L

556 1297 604 1325 vel
611 1295 721 1334 qucatis
728 1297 827 1334 pfftis
840 1310 855 1324 ιι
865 1296 969 1334 poscitis
981 1307 1020 1325 me

516 1343 549 1366 ut
561 1338 582 1365 9
597 1339 623 1365 d.

457 1346 493 1416 ³}
517 1384 546 1406 et
558 1377 583 1405 L
596 1379 623 1407 d.
643 1376 847 1406 contrariarum
862 1376 898 1405 M
912 1376 1028 1405 aliarum

478 1418 496 1446 6
518 1417 604 1446 modo
617 1418 637 1445 3
649 1422 727 1455 paeto

476 1467 494 1496 7
516 1465 701 1496 quererentur
728 1470 745 1485 κ
768 1458 934 1495 sequerentur
961 1460 1008 1493 (in
1034 1456 1079 1485 M.

575 1498 642 1532 uer.)

477 1539 495 1565 8
514 1510 626 1574 judqices
638 1537 677 1564 W
690 1538 711 1564 9
725 1538 752 1565 d.

476 1587 495 1615 9
519 1577 652 1605 omnibus
668 1576 692 1604 L
707 1578 734 1606 d.

462 1626 493 1646 11
519 1616 654 1654 quoniam
671 1616 692 1644 B
707 1628 779 1654 quom

460 1665 495 1686 12
517 1657 548 1685 id
562 1656 686 1695 eligatur
699 1657 720 1684 Β
736 1656 867 1694 deligatur
881 1658 915 1684 id

459 1699 495 1726 18
519 1696 703 1726 confirmandi
721 1697 756 1724 M
770 1698 969 1733 confirmationis

460 1747 495 1776 19
518 1737 601 1766 rebus
616 1737 651 1765 M
665 1736 727 1765 locis
741 1736 808 1771 (vel
818 1736 925 1774 rebuss.
941 1736 976 1772 l.)

454 1792 497 1800 ·—
516 1787 581 1816 quae
596 1778 629 1805 M
645 1779 689 1814 qui
711 1776 752 1813 (fi
765 1776 797 1811 1⁴)

455 1832 499 1841 —
519 1816 664 1845 attributae
679 1817 713 1844 M
727 1816 852 1845 attributi

459 1866 499 1894 24
520 1857 584 1885 Diis
598 1856 806 1885 immortalibus
820 1857 841 1884 B
857 1858 884 1885 d.

458 1907 494 1935 25
517 1897 643 1925 sumetur
658 1897 679 1926 B
694 1897 833 1933 ‚afianitur

457 1937 495 1967 26
517 1937 651 1974 responsis
666 1953 679 1959 -
695 1953 707 1959 -
724 1955 735 1961 -
751 1935 915 1966 civitatibus
933 1950 949 1965 κ
971 1937 998 1965 d.
1021 1938 1085 1975 (fid

557 1981 613 2005 inv.
626 1980 654 2005 in
668 1977 716 2012 m.)

457 2028 494 2055 27
517 2027 550 2046 ex
567 2017 588 2046 B
605 2018 637 2045 M
654 2019 680 2045 d.

459 2068 507 2096 30,
532 2067 564 2095 3¹
590 2067 624 2085 an
641 2058 674 2085 M
690 2056 717 2093 ψ
731 2065 778 2087 aut

483 2109 492 2126 1
520 2099 551 2126 fit
566 2100 676 2135 afuerit

480 2141 496 2166 8
519 2138 591 2166 hanc
607 2138 659 2165 effe
675 2155 687 2161 -
703 2155 715 2161 -
731 2156 742 2162 -
758 2138 836 2175 poffit
850 2139 870 2165 9
885 2139 914 2165 d.

462 2187 496 2208 12
519 2177 718 2214 imprudentia:
732 2180 751 2205 57
768 2179 964 2215 imprudentiam

463 2228 500 2257 14
522 2227 571 2256 per
583 2227 697 2245 manum
715 2218 748 2245 M
762 2218 800 2243 W
814 2220 845 2250 S,
861 2231 875 2245 κ
891 2227 993 2245 manum

462 2269 494 2297 15
520 2257 653 2296 aequabili
668 2260 686 2285 9
703 2257 801 2295 aequali·

462 2308 496 2335 17
520 2308 554 2326 ne
572 2298 594 2325 L
611 2311 626 2324 ι
641 2308 718 2335 neque
731 2300 750 2325 fr
767 2309 809 2325 nec

731 2337 858 2366 eruditus
879 2350 896 2365 x
916 2338 941 2365 d.
966 2339 1013 2372 (in
1036 2336 1081 2367 M.

551 2378 650 2414 scrib.)

460 2429 494 2457 25
518 2418 608 2446 claros
624 2417 650 2452 ψ
665 2429 746 2450 caros,
768 2417 851 2445 claros

459 2469 493 2495 27
517 2458 620 2497 quibus
636 2459 656 2487 B
671 2458 696 2486 L
709 2459 741 2488 Μ
756 2458 792 2486 W
807 2459 839 2492 Β,
855 2470 871 2486 κ
885 2457 977 2498 quibus
987 2467 1022 2487 ex

1204 295 1240 322 28
1263 291 1369 330 poterit
1382 293 1408 321 L
1418 297 1532 331 potuerit
1546 308 1561 323 x
1572 295 1659 333 potuit

1205 343 1242 371 29
1264 332 1327 361 aliis
1343 333 1363 361 B
1379 334 1414 362 M
1426 335 1458 368 9,
1474 332 1502 369 ψ
1515 333 1577 363 aliis
1585 335 1698 372 peccatis

1206 382 1243 411 30
1264 382 1315 411 per
1333 373 1545 403 contentionem
1568 375 1603 403 M
1622 382 1671 412 per
1691 374 1827 401 contentio·

1302 424 1356 441 nem
1370 415 1631 452 (comparationems
1646 414 1679 449 l.)
1696 413 1735 441 W
1756 414 1788 447 9,
1809 425 1828 439 2

1301 460 1348 490 per
1361 458 1572 491 comparationem

1229 502 1239 521 1
1266 493 1383 530 perinde
1396 495 1417 521 B
1428 497 1534 531 proinde

1225 544 1240 570 5
1265 532 1363 570 primis
1380 533 1403 560 L
1417 535 1448 566 9,
1464 537 1603 571 „primum

1225 572 1244 601 6
1265 573 1391 600 evenerit
1403 573 1427 600 L
1443 573 1481 599 W
1497 587 1513 600 κ
1527 576 1630 602 ‘venerit

1210 621 1244 641 10
1266 611 1389 640 referant
1404 613 1425 640 B
1440 613 1562 649 adferant

1209 661 1219 680 1
1229 661 1244 687 7
1266 659 1294 680 et
1309 665 1325 679 κ
1339 652 1366 680 d.

1208 701 1243 729 25
1268 698 1296 720 et
1311 702 1386 720 nunc
1399 706 1416 720 »z
1429 701 1453 721 et
1466 704 1531 721 nunc
1539 701 1587 731 per
1600 703 1672 731 quem

1207 732 1246 760 26
1268 731 1404 761 tribuitur
1419 733 1453 761 M
1466 748 1494 768 κ,
1509 732 1536 769 ψ
1547 734 1713 772 distribuitur

1208 773 1245 800 28
1270 779 1300 800 ut
1314 774 1334 800 9
1350 775 1378 801 d.

1210 821 1224 849 3
1234 821 1243 839 1
1270 813 1396 850 Quartus
1410 815 1431 842 3
1444 815 1564 851 Qartus
1577 815 1643 843 locus
1656 815 1690 852 est

1207 867 1249 874 -—
1269 852 1423 882 illiberales
1438 868 1454 881 κ
1472 858 1500 882 in
1514 854 1632 883 hbe-mles

1211 901 1247 930 32
1269 892 1396 931 indignae
1411 895 1432 922 B
1447 896 1558 932 indigna
1577 894 1703 932 (corrig.)
1731 892 1766 921 M
1789 894 1834 921 in·

1310 934 1392 971 digna

1210 981 1246 1010 33
1270 982 1339 1010 quas
1354 973 1376 1001 B
1392 974 1416 1002 L
1432 974 1466 1002 M
1481 985 1570 1012 nquae

1207 1026 1250 1034 ·—
1270 1012 1333 1050 paffi
1348 1015 1369 1041 3
1378 1015 1449 1051 paffi
1458 1015 1530 1051 ffnt

1207 1067 1249 1074 -·
1268 1052 1305 1080 est
1319 1055 1351 1086 9,
1367 1067 1384 1081 κ
1398 1056 1425 1082 d.

1212 1101 1250 1130 34
1270 1101 1413 1130 ponentur
1438 1094 1461 1123 B
1487 1093 1511 1122 L
1536 1093 1571 1122 M
1591 1094 1631 1122 W
1654 1095 1688 1129 9,
1711 1102 1838 1134 xponun·

1311 1141 1357 1162 tur

1232 1182 1248 1211 3
1270 1172 1300 1201 id
1316 1173 1338 1201 B
1352 1175 1384 1202 id
1386 1174 1418 1210 se

1230 1212 1249 1241 6
1271 1212 1387 1243 videant
1400 1228 1416 1242 x
1430 1216 1551 1243 viderint

1232 1262 1249 1290 7
1271 1253 1396 1282 Oilavus
1412 1255 1436 1283 L
1452 1255 1575 1284 Ollavut
1588 1256 1676 1284 modus

1234 1302 1244 1321 1
1271 1300 1319 1322 aut
1334 1303 1391 1323 non
1406 1313 1418 1318 -
1434 1313 1447 1319 -
1463 1313 1474 1319 -
1489 1295 1648 1333 oportuerit
1661 1309 1678 1325 κ
1691 1297 1718 1326 d.
1735 1297 1835 1335 (scrib.

1310 1337 1339 1362 in
1352 1335 1410 1368 M.)

1232 1383 1250 1411 9
1271 1373 1331 1410 ejus
1347 1375 1475 1413 spiritum
1490 1376 1644 1413 &spiritum

1216 1423 1246 1442 ιι
1272 1414 1301 1442 in
1312 1422 1391 1482 ltvelrra
1410 1433 1422 1440 -
1437 1432 1450 1440 -
1464 1433 1476 1439 -
1492 1433 1504 1439 -
1520 1416 1619 1453 ltaque
1634 1416 1835 1447 Heracleotem

1215 1503 1224 1521 1
1234 1503 1251 1530 4
1271 1495 1376 1532 quibus
1391 1497 1411 1524 Β
1427 1496 1518 1534 quibus
1531 1496 1604 1525 rebar

1216 1543 1248 1571 15
1272 1543 1301 1562 et
1315 1536 1440 1573 aliquem
1455 1538 1485 1570 5,
1502 1551 1517 1564 »ι
1531 1546 1554 1564 et
1567 1540 1612 1574 qui
1624 1536 1734 1574 aliquem

1209 1589 1250 1596 -—
1271 1574 1431 1603 dilexerunt
1446 1590 1461 1602 κ
1475 1577 1612 1604 dilexerint

1215 1623 1246 1642 21
1274 1614 1359 1642 fratre
1373 1629 1389 1642 r.
1403 1628 1421 1643 a
1425 1617 1521 1652 fratre

1214 1664 1249 1682 22
1271 1655 1422 1684 conveniat
1435 1669 1449 1683 κ
1465 1658 1584 1684 convenit

1213 1703 1249 1732 23
1274 1693 1496 1723 benefecerimus
1525 1697 1546 1724 B
1573 1695 1678 1734 benigne
1695 1699 1837 1734 ficerimus

1314 1734 1557 1774 (benficerimuss.
1573 1735 1607 1771 I.)
1624 1750 1640 1764 κ
1656 1736 1836 1775 bem'gnefice·

1312 1786 1393 1804 rimus

1213 1828 1251 1837 —
1273 1824 1344 1852 quos

1213 1863 1252 1891 ²4
1274 1862 1304 1883 ut
1320 1855 1341 1883 Β
1357 1856 1381 1885 L
1395 1859 1424 1884 d.

1211 1909 1253 1916 —
1273 1894 1383 1925 libertis
1397 1897 1418 1925 Β
1432 1897 1522 1926 liberis

1214 1944 1252 1973 30
1273 1935 1555 1971 estBLW9,2d.

1215 1985 1251 2013 32
1274 1975 1401 2005 futurum
1417 1978 1439 2006 B
1456 1978 1480 2006 L
1495 1979 1533 2005 W
1548 1979 1580 2011 θ,
1594 1979 1741 2014 nfitturum
1754 1979 1798 2016 effi

1217 2025 1251 2053 33
1277 2018 1558 2056 quaBLquuo
1869 2036 1873 2040 ·

1234 2066 1251 2084 2
1274 2057 1447 2094 Apollonius
1462 2058 1484 2086 B
1498 2059 1521 2086 L
1533 2056 1663 2095 Appollius
1674 2058 1712 2085 W
1723 2059 1743 2086 3
1755 2058 1837 2097 Apol-

1313 2096 1364 2125 lius

1455 1815 1537 1845 servis
1552 1830 1568 1845 ιι
1581 1818 1610 1845 d.
1626 1816 1723 1854 (scrib.
1737 1820 1765 1847 in
1778 1819 1837 1853 M.)

1237 2146 1252 2173 3
1275 2143 1304 2164 et
1318 2137 1339 2164 B
1357 2138 1380 2165 L
1395 2137 1434 2164 W
1447 2138 1479 2170 3,
1495 2151 1512 2165 κ,
1525 2139 1553 2166 d.

1213 2190 1254 2198 --
1274 2184 1305 2204 ut
1321 2177 1339 2204 B
1357 2177 1381 2205 L
1394 2178 1421 2204 d.

1212 2229 1254 2237 ·-
1274 2215 1399 2244 diximus
1415 2230 1430 2244 ιι
1444 2218 1534 2255 dixffl

1211 2270 1254 2279 --
1274 2263 1302 2285 et
1316 2256 1380 2285 satis
1396 2264 1427 2285 ut
1440 2257 1572 2286 videmur
1595 2257 1631 2286 de
1654 2266 1710 2286 om.
1737 2261 1790 2287 διε.
1815 2259 1836 2287 S

1305 2297 1378 2333 satis
1397 2298 1469 2325 nihil
1491 2301 1567 2326 citiur
1591 2299 1713 2327 videmur
1736 2300 1766 2326 de
1788 2310 1836 2327 om,

1309 2345 1374 2374 par.
1391 2349 1428 2366 or.
1444 2339 1534 2375 dixiffi»
1547 2337 1573 2374 ψ
1587 2340 1689 2377 effatis
1703 2346 1733 2368 ut
1745 2338 1772 2370 d.

1234 2385 1253 2413 4
1274 2377 1388 2415 longius
1403 2379 1422 2404 5
1433 2378 1579 2418 perlongius

1229 2427 1244 2456 5
1269 2416 1404 2457 deinceps
1417 2419 1437 2448 2
1452 2419 1482 2457 d,
1603 2428 1607 2433 ’
