2176 2912
389 261 421 289 P.

390 302 428 334 99

404 1020 460 1040 100

411 1699 462 1719 101

646 156 938 200 VARIAE
1028 150 1586 197 LECTIONES²

483 255 511 331 ξ,
531 302 613 323 erunt
629 294 649 322 B
665 294 699 323 Μ
714 295 753 322 W
766 296 868 322 inerunt

1147 261 1177 289 p.

1151 300 1201 319 101

1240 250 1261 278 l.

1230 299 1267 328 34
1288 288 1457 328 pertinuerit
1476 301 1492 317 κ
1501 290 1613 327 pertinet

491 335 510 364 6
532 335 599 364 faeti
613 339 635 368 θ,
649 348 664 362 κ
685 344 709 364 et
723 331 1092 372 faeti—inutilitatem
1152 339 1207 360 102
1255 340 1263 358 1
1289 330 1435 358 vindicata
1447 329 1590 368 ejudicata

574 376 611 401 W
625 378 636 402 θ
651 374 791 403 utilitatem

493 416 509 442 8
530 414 624 452 putari
637 418 648 441 θ
659 423 755 452 putare

478 465 510 491 13
533 463 582 483 aut
597 455 662 482 hon.
679 455 712 483 M
728 462 804 492 atque
818 454 877 482 bon.

478 504 510 531 ¹5
534 495 609 522 idem
624 507 640 521 κ
654 496 738 522 eadem

476 544 486 562 ι
496 535 512 562 6
535 533 658 562 faciendi
672 548 688 561 κ
698 534 844 571 perficiendi

478 584 513 612 ¹9
534 574 668 602 Curiatiis
683 574 704 601 B
721 574 744 602 L
760 574 794 602 M
810 573 848 600 W
862 575 884 606 θ,
900 584 916 600 κ
941 571 1095 600 Curiaeibm-

476 623 514 642 20
537 614 565 642 Is
580 618 591 641 θ
607 615 634 642 Is
653 624 728 651 quum

478 664 514 682 22
536 652 658 681 Curiatii
673 654 694 681 B
712 653 736 680 L
751 652 784 679 M
796 651 858 677 We
874 650 993 678 Curiati:

477 703 515 727 24
537 691 673 730 Depulfio
688 692 725 720 est
740 704 755 719 κ
770 690 876 728 depulfio

477 732 515 761 26
537 732 656 760 fratrum
670 735 680 759 θ
686 734 811 769 fratrum
826 738 947 759 naturam

478 774 513 801 28
535 781 592 809 qua
608 772 628 799 B
644 771 668 799 L
683 785 699 799 κ
713 782 759 810 quo

476 827 517 834 —
537 812 568 840 fit
581 815 592 838 ο
606 813 640 848 qs}

479 862 516 890 29
539 851 574 879 de
587 855 608 884 θ,
626 864 652 885 x,
667 849 694 885 ψ
710 850 737 879 d.

479 901 514 930 35
537 891 644 919 crimen
660 891 692 919 M
704 890 781 928 culpa

477 947 519 954 —
540 930 707 960 transfertur
722 931 743 959 Β
761 931 784 959 L
799 930 833 958 M
849 930 887 957 W
900 933 922 963 θ,
949 941 964 956 κ
988 928 1102 965 transfe-

505 1021 520 1039 2
544 979 692 1048 suggerit
705 1013 716 1037 θ
722 1009 870 1047 susceperat

499 1052 518 1079 6
539 1051 663 1088 potuerit
677 1050 715 1077 W
729 1054 740 1077 θ
749 1052 890 1087 potueritne

484 1100 520 1119 10
541 1090 639 1118 haberi
654 1103 670 1116 κ
682 1090 709 1117 d.
732 1092 778 1124 (in
792 1088 981 1127 marg.strib.)

485 1140 515 1159 11
542 1128 749 1167 impudentiam
773 1128 959 1157 demonstrare
978 1141 994 1155 κ
1007 1131 1104 1165 impru-

580 1171 693 1197 dentiam
707 1171 845 1206 monstrare

486 1219 522 1248 ¹9
542 1209 671 1238 voluisset
685 1209 706 1237 Β
722 1208 749 1243 ψ
763 1208 886 1246 valugffit

481 1265 523 1272 —
544 1248 701 1287 quidquam
717 1249 750 1276 M
765 1250 793 1277 d.

484 1300 522 1318 20
542 1289 636 1317 fuisset
649 1289 746 1328 Osuffl

484 1340 522 1358 22
542 1338 590 1357 reo
605 1329 639 1357 M
653 1340 678 1357 eo

485 1379 524 1407 24
544 1379 579 1397 ne
595 1369 629 1396 de
644 1372 655 1396 θ
669 1379 712 1398 nec

483 1424 524 1432 —-
544 1409 677 1447 potuiffet
691 1410 712 1437 Β
728 1408 763 1437 Μ
775 1408 813 1435 W
825 1411 836 1435 ο
851 1406 901 1446 ipst
910 1406 1027 1445 potu-gfflt

486 1459 522 1487 25
546 1452 664 1478 neenec
771 1448 895 1476 inLad

487 1489 524 1519 26
547 1490 610 1528 lege
626 1502 643 1516 κ
656 1491 685 1517 d.

487 1539 525 1568 ²9
548 1529 730 1557 transferetur
745 1542 760 1555 κ
775 1529 953 1565 transferatur

486 1578 524 1606 30
545 1568 571 1596 se
585 1568 709 1605 Lremst
723 1568 856 1604 Mserem

489 1618 521 1647 3¹
548 1608 577 1636 id
591 1612 602 1635 θ
616 1609 644 1636 d.

489 1658 525 1687 35
547 1648 719 1676 inducentur
731 1660 747 1674 κ
761 1646 915 1674 inducuntur

510 1699 526 1717 2
548 1687 633 1716 refert
649 1688 683 1715 M
698 1687 737 1714 W
751 1690 774 1721 θ,
790 1699 806 1713 ιι
820 1687 911 1723 rgfbret

509 1739 525 1766 3
549 1728 676 1766 culpam,
695 1734 723 1755 et
737 1740 754 1754 κ
768 1725 868 1763 culpam

506 1779 527 1806 4
549 1768 630 1801 seret,
647 1767 745 1804 junfta
758 1766 947 1805 ojuntiafiret

507 1818 525 1845 7
547 1814 579 1837 ut
593 1820 609 1836 ιι.
623 1815 651 1836 ut
663 1815 689 1835 et

491 1857 523 1877 ιι
548 1846 738 1876 demonstrant
751 1846 789 1873 W
801 1845 983 1882 demonstratur

492 1898 502 1917 1
512 1898 526 1916 2
547 1886 694 1916 levabitur
706 1890 730 1920 θ,
743 1899 761 1914 κ
774 1885 950 1914 alleviabitur

492 1938 528 1964 ¹4
548 1926 656 1956 homini
671 1940 687 1954 κ
701 1928 729 1955 d.
753 1925 799 1963 (in
813 1936 897 1963 marg.
905 1922 1005 1960 scrib.)

491 1970 526 1997 18
548 1966 695 2005 pervenire
708 1966 730 1994 B
743 1968 834 1995 venire

490 2017 529 2037 20
550 2008 596 2036 hic
612 2007 646 2035 M
664 2007 709 2034 hoc

489 2057 522 2077 21
547 2048 589 2076 ita
601 2051 612 2075 e
626 2048 653 2075 d.

491 2098 528 2118 22
551 2096 608 2116 non
622 2086 709 2115 modo
723 2090 734 2114 θ
749 2087 776 2115 d.

493 2137 528 2164 23
552 2127 703 2165 expectare
717 2127 738 2154 B
751 2128 884 2162 expectari

491 2181 531 2190 -—
552 2167 644 2195 Locus
659 2179 675 2194 ιι
689 2168 774 2195 Locus
787 2172 872 2194 autem

492 2217 507 2236 2
514 2216 528 2246 5
552 2213 698 2243 comparet
711 2207 731 2233 9
745 2212 877 2243 comparat
888 2212 912 2232 et

493 2257 529 2283 27
551 2246 611 2283 ejus
627 2246 661 2273 M
675 2247 727 2282 ejus
742 2244 811 2282 (vel
822 2245 909 2280 cums.
924 2243 960 2277 l.)

492 2290 528 2316 28
551 2285 712 2324 indignatio
730 2298 748 2312 κ
761 2284 904 2322 indignatio
918 2286 952 2322 Ψ

492 2336 531 2365 29
553 2326 600 2355 Ab
615 2324 760 2354 defensore
774 2338 789 2353 z
803 2324 847 2354 Ab
863 2324 987 2363 defensore
999 2325 1033 2362 est

491 2382 531 2390 --
551 2364 715 2404 conquestio
726 2364 747 2392 B
760 2365 792 2393 M
803 2364 841 2392 W
851 2369 875 2399 θ,
891 2365 954 2402 »sici
962 2364 1113 2403 conquestio-

592 2416 620 2435 ne
633 2404 658 2442 ψ
664 2405 711 2442 fici
721 2407 855 2444 conquestio

1163 1094 1216 1123 ¹03

1251 379 1265 408 3
1290 369 1452 417 dimovetur
1472 369 1496 397 L
1511 373 1653 397 removetur
1673 378 1754 387 —-
1776 363 1811 393 Id
1834 377 1852 394 κ

1252 459 1266 487 ς
1289 409 1428 486 εκέῐῖιὲἷο
1442 462 1457 477 ιι
1476 447 1614 486 exemplum

1230 503 1271 512 -—-
1291 489 1423 528 legarunt
1447 489 1468 516 B
1490 488 1525 516 M
1548 487 1666 526 legarunt
1681 483 1748 522 (vel
1758 483 1854 523 legatos

1331 530 1452 565 mifirunt
1458 528 1486 563 ſs
1500 527 1532 562 Ι.)

1251 567 1270 595 6
1291 567 1442 604 oportebat
1455 569 1475 595 θ
1495 574 1617 604 oporteret

1255 608 1271 634 8
1294 607 1431 644 Depulfio
1444 606 1481 634 est
1496 607 1518 634 B
1538 605 1657 644 Depulst‘o

1237 655 1273 675 ιο
1294 646 1329 674 ab
1345 646 1488 685 Qaestore
1502 659 1518 674 κ
1532 646 1558 674 d.

1237 696 1271 724 19
1293 687 1330 714 ad
1343 687 1382 714 W
1397 687 1423 714 d.

1236 735 1274 755 20
1295 726 1374 755 illius
1388 726 1427 754 W
1441 730 1453 753 θ
1467 725 1506 754 ad
1515 724 1589 753 illius

1237 775 1251 794 2
1260 775 1270 794 1
1294 775 1438 804 quemque
1451 779 1468 793 κ
1483 776 1576 804 quoque

1237 815 1274 835 22
1296 806 1372 834 hunc
1386 819 1402 834 κ
1417 807 1482 834 hunc
1496 806 1550 833 ideo

1239 856 1255 874 2
1261 855 1274 884 ς
1297 853 1397 874 caetera
1412 846 1446 874 M
1461 846 1500 874 W
1513 849 1525 873 θ
1539 854 1562 874 et
1574 851 1671 874 caelera

1236 900 1277 908 -·
1298 884 1474 923 pertrastarit
1488 885 1523 913 M
1535 888 1698 914 tranaverit

1239 928 1277 955 28
1298 925 1416 963 potuisse
1431 925 1465 953 M
1479 927 1607 963 oportuiffl

1239 975 1277 1004 29
1299 965 1424 1003 potuerit
1440 966 1473 993 M
1489 967 1627 1003 oportuerit

1241 1015 1278 1043 30
1301 1005 1342 1032 vis
1356 1009 1367 1033 θ
1382 1007 1408 1034 d.
1450 1005 1598 1042 implicata
1612 1018 1639 1038 κ,
1654 1002 1680 1038 ψ
1695 1002 1824 1041 implicita

1241 1055 1275 1083 33
1299 1045 1463 1073 convenerit
1478 1046 1512 1072 M
1527 1047 1688 1073 convenerint

1262 1095 1277 1113 2
1301 1084 1525 1112 confirmandum
1542 1085 1576 1112 M
1591 1082 1804 1121 demonstrandum
1817 1082 1853 1119 est

1261 1124 1279 1152 6
1301 1131 1409 1153 certum
1423 1138 1439 1152 κ
1454 1126 1482 1152 d.
1505 1127 1551 1159 (in
1564 1124 1607 1152 M.
1616 1122 1714 1161 scrib.)

1261 1173 1278 1202 7
1300 1171 1331 1192 ut
1345 1168 1357 1192 θ
1370 1165 1397 1192 d.
1431 1164 1495 1193 ess'et
1511 1178 1526 1192 κ
1540 1165 1569 1192 d.
1604 1167 1651 1200 (in
1665 1160 1815 1198 M.strib.)

1261 1214 1281 1243 9
1301 1204 1466 1272 deffllfione
1479 1218 1495 1233 z
1509 1205 1644 1243 dfirfione
1662 1202 1816 1241 (depulfione
1836 1203 1866 1230 in

1378 1266 1384 1272 .
1394 1244 1492 1281 scrib.)

1245 1292 1280 1312 10
1301 1285 1472 1313 convenient
1486 1284 1521 1313 M
1539 1286 1693 1313 conveniunt

1246 1333 1256 1352 1
1268 1334 1277 1352 1
1304 1324 1363 1362 post
1378 1325 1402 1352 L
1417 1325 1450 1352 M
1465 1329 1476 1352 θ
1492 1327 1519 1353 d.

1246 1373 1257 1392 1
1267 1374 1281 1392 2
1305 1363 1426 1402 utrisque
1450 1365 1470 1392 B
1486 1365 1509 1393 L
1524 1363 1559 1392 M
1574 1366 1674 1401 utrique
1687 1365 1737 1398 (in
1749 1362 1771 1390 B
1786 1361 1864 1399 lit.fi

1343 1404 1418 1440 erasa
1451 1407 1485 1443 ist
1518 1404 1553 1432 ab
1586 1405 1668 1432 eadem
1700 1411 1728 1431 ut
1756 1404 1867 1431 videtur

1343 1446 1437 1478 manu)

1248 1493 1257 1511 1
1268 1493 1281 1520 3
1307 1484 1345 1511 Hi
1362 1489 1383 1517 θ,
1400 1498 1414 1511 »ι
1430 1486 1482 1512 Hic
1497 1486 1542 1519 (in
1557 1495 1641 1521 marg.
1657 1496 1672 1510 κ
1688 1481 1832 1520 Hiscrib.)

1242 1538 1283 1545 ·-
1303 1524 1442 1552 certiffimi
1459 1525 1478 1552 B
1497 1525 1518 1551 L
1534 1524 1565 1551 M
1581 1524 1711 1559 certiffime

1249 1573 1284 1599 ¹4
1306 1563 1457 1591 defensoris
1476 1565 1506 1591 Μ
1522 1564 1657 1601 dfitgsbris
1670 1573 1734 1590 vero

1244 1617 1285 1625 -—-
1305 1603 1407 1640 inipso
1422 1604 1442 1631 B
1460 1604 1492 1630 M
1509 1604 1545 1628 W
1562 1607 1584 1636 θ,
1603 1616 1618 1629 κ
1632 1611 1679 1630 aar
1694 1605 1723 1629 in
1737 1603 1787 1639 ipso
1803 1600 1827 1628 L
1842 1609 1869 1629 et

1343 1646 1371 1670 in
1384 1645 1433 1680 1⁴pr

1250 1692 1282 1720 ¹5
1306 1693 1385 1712 reum
1401 1682 1458 1718 13st
1474 1682 1650 1718 (t'elreums.
1663 1682 1696 1716 l.)
1715 1681 1788 1717 Mse

1249 1722 1285 1750 16
1306 1732 1398 1760 neque
1413 1723 1447 1751 M
1464 1722 1539 1757 (bis)
1555 1729 1603 1749 aut

1250 1771 1283 1798 ¹7
1306 1761 1661 1800 fitefit—fibiMd.

1250 1812 1284 1840 ¹9
1307 1802 1452 1840 quondam
1467 1802 1500 1830 M
1517 1802 1544 1829 α’.

1245 1856 1287 1864 -
1306 1842 1410 1870 nobilis
1427 1843 1449 1870 L
1461 1841 1613 1880 praenobili:

1249 1891 1284 1910 22
1307 1883 1344 1910 est
1358 1896 1374 1910 κ
1389 1884 1416 1910 d.

1248 1931 1284 1959 ²3
1307 1922 1444 1960 Depulfio
1459 1921 1496 1950 est
1509 1922 1530 1950 B
1544 1920 1582 1948 W
1595 1923 1606 1947 θ
1621 1919 1741 1958 Depulsio

1245 1977 1287 1984 —
1307 1962 1424 2000 quaestio
1438 1962 1475 1990 est
1490 1975 1506 1989 »ι
1520 1962 1624 1999 quaestio

1246 2017 1288 2024 —
1308 2010 1473 2040 oporteatne
1488 2003 1522 2030 M
1535 2002 1703 2038 oportueritne

1249 2051 1288 2078 24
1309 2043 1365 2071 fuit
1379 2043 1400 2070 B
1414 2044 1442 2071 d.

1246 2096 1287 2104 -·
1308 2091 1360 2110 nec
1375 2096 1390 2109 κ
1404 2088 1454 2110 au!

1250 2131 1265 2149 2
1271 2131 1286 2160 ς
1309 2122 1398 2149 aetatis
1413 2122 1435 2149 B
1452 2135 1466 2149 n
1479 2122 1569 2148 aetatis
1581 2130 1628 2147 non
1640 2117 1724 2147 habui

1249 2170 1285 2198 27
1310 2162 1446 2189 Attamen
1461 2164 1483 2194 θ,
1497 2174 1513 2187 κ
1528 2160 1564 2187 At
1579 2161 1644 2187 enim

1247 2214 1288 2223 ·-
1308 2210 1337 2229 es
1352 2205 1375 2234 θ,
1390 2215 1417 2234 κ,
1433 2200 1559 2238 *insanus
1573 2208 1597 2227 ex

1250 2249 1287 2278 30
1309 2240 1488 2269 dedendusne
1503 2240 1527 2268 L
1541 2239 1580 2267 W
1593 2242 1605 2266 θ
1619 2238 1742 2267 dedendus

1250 2290 1282 2318 3¹
1309 2291 1325 2309 a
1339 2294 1355 2308 κ
1369 2292 1424 2309 cum
1530 2279 1584 2307 hoc
1598 2279 1633 2307 M
1648 2277 1697 2306 loco

1249 2330 1287 2359 34
1307 2321 1447 2350 voluntati
1461 2325 1473 2348 θ
1487 2319 1629 2348 voluntatis

1250 2371 1264 2399 3
1271 2370 1285 2398 ς
1309 2360 1486 2400 intelligetur
1500 2363 1512 2388 θ
1524 2358 1680 2397 intelligitur

1172 2410 1228 2440 ¹04
1272 2410 1287 2430 2
1310 2401 1499 2432 demonstrare
1510 2400 1549 2430 W
1562 2400 1702 2439 monstrare
