2176 2912
436 205 516 248 394
779 193 910 233 DE
1025 191 1503 233 CLAkrs

433 287 521 325 loco
552 293 677 332 natus,
707 294 745 324 et
778 285 958 332 honores,
999 294 1038 326 et
1073 286 1289 340 pecuniam,
1331 295 1370 324 et
1402 285 1564 340 gratiam
1597 284 1841 331 consecutus,

433 353 551 390 etiam
581 353 621 390 in
642 362 908 405 patronorum,
939 352 1016 391 fine
1047 352 1232 397 doetrina‚
1264 353 1340 390 fine
1371 352 1540 405 ingenio,
1571 351 1743 404 aliquem
1764 365 1841 389 nu-

433 431 586 456 merum
607 427 839 471 pervenerat.
901 418 971 457 Sed
991 427 1033 456 ut
1053 418 1202 470 pugiles
1222 418 1473 463 inexercitati,
1504 417 1620 455 etiam
1641 417 1666 454 fi
1687 430 1841 470 pugnos

433 493 471 521 et
490 484 635 537 plagas,
666 485 945 537 Olympiorum
965 485 1112 538 cupidi,
1144 483 1241 522 ferre
1260 485 1427 538 possunt,
1458 484 1577 522 solem
1598 492 1726 521 tamen
1746 483 1841 535 saepe

432 549 529 588 ferre
549 564 627 589 non
647 551 800 604 poffunt
812 569 824 596 3
847 551 896 589 fic
916 550 996 596 ille,
1013 548 1104 588 ciun
1125 552 1234 588 omni
1249 552 1332 602 jam
1352 549 1507 588 fortuna
1525 550 1700 602 prospere
1720 548 1839 587 func-
1898 548 1901 549 ⁷

432 625 493 654 tus
515 616 662 655 labores
683 618 798 655 etiam
820 630 979 668 magnos
1010 616 1227 669 excepifl'et‚
1254 616 1359 653 illius
1374 616 1570 668 judicialis
1591 615 1682 653 anni
1702 615 1840 654 severi-

432 691 563 728 tatem,
586 684 689 736 quafi
711 683 844 728 solem,
867 696 945 721 non
964 682 1069 721 tulit.

488 752 598 788 Turn
633 751 803 795 Atticus,
839 751 907 788 Tu
938 749 1098 802 quidem
1128 748 1174 786 de
1208 748 1313 793 faece,
1346 749 1488 801 inquit,
1534 747 1677 794 hauris,
1722 748 1840 800 idque

424 817 660 869 jamdudum
676 835 688 862 3
734 816 796 854 sed
830 815 1031 854 tacebam:
1073 815 1150 854 hoc
1180 829 1271 855 vero
1302 829 1378 854 non
1408 815 1606 869 putabam,
1648 824 1686 853 te
1719 814 1840 868 usque

431 884 477 920 ad
508 884 678 922 Stalenos
707 892 747 922 et
773 884 984 921 Autronios
1020 881 1090 921 effe
1119 891 1343 921 venturum.
1401 883 1499 921 Non
1516 890 1628 935 puto,
1659 882 1836 934 inquam,

429 949 645 988 existimare
676 958 726 995 te,
757 949 969 987 ambitione
1000 962 1063 987 me
1086 948 1177 993 labi,
1209 949 1353 1001 quippe
1373 949 1420 986 de
1451 947 1614 986 mortuis
1631 966 1643 992 3
1676 947 1738 985 sed
1770 962 1837 986 or-

429 1015 562 1055 dinem
591 1016 752 1069 sequens
783 1015 823 1053 in
844 1015 1076 1054 memoriam
1106 1025 1240 1054 notam
1270 1024 1306 1053 et
1333 1015 1519 1067 aequalem
1540 1012 1743 1052 necessario
1771 1014 1836 1052 in-

428 1095 555 1121 curro.
615 1082 718 1121 Volo
737 1090 867 1120 autem
897 1080 972 1120 hoc
1002 1080 1179 1134 perspici,
1210 1081 1392 1119 omnibus
1422 1080 1661 1132 conquisitis,
1696 1080 1765 1133 qui
1794 1081 1837 1119 in

428 1148 682 1187 multitudine
702 1148 828 1186 dicere
847 1148 923 1186 ausi
944 1147 1030 1192 sint,
1054 1146 1241 1185 memoria
1260 1146 1420 1199 quidem
1443 1147 1581 1199 dignos
1599 1158 1806 1199 perpaucos
1819 1164 1833 1192 3

427 1228 576 1260 verum,
608 1215 677 1268 qui
709 1214 872 1253 omnino
907 1227 1051 1252 nomen
1081 1212 1302 1258 habuerint,
1333 1226 1412 1251 non
1445 1213 1497 1251 ita
1529 1211 1675 1250 multos
1708 1211 1836 1254 fuisse.

427 1282 499 1320 Sed
519 1282 565 1320 ad
585 1282 800 1320 sermonem
819 1281 1041 1320 institutum
1061 1289 1309 1319 revertamur.

486 1348 617 1387 LXX.
640 1349 693 1387 T.
714 1349 952 1400 Torquatus,
972 1348 1026 1386 T.
1044 1347 1162 1393 filius,
1187 1356 1226 1386 et
1245 1346 1378 1385 doetus
1399 1347 1456 1385 vir
1475 1359 1522 1384 ex
1542 1345 1699 1384 Rhodia
1718 1346 1834 1385 disci-

426 1415 531 1466 plina
550 1414 742 1460 Molonis,
759 1424 797 1452 et
815 1428 836 1452 a
855 1414 1048 1452 naturaad
1068 1414 1279 1452 dicendum
1297 1413 1381 1453 satis
1402 1412 1562 1458 solutus,
1579 1422 1694 1465 atque
1713 1427 1833 1466 expe-

425 1481 530 1536 ditus
581 1482 663 1534 (cui
695 1482 721 1520 fi
741 1481 819 1520 vita
846 1480 1165 1534 suppeditavisset,
1201 1480 1349 1519 sublato
1369 1480 1521 1518 ambitu
1543 1479 1688 1518 Consul
1709 1479 1833 1519 fastus

423 1511 542 1601 esset}7
560 1548 647 1601 plus
667 1547 861 1586 facultatis
881 1547 1018 1585 habuit
1038 1548 1084 1585 ad
1105 1547 1329 1591 dicendum,
1351 1560 1469 1599 quam
1485 1547 1707 1584 voluntatis.
1751 1548 1830 1584 Ita-

425 1628 500 1667 que
520 1614 644 1652 studio
663 1612 757 1651 huic
777 1627 855 1651 non
878 1612 1058 1650 satisfecit
1074 1631 1085 1657 3
1117 1613 1247 1650 officio
1267 1626 1354 1650 vero
1375 1625 1444 1649 nec
1465 1613 1505 1649 in
1527 1612 1682 1650 suorum
1699 1612 1830 1650 neces-

423 1681 607 1719 sariorum
626 1680 760 1726 caufis,
791 1693 860 1717 nec
880 1680 919 1717 in
940 1678 1124 1717 sententia
1144 1678 1325 1717 senatoria
1344 1677 1482 1716 defuit.

478 1748 611 1786 Etiam
632 1748 697 1786 M.
719 1746 936 1791 Pontidius,
968 1746 1169 1798 municeps
1190 1745 1327 1790 noster,
1360 1745 1500 1783 multas
1522 1745 1682 1798 privatas
1702 1745 1830 1784 causas

422 1815 605 1860 actitavit,
637 1814 809 1852 celeriter
838 1813 921 1851 sane
942 1813 1055 1850 verba
1088 1812 1259 1857 volvens,
1291 1826 1360 1850 nec
1386 1811 1503 1849 hebes
1533 1812 1574 1849 in
1604 1812 1736 1857 causis,
1768 1812 1829 1850 vel

422 1882 563 1926 dicam,
585 1881 672 1935 plus
692 1881 809 1919 etiam
830 1893 947 1932 quam
982 1892 1059 1917 non
1084 1878 1216 1924 hebes,
1246 1878 1309 1917 sed
1328 1878 1573 1917 effervescens
1604 1879 1644 1916 in
1664 1879 1831 1917 dicendo

421 1947 619 1987 stomacho
651 1947 760 2000 saepe,
792 1946 1064 1998 iracundiaque
1101 1945 1399 1990 vehementius3
1445 1954 1488 1983 ut
1522 1959 1599 1983 non
1630 1959 1724 1983 cum
1757 1946 1827 1982 ad-

421 2015 579 2052 versario
611 2006 750 2058 solufn,
795 2012 857 2051 sed
897 2013 1014 2050 etiam
1051 2011 1172 2064 (quod
1211 2012 1388 2049 mirabile
1423 2011 1528 2062 effet)
1567 2024 1659 2048 cum
1692 2010 1827 2062 judice

421 2081 515 2133 ipso,
545 2081 655 2133 cujus
688 2079 869 2118 delinitor
899 2078 970 2116 effe
1003 2078 1117 2116 debet
1147 2087 1284 2122 orator,
1324 2078 1456 2129 jurgio
1484 2077 1578 2129 saepe
1613 2076 1826 2114 contende-

420 2156 490 2184 ret.
550 2147 613 2184 M.
638 2144 812 2184 Messalla
842 2145 971 2182 minor
1005 2152 1111 2188 natu,
1142 2156 1260 2195 quam
1291 2156 1374 2188 nos,
1406 2142 1515 2180 nullo
1551 2141 1668 2180 modo
1697 2142 1825 2195 inops,

420 2213 481 2251 sed
511 2226 587 2250 non
609 2212 726 2249 nimis
747 2219 900 2248 ornatus
931 2222 1067 2262 genere
1087 2209 1292 2247 verborum
1308 2227 1320 2254 3
1353 2208 1532 2261 prudens,
1563 2217 1711 2252 acuum,
1744 2209 1823 2246 mi-

420 2280 524 2317 nime
544 2280 735 2322 incautus,
766 2286 946 2330 patronus
982 2275 1020 2314 in
1041 2275 1157 2313 causis
1178 2274 1450 2328 cognoscendis
1471 2274 1826 2328 componendisque

419 2346 597 2398 diligens,
642 2344 774 2396 magni
809 2342 963 2387 laboriS‚
1008 2341 1142 2381 multae
1187 2354 1322 2394 operae,
1368 2342 1659 2393 multarumque
1693 2341 1824 2379 causa-

418 2426 519 2450 rum.

474 2480 568 2517 Duo
600 2478 717 2516 etiam
753 2476 922 2520 Metelli,
956 2475 1069 2514 Celer
1095 2484 1133 2513 et
1153 2474 1302 2527 Nepos,
1334 2474 1433 2512 nihil
1465 2475 1504 2512 in
1537 2473 1652 2513 caufis
1673 2473 1820 2518 versati,

417 2558 488 2584 nec
509 2546 585 2584 fine
604 2543 775 2599 ingenio,
810 2557 881 2583 nec
901 2542 1060 2590 indoffi,
1090 2541 1166 2581 hoc
1187 2550 1291 2581 erant
1320 2541 1503 2595 populare
1523 2540 1673 2580 dicendi
1700 2551 1822 2593 genus
