2176 2912
474 193 795 235 LIBER
870 190 1443 231 SECUNDUS.
1591 204 1661 244 123

322 289 419 329 Loci
450 300 678 327 communes
705 299 725 324 a
757 285 1061 329 ratiocinatione,
1092 293 1265 337 oportere
1296 282 1513 335 conjecf‘curzi
1541 296 1587 322 ex
1619 297 1663 321 eo

265 355 372 408 quod
401 355 602 407 scriptum,
647 352 694 390 ad
726 351 768 389 id
797 351 901 403 quod
933 364 1012 389 non
1046 350 1090 388 s1t
1120 350 1320 402 scriptum,
1363 349 1557 401 pervenire
1574 363 1582 386 :
1626 358 1663 386 et

265 422 464 460 neminem
477 420 579 473 poss‘e
598 432 732 457 omnes
749 432 806 456 res
827 431 893 471 per
909 417 1135 470 scripturam
1156 416 1350 468 ampleffi,
1366 415 1426 452 sed
1446 428 1536 452 eum
1552 429 1663 453 com-

262 486 483 525 modiffirne
503 486 677 531 scribere,
706 485 778 538 qui
798 493 919 529 curet,
941 493 985 520 ut
1004 483 1180 535 quaedam
1200 496 1246 520 ex
1267 480 1497 533 quibusdam
1518 481 1663 518 intelli—

264 562 416 606 gantur.
449 554 595 591 Contra
609 552 967 596 ratiocinationem;
998 549 1220 602 hujusmodi
1241 549 1499 600 conjecturam
1516 546 1663 584 divina-

264 620 413 657 tionem
432 619 518 665 effe,
540 629 578 657 et
598 619 703 657 stulti
719 618 912 672 scriptoris
933 617 1017 662 effe,
1053 630 1131 654 non
1152 615 1252 669 posse
1272 613 1455 653 omnibus
1487 613 1533 651 de
1554 613 1663 650 rebus

263 699 408 731 cavere,
438 687 581 739 quibus
601 686 708 724 velit.

320 754 391 792 LI.
424 753 615 792 Definitio
634 753 700 798 est,
716 766 810 790 cum
831 753 871 790 in
890 751 1032 804 scripto
1050 750 1213 788 verbum
1233 747 1391 801 aliquod
1409 747 1463 785 est
1480 747 1661 800 positum,

263 822 375 873 cujus
395 821 443 858 de
462 821 500 859 vi
520 821 717 874 quaeritur,
749 819 824 859 hoc
843 819 961 857 modo
975 837 986 863 ;
1020 819 1116 862 Lex,
1153 817 1227 869 Qti
1243 817 1278 854 in
1297 815 1449 869 adverstz
1468 814 1665 868 tempestate

265 887 390 925 navim
409 887 633 940 reliquerint,
669 885 785 924 omnia
813 885 1009 923 amittunto
1022 900 1034 923 :
1071 898 1188 922 eorum
1216 882 1322 921 navis
1347 891 1382 920 et
1415 896 1521 920 onera
1536 882 1663 934 fitnto,

264 953 330 1006 qui
340 954 378 991 in
396 954 490 991 navi
504 953 751 1007 remarfirint.
783 952 877 990 Duo
889 950 1063 1004 quidam,
1077 963 1169 988 cum
1179 951 1262 1002 jam
1281 949 1321 986 in
1337 949 1414 986 alto
1430 948 1663 1001 navigarent,

264 1028 304 1057 et
322 1033 457 1058 eorum
476 1020 630 1058 alterius
650 1020 770 1065 navis,
792 1018 947 1057 alterius
966 1030 1064 1056 onus
1084 1016 1187 1062 esset,
1219 1014 1450 1068 naufragum
1469 1014 1664 1068 quendam

264 1095 477 1132 natantem,
509 1096 546 1125 et
569 1100 704 1126 manus
727 1086 776 1125 ad
801 1085 838 1124 se
860 1085 1083 1124 tendentem
1110 1083 1481 1122 animadverterunt:
1514 1081 1663 1119 miseri-

265 1152 395 1190 cordia
414 1154 619 1198 commoti,
651 1153 779 1191 navim
799 1152 846 1191 ad
875 1165 966 1190 eum
985 1151 1272 1205 applicaverunt
1291 1165 1299 1188 :
1331 1147 1535 1187 hominem
1555 1148 1601 1185 ad
1630 1147 1666 1185 se

264 1216 509 1257 sustulerunt.
532 1219 663 1258 Postea
677 1218 886 1271 aliquanto,
901 1218 1000 1271 ipsos
1016 1231 1172 1273 quoque
1185 1216 1383 1269 tempestas
1399 1214 1664 1253 vehementius

259 1283 399 1334 jactare
417 1285 551 1337 coepit,
572 1284 690 1337 usque
709 1284 816 1329 adeo,
838 1293 882 1322 ut
901 1283 1082 1322 dominus
1102 1283 1220 1327 navis,
1235 1296 1327 1320 cum
1348 1281 1452 1319 idem
1471 1281 1663 1334 guberna-

264 1359 325 1388 tor
343 1350 447 1396 effet,
478 1352 517 1389 in
539 1350 717 1404 scapham
734 1350 976 1403 confugeret,
1006 1358 1044 1388 et
1074 1350 1163 1388 inde
1193 1348 1383 1392 funiculo,
1413 1349 1483 1400 qui
1503 1361 1523 1385 a
1542 1346 1666 1400 puppi

264 1415 444 1468 religatus
474 1416 653 1470 scapham
672 1430 860 1455 annexam
880 1415 1067 1460 trahebat,
1102 1415 1246 1459 navim,
1276 1413 1403 1467 quoad
1422 1413 1553 1466 poffet,
1575 1426 1663 1450 mo-

265 1481 480 1526 deraretur:
502 1484 568 1521 ille
583 1494 726 1528 autem,
747 1484 858 1535 cujus
879 1495 1022 1520 merces
1034 1486 1157 1526 erant,
1172 1482 1211 1519 in
1228 1481 1403 1534 gladium
1419 1480 1460 1518 in
1480 1480 1566 1518 navi
1586 1479 1663 1517 ibi—

265 1547 356 1586 dem
376 1549 634 1589 incumberet.
685 1550 767 1588 Hic
787 1548 852 1587 ille
872 1547 1076 1600 naufragus
1097 1547 1143 1586 ad
1171 1546 1481 1600 gubernaculum
1500 1545 1663 1589 acceffit,

265 1622 303 1651 et
331 1615 433 1660 navi,
465 1616 591 1668 quoad
620 1616 762 1669 potuit,
792 1614 845 1653 est
863 1613 1089 1668 opitulatus.
1149 1612 1292 1652 Sedatis
1321 1621 1447 1650 autem
1469 1611 1662 1656 fluctibuQ

264 1689 304 1718 et
322 1683 543 1736 tempestate
557 1684 640 1736 jam
660 1691 912 1727 commutata,
943 1681 1046 1719 navis
1068 1681 1108 1719 in
1128 1689 1287 1734 portum
1307 1677 1543 1733 provehitur.
1594 1678 1665 1716 Ille

265 1757 409 1794 autem,
440 1751 509 1801 qui
538 1751 580 1788 in
610 1751 784 1803 gladium
805 1749 1043 1793 incubuerat,
1074 1748 1205 1786 leviter
1224 1747 1369 1785 saucius
1395 1744 1507 1784 facile
1537 1745 1589 1784 est
1617 1758 1666 1783 ex

267 1814 422 1853 vulnere
441 1826 641 1854 recreatus.
674 1817 820 1855 Navim
833 1830 928 1854 cum
943 1829 1069 1859 onere,
1089 1814 1232 1853 horum
1246 1815 1367 1853 trium
1384 1813 1489 1851 suam
1505 1812 1665 1866 quisque

266 1880 339 1918 effe
358 1881 467 1920 dicit.
500 1884 581 1921 Hic
600 1897 734 1921 omnes
751 1883 893 1935 scripto
912 1882 959 1920 ad
977 1882 1128 1920 causam
1149 1881 1349 1926 accedunt,
1370 1891 1408 1919 et
1427 1894 1473 1919 ex
1494 1881 1662 1919 nominis

267 1947 304 1984 vi
325 1948 490 1986 nascitur
509 1950 773 1988 controversia.
824 1950 930 1988 Nam
946 1957 983 1986 et
1004 1948 1215 2000 relinquere
1236 1961 1384 1991 navem,
1415 1957 1453 1985 et
1474 1960 1665 1986 remanere

268 2014 307 2052 in
343 2015 442 2059 navi,
477 2016 644 2068 denique
677 2017 782 2054 navis
817 2016 893 2068 ipsa
923 2015 1017 2068 quid
1052 2014 1110 2059 fit,
1140 2014 1430 2052 definitionibus
1465 2014 1661 2066 quaeritur.

269 2080 407 2119 Iisdem
442 2091 570 2120 autem
589 2096 636 2120 ex
670 2083 764 2120 locis
795 2082 994 2126 omnibus,
1025 2081 1166 2133 quibus
1201 2080 1397 2118 definitiva
1425 2080 1660 2125 constitutio,

269 2148 503 2186 tractabitur.

322 2213 456 2259 Nunc,
481 2215 658 2267 expositis
679 2215 724 2253 iis
746 2214 1156 2268 argumentationibus,
1179 2227 1263 2266 quae
1283 2213 1321 2252 in
1335 2213 1518 2265 judiciale
1533 2212 1659 2251 causa-

268 2293 354 2317 rum
373 2294 493 2333 genus
519 2283 875 2327 accommodantur,
906 2282 1083 2335 deinceps
1115 2282 1154 2319 in
1175 2280 1466 2318 deliberativum
1485 2293 1603 2333 genus
1624 2288 1661 2316 et

267 2346 623 2393 demonstrativum,
645 2348 935 2401 argumentandi
956 2348 1060 2386 locos
1080 2356 1119 2385 et
1141 2355 1327 2400 praecepta
1345 2346 1522 2384 dabimus
1539 2365 1551 2391 3
1584 2358 1660 2383 non

268 2412 348 2464 quo
363 2427 440 2451 non
457 2414 496 2451 in
517 2414 644 2466 aliqua
659 2415 932 2453 constitutione
951 2415 1078 2454 omnis
1094 2414 1241 2466 semper
1255 2413 1363 2451 causa
1382 2412 1567 2456 versetur;
1599 2410 1660 2449 sed

267 2479 358 2530 quia
377 2480 521 2533 proprii
541 2490 694 2519 tantum
723 2480 862 2520 harum
892 2480 1089 2519 causarum
1110 2480 1268 2533 quidam
1300 2479 1375 2517 loci
1405 2479 1503 2522 sunt,
1536 2491 1611 2515 non
1640 2489 1661 2513 a

266 2545 538 2586 constitutione
554 2547 723 2600 separati,
745 2547 807 2586 sed
822 2547 868 2586 ad
884 2547 977 2585 fines
994 2546 1137 2586 horum
1157 2543 1341 2599 generum
1362 2542 1657 2583 accommodati,

895 2613 987 2665 (ξι
