2176 2912
558 177 877 217 LIBER
950 175 1440 220 TERTIUS.
1625 196 1702 237 303

301 271 527 309 Graecorum
553 271 600 307 ad
621 269 791 307 nostrum
813 268 939 312 usum,
975 281 1204 321 moremque
1224 270 1431 310 transferri.
1478 272 1548 311 Sed
1568 271 1701 313 homi-

300 337 413 375 nibus
433 350 529 389 opus
562 335 614 373 est
633 335 807 379 eruditis,
839 336 907 387 qui
927 334 1054 374 adhue
1074 337 1114 373 in
1147 335 1223 374 hoe
1244 336 1404 389 quidem
1423 351 1558 390 genere
1587 341 1703 380 nostri

299 403 398 441 nulli
417 402 586 440 fuerunt.
630 401 695 439 Sin
716 402 870 454 quando
890 402 1102 449 extiterint,
1133 403 1251 441 etiam
1283 405 1429 443 Graeeis
1463 416 1574 444 erunt
1594 418 1701 446 ante-

297 469 479 523 ponendi.

352 536 484 575 XXV.
518 536 690 574 Ornatur
721 535 841 589 igitur
869 536 990 574 oratio
1009 549 1146 589 genere
1179 538 1367 591 primum,
1398 546 1437 576 et
1454 538 1556 591 quasi
1577 540 1704 579 colore

297 601 481 655 quodam,
499 611 538 639 et
556 602 669 640 succo
685 602 765 640 suo.
797 602 904 640 Nam
920 612 964 640 ut
979 603 1117 656 gravis,
1137 613 1179 642 ut
1199 604 1334 650 suavis,
1353 613 1395 642 ut
1412 606 1558 643 erudita
1578 605 1636 651 fit,
1659 616 1710 645 ut.

297 669 478 714 liberalis,
510 678 554 707 ut
573 669 823 715 admirabilis,
859 678 902 707 ut
922 670 1055 722 polita,
1087 680 1130 709 ut
1149 670 1287 716 sensus,
1318 680 1362 709 ut
1381 672 1529 710 dolores
1550 672 1701 718 habeat,

297 745 487 787 quantum
506 749 602 788 opus
621 736 679 782 sit,
702 750 779 775 non
799 736 852 774 est
872 736 1111 789 singulorum
1130 737 1381 776 articulorum
1400 754 1408 776 z
1430 739 1469 776 in
1492 748 1572 777 toto
1593 739 1700 792 spee-

296 811 427 840 tantur
446 801 528 840 haee
548 815 718 855 corpore.
766 803 823 841 Ut
843 817 956 855 porro
975 803 1171 858 conspersa
1188 805 1233 842 fit
1253 805 1356 856 quasi
1378 805 1583 843 verborum
1615 806 1700 843 sen-

295 870 581 921 tentiarumque
602 869 772 913 floribus,
806 869 845 907 id
866 883 943 907 non
975 870 1089 908 debet
1109 870 1181 907 effe
1215 870 1344 909 fusum
1365 872 1605 923 aequabiliter
1634 886 1700 925 per

295 947 455 972 omnem
486 935 715 979 orationem,
747 935 809 972 sed
839 935 891 972 ita
921 935 1159 980 distinctum,
1192 944 1235 974 ut
1260 937 1332 974 sint
1363 937 1465 990 quafi
1495 938 1535 975 in
1563 947 1701 976 ornatu

296 1001 473 1054 disposita
491 1001 667 1054 quaedam
688 1002 847 1055 infignia
862 1010 899 1040 et
919 1002 1082 1041 lumina.

351 1069 488 1106 Genus
520 1069 640 1120 igitur
670 1068 823 1106 dicendi
854 1069 906 1106 est
940 1069 1183 1122 eligendum,
1229 1070 1334 1123 quod
1369 1071 1538 1108 maxime
1574 1080 1700 1110 teneat

293 1145 371 1178 eos,
407 1134 473 1185 qui
495 1133 664 1178 audiant,
696 1143 733 1172 et
763 1134 867 1186 quod
902 1148 979 1172 non
1013 1135 1139 1173 solum
1169 1136 1340 1181 deledstt,
1376 1136 1438 1174 sed
1471 1136 1588 1174 etiam
1622 1137 1698 1174 fine

296 1200 461 1238 satietate
480 1200 641 1238 deleoet
656 1219 668 1245 ς
703 1202 799 1252 (non
820 1201 926 1239 enim
956 1215 975 1238 a
995 1215 1058 1240 me
1086 1204 1169 1254 jam
1198 1203 1385 1255 expectari
1404 1213 1514 1255 puto,
1545 1213 1588 1240 ut
1608 1217 1697 1241 mo-

295 1281 422 1313 neam,
458 1276 500 1305 ut
522 1268 696 1312 caveatis,
728 1281 775 1305 ne
795 1268 919 1313 exilis,
950 1282 996 1306 ne
1017 1270 1163 1307 inculta
1183 1270 1227 1307 fit
1247 1270 1364 1307 vestra
1383 1270 1517 1314 oratio,
1541 1283 1587 1307 ne
1607 1270 1697 1307 vul-

294 1334 408 1387 garis,
431 1347 477 1372 ne
497 1334 662 1372 obsoleta
681 1349 689 1372 :
722 1335 826 1372 aliud
846 1335 1032 1387 quiddam
1053 1337 1189 1388 majus,
1217 1346 1255 1373 et
1274 1337 1426 1388 ingenia
1447 1349 1509 1373 me
1535 1335 1696 1374 hortan—

293 1410 357 1438 tur
375 1400 505 1445 vestra,
527 1409 565 1438 et
585 1410 709 1439 aetates
726 1401 758 1453 ς)
791 1401 948 1439 difficile
968 1403 1072 1439 enim
1093 1402 1197 1440 dictu
1218 1402 1283 1446 est,
1306 1416 1481 1454 quaenam
1503 1402 1610 1440 causa
1636 1403 1694 1446 fit,

293 1479 362 1504 eur
382 1479 435 1510 ea,
458 1480 542 1518 quae
563 1467 732 1505 maxime
753 1466 875 1504 sensus
897 1467 1040 1505 nostros
1063 1468 1269 1520 impellunt
1290 1468 1499 1519 voluptate,
1521 1477 1559 1504 et
1575 1467 1697 1519 specie

293 1532 419 1584 prima
452 1533 633 1570 acerrime
663 1542 926 1577 commovent,
957 1533 1003 1570 ab
1032 1534 1077 1570 iis
1111 1533 1309 1570 celerrime
1338 1531 1490 1570 fastidio
1524 1534 1695 1585 quodam

292 1607 330 1635 et
374 1597 541 1635 satietate
580 1599 855 1636 abalienemur.
916 1598 1075 1650 Qanto
1109 1599 1286 1652 colo-rum
1331 1597 1620 1650 pulchritudine
1656 1607 1693 1635 et

292 1665 470 1702 varietate
501 1665 691 1703 floridiora
724 1665 811 1703 sunt
842 1665 881 1702 in
913 1665 1073 1717 pi&uris
1106 1666 1214 1703 novis
1246 1665 1452 1718 pleraque,
1496 1678 1613 1716 quam
1652 1666 1692 1702 in

294 1730 519 1768 veteribus?
562 1745 648 1783 quae
682 1740 825 1775 tamen,
867 1731 1012 1768 etiamfi
1047 1732 1175 1784 primo
1205 1732 1355 1784 aspectu
1389 1744 1456 1784 nos
1490 1740 1689 1784 ceperunt,

293 1795 441 1833 diutius
474 1809 551 1834 non
582 1796 794 1841 delcetant3
826 1810 917 1833 cum
940 1796 1059 1834 iidem
1090 1811 1159 1836 nos
1191 1798 1230 1834 in
1258 1798 1428 1849 antiquis
1460 1797 1601 1835 tabulis
1623 1796 1693 1834 illo

292 1862 374 1914 ipso
395 1860 563 1908 horrido,
595 1862 843 1914 obsoletoque
865 1872 1074 1901 teneamur.
1115 1865 1272 1916 Qanto
1305 1864 1500 1901 molliores
1521 1863 1622 1908 sunt,
1653 1873 1691 1901 et

291 1928 528 1967 delicatiores
561 1930 600 1966 in
636 1938 748 1967 cantu
772 1929 969 1974 flexiones,
1001 1939 1038 1967 et
1060 1929 1157 1968 falsae
1178 1929 1338 1974 voeulae,
1371 1943 1489 1981 quam
1521 1939 1631 1967 certae
1651 1937 1689 1966 et

290 1995 450 2034 severae?
483 1996 626 2048 quibus
662 2006 790 2035 tamen
824 2010 900 2034 non
934 1996 1050 2034 modo
1070 1997 1217 2042 austeri,
1250 1997 1325 2041 sed,
1360 1997 1385 2034 fi
1418 1997 1552 2048 saepius
1573 1995 1687 2040 fiunt,

290 2063 505 2101 multitudo
535 2063 613 2116 ipsa
634 2064 825 2101 reclamat.
877 2064 989 2101 Licet
1010 2063 1084 2102 hoe
1106 2065 1233 2101 videre
1254 2064 1293 2101 in
1312 2063 1471 2115 reliquis
1494 2062 1685 2107 sensibus3

291 2124 498 2176 unguentis
519 2125 649 2163 minus
671 2125 737 2162 diu
759 2139 826 2163 nos
849 2124 1039 2171 delectari,
1076 2125 1227 2163 summa
1247 2134 1283 2162 et
1304 2125 1486 2162 acerrima
1506 2124 1687 2162 suavitate

290 2189 472 2234 conditis,
514 2203 631 2242 quam
663 2189 724 2229 his
768 2191 972 2229 moderatis
990 2210 1001 2236 ;
1044 2200 1094 2236 et,
1138 2192 1260 2244 magis
1295 2191 1437 2228 laudari
1471 2190 1576 2242 quod
1606 2199 1685 2226 ter-

290 2268 385 2299 ram,
422 2269 540 2306 quam
571 2256 676 2307 quod
711 2270 882 2302 crocum,
915 2258 1016 2295 olere
1050 2257 1251 2295 videatur:
1294 2258 1332 2294 in
1364 2257 1445 2309 ipso
1477 2257 1579 2293 taetu
1614 2254 1686 2292 effe

290 2320 454 2358 modurn
486 2331 523 2359 et
543 2321 801 2360 mollitudinis
833 2334 870 2361 et
902 2324 1090 2362 laevitatis.
1151 2324 1378 2374 Quinetiam
1399 2322 1583 2376 gustatus,
1616 2321 1690 2372 qui-

289 2386 343 2424 est
362 2385 486 2424 sensus
518 2400 565 2424 ex
585 2388 767 2425 omnibus
800 2390 968 2427 maxime
990 2390 1241 2441 voluptarius,
1274 2390 1422 2441 quique
1443 2387 1684 2426 dulcitudine

288 2463 422 2506 praeter
456 2462 610 2492 caeteros
641 2453 765 2493 sensus
797 2465 1079 2500 commovetur,
1112 2469 1230 2507 quam
1252 2456 1331 2494 cito
1362 2457 1416 2501 id,
1449 2454 1554 2507 quod
1575 2451 1683 2490 valde
