2176 2912
412 250 460 302 38
712 248 814 287 DE
886 247 1498 288 INVENTIONE

409 355 446 384 te
476 346 643 391 brevius,
674 360 792 398 quam
812 355 960 399 paratus
981 346 1112 392 fueris,
1143 346 1213 384 effe
1235 347 1443 392 dicturum,
1477 348 1729 385 commodum
1749 347 1802 384 est

408 412 610 465 polliceri,
643 426 720 450 non
741 413 985 450 imitaturum
1011 413 1276 451 adversarium.
1309 414 1375 454 Sin
1395 427 1452 450 res
1472 413 1591 458 dabit,
1614 427 1690 451 non
1709 414 1799 450 inu-

407 478 475 515 tile
493 478 545 516 est
565 478 611 516 ab
630 479 756 531 aliqua
786 492 825 516 re
848 492 945 516 nova
970 488 1034 516 aut
1054 479 1215 516 ridicula
1244 479 1438 531 incipere,
1470 488 1534 517 aut
1567 493 1613 517 ex
1632 489 1802 531 tempore

407 558 493 596 quae
513 553 596 581 nata
616 545 674 588 sit,
705 544 810 596 quod
828 557 961 596 genus,
992 544 1163 596 strepitu,
1181 545 1477 589 acclamatione;
1509 554 1574 582 aut
1588 546 1670 596 jam
1691 558 1800 598 para·
1825 580 1829 581 ⁷

408 618 459 654 ta,
481 624 564 661 quae
586 610 644 647 vel
665 610 889 662 apologum,
919 609 979 647 vel
998 609 1184 654 fabulam,
1215 610 1273 647 vel
1301 610 1470 661 aliquam
1501 611 1695 648 contineat
1714 611 1800 647 irri-

409 676 581 713 sionem:
613 685 691 720 aut,
723 676 748 713 fi
780 676 832 713 rei
864 676 1027 727 dignitas
1048 676 1190 713 adimet
1205 677 1361 728 jocandi
1382 675 1619 721 facultatem,
1655 675 1801 728 aliquid

408 741 524 785 triste,
557 755 716 785 novum,
749 740 945 786 horribile,
976 741 1103 778 statim
1134 755 1211 779 non
1242 741 1540 779 incommodum
1560 741 1611 779 est
1631 742 1800 793 injicere.

409 807 516 845 Nam
539 816 580 844 ut
604 807 683 844 cibi
704 806 847 843 satietas
867 815 905 843 et
932 804 1126 843 fastidium
1147 815 1211 843 aut
1231 805 1427 844 subamara
1446 806 1574 857 aliqua
1599 820 1637 843 re
1659 806 1800 843 releva-

409 879 485 915 tur,
517 880 580 908 aut
601 870 705 907 dulci
728 870 940 921 mitigatur,
963 870 1011 907 fic
1032 870 1183 908 animus
1204 869 1363 908 defeffus
1384 870 1572 908 audiendo
1592 879 1657 908 aut
1677 870 1801 908 admi-

409 936 552 973 ratione
574 936 797 987 integratur,
819 944 883 972 aut
901 935 975 972 risu
996 944 1209 973 renovatur.

464 1001 617 1039 XVIII.
641 1001 701 1037 Ac
720 999 917 1052 separatim
933 1000 1104 1051 quidem,
1122 1014 1206 1052 quae
1222 1002 1267 1038 de
1285 1001 1474 1052 principio
1495 1010 1532 1038 et
1552 1001 1803 1038 insinuatione

408 1066 568 1105 dicenda
587 1066 824 1110 videbantur,
856 1065 936 1104 haec
971 1065 1048 1103 fere
1074 1067 1173 1104 sunt.
1207 1066 1326 1104 Nunc
1358 1067 1542 1118 quiddam
1574 1067 1736 1104 breviter
1766 1077 1803 1103 et

408 1132 669 1170 communiter
699 1131 746 1168 de
776 1140 938 1183 utroque
958 1131 1257 1184 praecipiendum
1286 1133 1446 1170 videtur.
1479 1132 1697 1170 Exordium
1717 1132 1801 1169 sen-

409 1199 616 1236 tentiarum
637 1206 673 1234 et
690 1198 882 1249 gravitatis
904 1198 1118 1250 plurimum
1150 1198 1261 1235 debet
1281 1197 1434 1241 habere,
1465 1207 1502 1235 et
1532 1198 1694 1235 omnino
1714 1210 1801 1235 om—

409 1265 484 1308 nia,
522 1277 607 1315 quae
643 1263 834 1314 pertinent
862 1263 907 1300 ad
942 1263 1184 1314 dignitatem,
1215 1263 1410 1300 continere
1444 1264 1484 1300 in
1518 1263 1566 1307 se,
1608 1272 1805 1316 propterea

409 1329 514 1380 quod
535 1329 573 1365 id
593 1329 740 1380 optime
759 1327 978 1365 faciendum
999 1328 1064 1372 est,
1096 1329 1199 1379 quod
1220 1337 1407 1366 oratorem
1439 1328 1603 1366 auditori
1636 1329 1804 1366 maxime

407 1396 681 1438 commendam
714 1394 933 1446 splendoris,
955 1403 992 1432 et
1012 1393 1238 1440 festivitatis,
1266 1404 1304 1432 et
1330 1395 1659 1433 concinnitudinis
1682 1395 1801 1432 mini-

407 1475 533 1505 mum,
555 1469 752 1512 propterea
772 1459 874 1511 quod
895 1474 941 1497 ex
961 1458 1021 1497 his
1034 1459 1196 1512 suspicio
1216 1461 1391 1512 quaedam
1411 1461 1663 1512 apparationis
1685 1469 1800 1512 atque

408 1525 617 1564 artificiosae
630 1525 838 1576 diligentia>
855 1525 1031 1570 nascitur,
1049 1538 1133 1576 quae
1154 1526 1322 1564 maxime
1338 1526 1500 1564 orationi
1520 1525 1650 1572 fidem,
1664 1527 1803 1565 oratori

408 1591 545 1630 adimit
565 1591 842 1628 auctoritatem.

464 1656 570 1693 Vitia
590 1669 677 1693 vero
705 1654 787 1693 haec
819 1655 904 1692 sunt
936 1656 1138 1694 certiffima
1164 1656 1424 1702 exordiorum,
1456 1671 1540 1710 quae
1560 1657 1803 1711 summopere

409 1722 525 1760 vitare
554 1722 771 1774 oportebit,
803 1722 982 1774 vulgare,
1018 1736 1252 1768 commune,
1285 1725 1583 1769 commutabile,
1615 1725 1802 1778 longum,

409 1788 633 1841 separatum,
656 1787 888 1833 transsatum,
920 1798 1052 1826 contra
1082 1799 1281 1843 praecepta.
1341 1791 1508 1843 Vulgare
1529 1792 1595 1836 est,
1627 1792 1732 1844 quod
1762 1792 1803 1830 in

410 1856 536 1907 plures
557 1854 680 1893 causas
702 1854 823 1907 potest
842 1856 1136 1901 accommodari,
1169 1866 1210 1894 ut
1241 1858 1443 1895 convenire
1464 1859 1646 1896 videatur.
1679 1860 1803 1897 Com-

410 1934 528 1958 mune
548 1921 613 1965 est,
647 1921 750 1972 quod
782 1920 1037 1959 nihilominus
1059 1923 1098 1959 in
1129 1921 1242 1968 hanc,
1267 1936 1383 1974 quam
1408 1924 1447 1961 in
1469 1925 1695 1962 contrariam
1716 1938 1804 1977 par-

410 1996 490 2024 tem
510 1986 627 2024 causae
657 1986 777 2039 potest
807 1987 1022 2025 convenire.
1057 1988 1361 2033 commutabile,
1392 1991 1497 2040 quod
1525 1990 1572 2027 ab
1599 1991 1806 2028 adversario

409 2052 544 2105 potest,
576 2052 708 2089 leviter
728 2061 935 2097 mutatum,
966 2066 1012 2090 ex
1044 2054 1230 2090 contraria
1261 2064 1364 2105 parte
1396 2055 1486 2092 dici.
1523 2056 1707 2107 Longum
1736 2056 1802 2100 est,

409 2117 513 2168 quod
534 2116 707 2168 pluribus
729 2116 851 2154 verbis
872 2126 936 2154 aut
957 2116 1166 2161 sententiis,
1198 2117 1297 2155 ultra
1323 2131 1438 2169 quam
1460 2118 1543 2156 satis
1565 2120 1630 2164 est,
1659 2121 1802 2173 produ-

409 2182 524 2220 citur.
558 2183 790 2233 Separatum‚
823 2182 925 2236 quod
953 2195 1028 2219 non
1048 2196 1093 2219 ex
1124 2183 1199 2234 ipsa
1220 2183 1326 2220 causa
1352 2184 1510 2221 duemm
1531 2184 1596 2229 est,
1620 2200 1687 2224 nec
1709 2186 1803 2224 sicut

409 2246 565 2298 aliquod
598 2247 834 2290 membrum,
871 2260 1063 2284 annexum
1099 2248 1272 2285 orationi.
1320 2248 1563 2287 Transsatum
1596 2251 1661 2294 est,
1698 2251 1803 2302 quod

409 2312 512 2349 aliud
534 2311 704 2356 conficit,
741 2326 857 2363 quam
892 2313 1008 2350 causa:
1027 2327 1146 2364 genus
1168 2314 1356 2365 postulat,
1390 2323 1431 2352 ut
1464 2315 1488 2352 si
1519 2317 1605 2367 quib
1638 2317 1804 2354 docilem

409 2377 523 2415 faciat
544 2377 769 2421 auditorem,
788 2391 878 2414 cum
896 2378 1197 2415 benevolentiam
1215 2379 1321 2416 causa
1341 2379 1520 2418 desideret
1536 2400 1545 2424 ;
1564 2392 1628 2419 aut
1649 2383 1674 2420 si
1696 2383 1803 2434 prin·

410 2441 514 2493 cipio
535 2449 674 2486 utatur,
708 2455 799 2479 cum
829 2442 1122 2481 insinuationem
1150 2456 1205 2481 res
1238 2444 1413 2496 postulat.
1447 2446 1590 2484 Contra
1621 2458 1805 2500 praecepta

408 2506 475 2552 cst,
498 2507 602 2558 quod
623 2506 720 2546 nihil
742 2521 877 2547 corum
897 2508 1027 2554 efficit,
1050 2522 1217 2562 quorum
1238 2509 1345 2548 causa
1365 2510 1409 2548 de
1430 2512 1594 2551 exordiis
1616 2524 1804 2566 praecepta
