2176 2912
617 170 935 210 LrssER
1011 168 1493 208 TERTIUS.
1680 184 1757 222 297

362 273 401 303 et
421 263 642 316 portuosum
655 281 667 308 ς
698 272 861 301 oratores
887 270 1016 300 autem
1038 262 1077 299 in
1098 260 1267 299 inferum
1296 260 1370 299 hoc
1391 262 1579 306 Tuscum,
1607 270 1643 300 et
1664 263 1756 300 Bar-

365 331 513 374 barum,
544 328 784 381 scopulosum
815 337 928 380 atque
963 327 1158 372 infestum,
1190 327 1418 371 laberentur,
1460 328 1500 366 in
1533 342 1611 381 quo
1643 329 1757 366 etiam

362 396 439 447 ipse
460 394 607 446 Ulyffes
627 393 787 432 erraffet.

419 462 548 512 Qare
578 460 604 497 fi
630 458 702 497 hac
733 459 966 512 eloquentia,
994 467 1107 511 atque
1126 457 1202 497 hoc
1229 467 1375 497 oratore
1410 459 1581 496 contenti
1615 459 1758 504 sumus,

362 527 430 578 qui
451 526 540 564 sciat
559 534 624 564 aut
645 539 779 578 negare
797 535 984 579 oportere,
1007 526 1112 577 quod
1132 538 1309 578 arguare;
1341 533 1420 569 aut,
1453 525 1479 562 s1
1506 524 1545 562 id
1566 538 1643 563 non
1673 525 1760 577 pos·

364 592 424 637 fis,
457 601 541 631 tum
573 592 778 637 ostendere,
809 592 913 644 quod
944 593 974 630 is
1009 591 1155 636 fecerit,
1186 591 1253 644 qui
1286 591 1543 635 infimuletur,
1573 600 1638 629 aut
1664 592 1763 629 recte

365 658 525 703 factum,
557 667 622 696 aut
641 658 794 696 alterius
815 658 929 711 culpa
949 667 1012 696 aut
1032 658 1185 710 injuria,
1207 666 1272 696 aut
1291 671 1337 696 ex
1358 658 1454 710 lege,
1483 666 1547 695 aut
1568 671 1646 696 non
1666 671 1762 696 con-

366 733 422 762 tra
442 725 580 777 legem,
612 733 677 762 aut
705 724 975 777 imprudentia,
1006 733 1070 762 aut
1090 723 1315 769 neceffario3
1347 732 1412 761 aut
1431 737 1510 762 non
1535 736 1580 761 eo
1608 724 1766 762 nomine

365 791 640 844 usurpandum,
671 804 750 842 quo
775 799 975 843 arguatur5
1008 799 1073 828 aut
1093 804 1170 828 non
1202 791 1254 828 ita
1282 790 1357 842 agi,
1389 799 1432 828 ut
1458 790 1632 828 debuerit
1651 804 1693 828 ac
1713 790 1764 828 li-

365 858 486 894 cuerit
502 875 513 901 ;
545 866 596 900 et,
629 856 654 893 fi
675 856 759 894 satis
788 855 858 893 effe
878 851 1034 908 putatia,
1065 870 1119 900 ea,
1150 870 1234 908 quae
1265 856 1324 894 isti
1346 856 1543 908 scrIptores
1574 857 1662 894 artis
1693 856 1763 894 do-

366 932 468 967 cent,
491 923 646 967 discere,
669 936 753 974 quae
773 923 899 960 multo
921 932 1050 960 tamen
1071 924 1255 967 ornatius,
1275 936 1392 975 quam
1411 923 1458 960 ab
1478 922 1554 961 illis
1571 923 1764 968 dicuntur,

365 998 404 1027 et
434 989 587 1027 uberius
619 989 822 1041 explicavit
842 989 1064 1033 Antonius;
1097 988 1172 1033 sed,
1204 989 1229 1027 fi
1250 987 1311 1027 his
1331 989 1503 1027 contenti
1523 989 1622 1034 estis,
1653 998 1768 1042 atque

367 1055 413 1093 iis
434 1055 565 1099 etiarn,
597 1068 681 1107 quae
702 1055 779 1092 dici
799 1054 969 1093 voluistis
990 1069 1010 1092 a
1029 1068 1106 1100 me,
1138 1069 1185 1093 ex
1212 1055 1359 1108 ingenti
1381 1055 1550 1108 quodam
1577 1063 1768 1094 oratorem

368 1120 633 1172 immensoque
653 1133 792 1173 campo
811 1121 851 1158 in
871 1121 1056 1172 exiguum
1076 1121 1161 1159 sane
1180 1135 1320 1174 gyrum
1339 1121 1586 1174 compellitis.

425 1186 490 1224 Sin
512 1195 680 1223 veterem
708 1185 823 1223 illum
847 1186 1047 1231 Periclem,
1070 1196 1135 1224 aut
1160 1185 1265 1225 hunc
1286 1187 1417 1231 etiam,
1450 1187 1519 1239 qui
1546 1185 1769 1225 familiarior

371 1253 480 1290 nobis
513 1260 667 1304 propter
698 1251 927 1304 scriptorum
948 1252 1243 1291 multitudinem
1263 1253 1328 1298 est,
1362 1251 1680 1297 Demosthenem,
1711 1252 1768 1290 se-

369 1319 437 1370 qui
464 1318 580 1356 vultis
597 1336 607 1362 ;
640 1327 690 1362 et,
726 1318 752 1355 fi
770 1318 879 1356 illam
899 1318 1117 1371 praeclaram
1151 1329 1189 1357 et
1210 1319 1393 1357 eximiam
1426 1318 1591 1372 speciem
1610 1319 1769 1357 oratoris

364 1383 536 1436 perfecti,
567 1392 605 1421 et
624 1383 959 1436 pulchritudinem
993 1384 1203 1429 adamastis,
1245 1394 1309 1422 aut
1342 1384 1451 1423 vobis
1485 1383 1567 1423 haec
1599 1385 1765 1423 Carnea-

370 1451 444 1495 dia,
476 1460 541 1488 aut
560 1451 627 1488 illa
646 1450 878 1495 Aristotelia,
912 1452 967 1488 vis
990 1450 1349 1504 comprehendenda
1368 1451 1432 1489 est.
1493 1451 1677 1503 Namque
1709 1451 1771 1502 (ut

369 1526 457 1555 ante
491 1518 589 1568 dixi)
635 1527 776 1555 veteres
807 1517 865 1555 illi
910 1517 1026 1569 usque
1058 1518 1103 1555 ad
1138 1520 1346 1562 Socratem,
1391 1530 1550 1555 omnem
1591 1518 1772 1555 omnium

371 1596 513 1628 rerum,
544 1597 628 1635 quae
659 1583 704 1620 ad
725 1596 850 1621 mores
881 1581 1105 1628 hominum,
1137 1597 1220 1635 quac
1240 1583 1286 1621 ad
1306 1583 1439 1628 vitam,
1468 1596 1552 1635 quae
1571 1583 1618 1621 ad
1646 1583 1769 1621 virtu-

371 1659 466 1694 tem,
499 1663 583 1702 quae
614 1649 659 1687 ad
691 1649 985 1702 rempublicam,
1020 1650 1275 1702 pertinebant,
1306 1650 1570 1702 cognitionem
1591 1658 1628 1687 et
1648 1649 1770 1688 scien-

373 1716 467 1752 tiam
486 1728 577 1753 cum
599 1714 750 1752 dicendi
771 1716 915 1753 ratione
929 1715 1169 1767 jungebant:
1202 1716 1326 1768 postea
1355 1715 1539 1754 diffociati
1569 1716 1629 1767 (ut
1650 1728 1770 1767 expo-

375 1781 447 1831 sui)
494 1793 514 1818 a
546 1781 694 1818 Socrate
724 1780 850 1817 diserti
885 1795 904 1818 a
934 1781 1070 1824 doctis,
1115 1790 1153 1818 et
1187 1782 1363 1835 deinceps
1396 1795 1416 1819 a
1446 1782 1644 1819 Socraticis
1677 1781 1771 1818 item

374 1846 555 1884 omnibus
572 1863 584 1890 3
616 1844 840 1898 Philosophi
861 1846 1124 1898 eloquentiam
1144 1847 1407 1899 despexerunt,
1439 1856 1602 1885 oratores
1624 1846 1770 1899 sapien-

376 1912 496 1950 tiam:
530 1925 653 1963 neque
687 1911 900 1963 quidquam
931 1926 977 1950 ex
1009 1912 1161 1950 alterius
1189 1922 1292 1965 parte
1324 1914 1549 1965 tetigerunt,
1578 1913 1645 1950 nis1
1667 1912 1771 1964 quod

377 1978 434 2015 illi
454 1979 499 2016 ab
521 1976 595 2022 his,
613 1987 677 2015 aut
697 1978 743 2015 ab
765 1978 841 2015 illis
862 1977 917 2023 hi,
936 1988 1226 2023 mutuarentur3
1249 1993 1295 2017 ex
1312 1993 1389 2030 quo
1406 1979 1620 2031 promiscue
1639 1977 1770 2016 hauri-

375 2054 472 2090 rent,
504 2045 528 2082 fi
549 2057 699 2082 manere
719 2045 758 2082 in
781 2045 935 2097 pristina
954 2046 1229 2084 communione
1250 2045 1463 2084 voluisscnt.
1496 2045 1582 2090 Sed,
1604 2055 1647 2083 ut
1667 2046 1771 2084 Pon-

376 2110 496 2149 tifices
529 2120 685 2155 veteres,
717 2120 871 2163 propter
903 2111 1174 2149 sacrificiorum
1210 2112 1518 2155 multitudinem,
1564 2120 1637 2149 tres
1673 2112 1770 2148 viros

376 2175 556 2228 epulones
577 2175 646 2213 effe
666 2176 884 2222 voluerunt,
915 2190 1007 2215 curn
1027 2177 1143 2215 effent
1162 2178 1230 2230 ipsi
1258 2192 1277 2214 a
1299 2178 1446 2222 Numa,
1478 2188 1520 2215 ut
1541 2177 1655 2214 etiam
1677 2176 1772 2214 illud

377 2242 559 2279 ludorum
593 2241 743 2293 epulare
776 2243 1006 2282 sacrificium
1038 2242 1218 2287 facerent,
1250 2244 1413 2281 instituti
1429 2262 1440 2288 3
1474 2243 1522 2281 fic
1544 2242 1723 2281 Socratici
1752 2254 1772 2277 a

379 2307 412 2344 se
446 2307 639 2344 causarum
660 2309 815 2354 actores,
847 2318 884 2347 et
914 2323 935 2347 a
954 2311 1156 2348 communi
1177 2309 1429 2362 philosophizr
1450 2309 1605 2347 nominc
1626 2309 1770 2361 separa-

378 2382 526 2417 verunt,
559 2387 651 2411 cum
670 2383 811 2412 veteres
835 2375 987 2415 dicendi
1008 2386 1046 2414 et
1070 2376 1312 2427 intelligendi
1332 2376 1537 2414 mirificam
1557 2375 1773 2413 societatem

379 2438 448 2477 effe
468 2439 681 2478 voluiffent.

435 2505 527 2544 XX.
560 2506 658 2557 Qae
678 2519 771 2546 cum
790 2507 843 2547 ita
862 2508 948 2555 sint,
966 2508 1167 2562 paululum
1182 2508 1363 2560 equidem
1383 2508 1429 2547 de
1449 2521 1511 2547 me
1530 2503 1773 2558 deprecabor,

491 2573 530 2610 T
547 2585 571 2611 0
590 2584 642 2611 M.
674 2573 706 2612 Ι.
1227 2574 1256 2612 Ρ
1285 2587 1311 2626 p
