2176 2912
454 209 534 262 438
899 211 1429 250 ORATOR.

456 313 500 341 ut
521 303 740 341 maximum
760 303 916 348 vitium,
948 304 1017 356 qui
1036 314 1170 356 peccat
1190 305 1321 350 etiam,
1354 318 1446 343 cum
1468 305 1629 357 probam
1649 304 1861 344 orationem

456 370 607 422 affingit
637 370 832 423 improbo,
861 370 1025 408 stultove
1045 370 1248 422 sapientis5
1281 371 1307 408 si
1329 372 1494 423 denique
1521 372 1643 423 piCtor
1664 372 1729 408 ille
1750 372 1859 416 vidit,

454 450 547 473 cum
569 436 807 474 immolanda
826 435 1029 489 Iphigenia
1049 437 1162 474 tristis
1185 436 1347 475 Calchas
1368 437 1470 483 esset,
1504 437 1673 475 moestior
1694 436 1860 488 Ulysses,

455 512 636 542 moereret
674 503 905 549 Menelaus,
947 504 1237 542 obvolvendum
1271 514 1386 557 caput
1418 505 1724 556 Agamemnonis
1762 504 1860 549 effe,
1895 546 1899 547 ⁷

456 571 642 622 quoniam
663 570 862 608 summum
880 570 996 608 illum
1019 571 1170 608 luelum
1190 571 1377 622 penicillo
1398 584 1474 608 non
1497 570 1614 622 pofl'et
1635 571 1803 614 imitari,
1836 571 1862 608 fi

455 637 622 689 denique
652 635 801 681 histrio,
834 636 930 688 quid
964 636 1106 680 deceat,
1139 637 1302 687 quaerit5
1336 637 1432 688 quid
1467 635 1689 673 faciendum
1723 637 1863 674 oratori

442 700 640 756 'putemus
659 703 672 739 ?
705 701 791 746 Sed,
818 715 912 739 cum
932 699 1007 739 hoc
1029 710 1181 739 tantum
1203 702 1276 746 sit3
1309 701 1405 753 quid
1424 702 1464 738 in
1485 701 1617 746 causis,
1653 715 1863 754 earumque

456 768 560 821 quasi
581 767 768 805 membris
790 766 917 812 saciat,
949 776 1074 805 orator
1094 767 1246 805 viderit.
1307 767 1412 805 Illud
1432 766 1591 819 quidem
1615 767 1863 819 perspicuum

453 834 520 878 est,
552 847 629 871 non
650 833 767 871 modo
787 842 910 885 partes
932 834 1128 878 orationis,
1160 833 1222 871 sed
1241 833 1357 871 etiarn
1380 833 1505 871 causas
1537 842 1648 878 totas,
1680 833 1770 871 alias
1791 833 1865 870 alia

453 900 581 938 forma
600 900 753 937 dicendi
774 899 844 937 effe
866 900 1087 938 traffitandas.

509 967 665 1005 XXIII.
699 966 882 1018 Sequitur
913 975 957 1004 ut
976 966 1163 1019 cujusque
1184 967 1332 1019 generis
1365 977 1455 1005 nota
1482 976 1685 1019 quaeratur,
1723 975 1760 1004 et
1781 965 1861 1004 for-

453 1034 576 1072 mula.
637 1034 835 1086 Magnum
855 1047 966 1086 opus,
998 1043 1036 1071 et
1066 1034 1244 1079 arduum,
1278 1044 1320 1072 ut
1340 1034 1434 1087 saepe
1458 1036 1541 1087 jam
1562 1034 1760 1071 diximus:
1800 1032 1864 1070 sed

453 1100 762 1153 ingredientibus
783 1100 1101 1138 confiderandum
1114 1099 1205 1145 fuit,
1224 1101 1319 1152 quid
1335 1115 1533 1153 ageremus
1547 1119 1558 1145 3
1582 1114 1685 1137 nunc
1703 1100 1863 1152 quidem

449 1168 548 1220 jam,
571 1180 810 1219 quocunque
830 1165 1014 1212 feremur,
1038 1167 1158 1204 danda
1177 1167 1369 1205 nimirum
1390 1167 1473 1205 vela
1492 1167 1594 1204 sunt.

510 1235 570 1271 Ac
601 1233 778 1286 primum
809 1231 1077 1270 informandus
1097 1233 1149 1270 est
1169 1232 1235 1270 ille
1256 1233 1383 1278 nobis,
1413 1246 1531 1285 quem
1553 1231 1677 1270 solum
1701 1231 1864 1284 quidam

455 1309 594 1338 vocant
627 1299 825 1337 Atticum.
888 1298 1118 1337 Surrmnffus
1153 1299 1220 1344 est,
1256 1308 1293 1337 et
1327 1298 1505 1344 humilis,
1544 1298 1865 1336 consuetudinem

453 1365 627 1411 imitans,
658 1364 705 1403 ab
725 1363 916 1402 indisertis
938 1378 975 1402 re
996 1365 1098 1417 plus,
1130 1379 1247 1418 quam
1268 1366 1465 1418 opinione,
1488 1364 1681 1403 differens.
1729 1365 1865 1416 It'aque

454 1446 547 1470 eum
568 1432 637 1484 qui
658 1430 835 1476 audiunt,
866 1431 1043 1483 quamvis
1075 1431 1143 1484 ipsi
1175 1431 1339 1470 infantes
1367 1432 1454 1476 sint,
1486 1441 1615 1470 tamen
1647 1430 1716 1469 illo
1746 1431 1865 1469 modo

455 1498 659 1536 confidunt
679 1498 715 1536 se
735 1497 836 1549 poffe
857 1497 997 1536 dicere.
1030 1499 1137 1536 Nam
1158 1499 1339 1536 orationis
1361 1498 1553 1536 subtilitas
1575 1497 1777 1536 imitabilis
1798 1497 1865 1535 illa

456 1565 617 1616 quidem
648 1563 798 1600 videtur
817 1563 888 1600 esse
909 1564 1157 1608 existimanti,
1189 1564 1251 1601 sed
1273 1563 1372 1601 nihil
1393 1564 1444 1601 est
1471 1564 1684 1616 experienti
1714 1563 1861 1601 minus.

456 1631 536 1668 Etsi
557 1630 663 1667 enim
684 1643 760 1666 non
782 1629 944 1681 plurimi
971 1629 1163 1681 sanguinis
1184 1629 1250 1673 cst,
1281 1628 1418 1667 habeat
1439 1639 1567 1667 tamen
1600 1629 1760 1667 succum
1789 1629 1862 1666 ali-

456 1710 574 1748 quem
596 1704 763 1748 oportet,
795 1704 852 1739 ut,
884 1696 1001 1732 etiam
1023 1696 1047 1733 si
1084 1696 1160 1733 illis
1183 1696 1365 1734 maximis
1386 1696 1533 1734 viribus
1555 1705 1691 1741 careat,
1724 1696 1768 1734 fit
1801 1684 1876 1747 (ut

458 1764 510 1801 ita
530 1763 674 1814 dicam)
708 1763 856 1814 integra
875 1761 1108 1801 valetudine.

512 1830 693 1867 Primum
725 1829 844 1881 igitur
864 1842 955 1866 eum
988 1838 1171 1881 tanquam
1195 1843 1215 1866 e
1247 1829 1411 1868 vinculis
1434 1844 1687 1868 numerorum
1713 1830 1863 1868 exima-

457 1909 560 1934 mus·
612 1896 719 1937 ,Sunt
754 1895 859 1933 enim
891 1895 1065 1947 quidam,
1098 1906 1141 1934 ut
1161 1897 1246 1942 scis,
1277 1898 1417 1935 oratori
1439 1898 1590 1935 numeri
1624 1897 1688 1948 (de
1718 1897 1863 1948 quibus

457 1975 551 2001 mox
582 1962 759 2015 agemus)
791 1961 1029 2007 observandi,
1062 1963 1206 2000 ratione
1237 1963 1418 2015 quadam,
1449 1963 1511 2001 sed
1545 1963 1620 2000 alio
1651 1963 1691 2000 in
1726 1974 1864 2014 genere

455 2028 654 2072 orationis,
686 2027 727 2065 in
760 2026 836 2065 hoc
868 2028 1032 2066 omnino
1058 2028 1317 2080 relinquendi.
1378 2028 1558 2066 Solutum
1581 2027 1768 2079 quiddam
1803 2027 1861 2072 s1t,

457 2108 528 2132 nec
554 2107 697 2147 vagum
730 2102 873 2138 tamen,
906 2104 949 2132 ut
981 2094 1130 2146 ingredi
1157 2094 1290 2139 libere,
1322 2107 1399 2132 non
1433 2104 1476 2131 ut
1513 2094 1673 2131 licenter
1692 2093 1864 2130 videatur

455 2174 589 2198 errare.
648 2159 777 2198 Verba
796 2160 913 2198 etiam
933 2160 1058 2197 verbis
1079 2161 1181 2212 quasi
1202 2169 1469 2213 coagmentare
1489 2160 1673 2212 negligat.
1731 2159 1865 2197 Habet

457 2227 563 2265 enim
584 2226 649 2264 ille
672 2235 854 2278 tanquam
884 2225 1012 2264 hiatus
1033 2226 1220 2264 concursu
1241 2226 1433 2265 vocalium
1455 2226 1574 2264 molle
1594 2226 1794 2279 quiddam,
1825 2235 1864 2264 et

457 2292 563 2348 quod
595 2292 739 2330 indicet
759 2306 838 2331 non
866 2293 1053 2345 ingratam
1075 2293 1366 2345 negligentiam,
1398 2293 1443 2331 de
1464 2306 1502 2332 re
1521 2292 1708 2337 hominis,
1740 2292 1863 2345 magis

457 2373 576 2414 quam
597 2359 642 2397 de
663 2358 804 2403 verbis,
826 2358 1046 2397 laborantis.
1090 2359 1161 2396 Sed
1181 2359 1252 2397 erit
1268 2359 1479 2397 videndum
1501 2359 1547 2397 de
1567 2360 1738 2411 reliquis,
1769 2372 1864 2397 cum

457 2425 539 2465 haec
571 2425 648 2463 duo
682 2425 717 2462 ei
751 2424 930 2462 liberiora
963 2423 1121 2470 fuerint,
1153 2425 1352 2471 circuitus,
1383 2425 1744 2478 conglutinatioque
1777 2438 1864 2462 ver-

457 2493 611 2532 borum.
673 2492 743 2530 Illa
773 2492 878 2530 enim
914 2491 991 2544 ipsa
1021 2493 1225 2538 contracta,
1256 2501 1293 2530 et
1323 2492 1487 2537 minuta,
1519 2507 1596 2531 non
1623 2491 1863 2544 negligenter

456 2557 647 2597 tractanda
666 2557 766 2605 sunt,
797 2557 859 2596 sed
879 2557 1055 2611 quaedam
1074 2557 1190 2597 etiam
1211 2557 1446 2613 negligentia
1464 2557 1516 2597 est
1531 2558 1708 2612 diligens.
1754 2556 1872 2611 Nam
