2176 2912
505 196 823 235 LIBER
899 195 1473 233 SECUNDUS
1619 210 1692 250 203

297 290 481 342 quoniam
502 288 596 326 inest
615 288 655 325 in
676 288 820 325 ratione
840 300 967 324 rerum
988 287 1000 323 ?
1031 301 1107 326 non
1128 288 1249 331 enim,
1282 287 1307 325 si
1328 287 1380 325 est
1399 287 1564 334 facilius,
1584 302 1629 327 eo
1649 289 1695 328 de

297 367 459 393 numero
479 366 634 405 quoque
653 352 707 390 est
725 352 1025 405 excerpendum.

353 420 457 472 Qia
489 419 593 464 nolo,
630 419 773 475 inquit,
804 419 950 463 omnia,
981 433 1065 471 quae
1097 418 1239 457 cadunt
1271 419 1476 471 aliquando
1509 420 1547 456 in
1569 428 1693 456 orato-

297 499 392 530 rem,
423 486 598 543 quamvis
619 485 759 537 exigua
775 484 860 529 fint,
891 498 933 523 ea
964 485 1012 522 fic
1034 487 1205 529 tractare,
1236 485 1337 537 quasi
1366 483 1463 522 nihil
1483 485 1594 536 poffit
1621 485 1696 522 dici

297 552 370 589 fine
391 551 587 604 praeceptis
608 551 697 589 suis,
743 550 851 590 Nam
871 559 909 588 et
929 550 1195 588 testimonium
1215 550 1309 603 saepe
1328 550 1537 588 dicendum
1558 549 1624 594 est,
1655 563 1697 588 ac

296 631 576 670 nonnunquam
607 618 724 656 etiam
744 618 972 661 accuratius,
1004 627 1046 654 ut
1075 616 1175 655 mihi
1196 617 1339 655 neceffe
1358 616 1433 655 fuit
1453 618 1492 654 in
1515 620 1599 655 Sex.
1622 617 1698 654 Ti-

296 685 412 729 tium,
441 684 659 722 seditiosum
690 684 832 728 civem,
863 692 901 721 et
922 683 1217 722 turbulentum:
1250 684 1439 736 explicavi
1459 684 1497 722 in
1519 697 1563 721 eo
1592 683 1697 721 testi»

296 751 431 789 monio
450 751 626 795 dicendo,
640 751 771 788 omnia
788 749 944 787 confilia
963 750 1179 788 consulatus
1198 750 1289 795 mei,
1311 751 1453 802 quibus
1470 750 1528 787 illi
1542 749 1699 788 tribuno

296 817 418 868 plebis
439 831 508 869 pro
527 817 724 868 republica
745 815 952 854 restitissem
967 835 977 860 ;
1010 829 1173 868 quaeque
1197 817 1244 853 ab
1265 829 1309 853 eo
1329 826 1460 854 contra
1481 816 1697 868 rempubli-

293 897 379 921 cam
400 882 498 921 faeta
517 883 730 926 arbitrarer,
766 882 936 934 exposui.
988 883 1070 920 Diu
1090 891 1259 920 retentus
1280 883 1377 928 sum,
1412 883 1535 921 multa
1556 883 1696 927 audivi,

293 949 419 987 multa
437 948 626 1001 respondi.
659 949 773 987 Num
793 949 912 1001 igitur
927 948 1066 1001 placet,
1081 962 1173 987 cum
1195 949 1240 987 de
1254 950 1473 1002 eloquentia
1489 949 1697 1002 praecipias,

293 1015 442 1067 aliquid
475 1016 592 1054 etiarn
623 1015 670 1054 de
704 1015 930 1055 testimoniis
961 1015 1147 1060 dicendis,
1183 1015 1285 1068 quasi
1322 1017 1362 1054 in
1394 1025 1485 1060 arte,
1522 1017 1665 1056 tradere
1683 1020 1696 1056 ?

295 1080 412 1119 Nihil
433 1082 531 1126 sane,
552 1083 682 1134 inquit
702 1082 878 1126 Catulus,
899 1082 1043 1121 neceffe
1063 1082 1128 1121 est.

350 1148 445 1186 XII.
480 1147 589 1199 Qid
609 1148 635 1185 fi
665 1148 789 1200 (quod
816 1148 909 1201 saepe
939 1148 1101 1188 summis
1133 1149 1222 1188 viris
1243 1149 1400 1201 accidit)
1430 1151 1607 1190 mandata
1627 1151 1699 1190 smt

292 1213 533 1266 exponenda,
553 1222 619 1251 aut
638 1214 679 1252 in
699 1213 828 1252 senatu
848 1214 894 1253 ab
912 1214 1154 1266 imperatore,
1177 1224 1241 1253 aut
1262 1216 1307 1253 ad
1327 1216 1613 1268 imperatorem,
1635 1228 1699 1257 aut

294 1279 341 1317 ad
361 1293 504 1331 regem,
527 1290 591 1318 aut
611 1280 656 1317 ad
677 1281 869 1332 populum
889 1281 1059 1332 aliquem
1079 1294 1099 1317 a
1130 1281 1286 1318 senatu?
1320 1296 1415 1320 num
1447 1284 1537 1334 quia
1562 1297 1700 1336 genere

293 1346 475 1384 orationis
489 1346 529 1383 in
544 1345 767 1398 hujusmodi
783 1345 899 1384 caufis
916 1347 1148 1385 accuratiore
1163 1347 1215 1384 est
1233 1347 1435 1392 utendum,
1454 1349 1599 1388 idcirco
1614 1363 1697 1402 pars

291 1412 409 1450 etiarn
429 1410 511 1449 haec
532 1412 729 1450 causarum
756 1412 990 1450 numeranda
1017 1413 1180 1456 videtur,
1212 1422 1276 1451 aut
1307 1414 1470 1465 propriis
1499 1416 1698 1468 praeceptis

293 1478 541 1516 instruenda?
572 1479 745 1516 Minime
766 1492 868 1522 vero,
891 1479 1020 1530 inquit
1043 1479 1228 1516 Catulus:
1262 1493 1339 1517 non
1360 1481 1464 1518 enim
1485 1482 1603 1519 deerit
1624 1481 1697 1521 ho-

294 1545 393 1583 mini
413 1545 551 1583 diserto
565 1547 607 1582 in
623 1545 812 1597 ejusmodi
832 1544 944 1583 rebus
968 1543 1144 1590 facultas,
1166 1559 1211 1584 ex
1230 1546 1374 1584 caeteris
1395 1547 1506 1585 rebus
1527 1558 1565 1585 et
1581 1549 1697 1587 causis

293 1621 523 1665 comparata.

354 1678 461 1730 Ergo
481 1678 589 1723 item,
611 1678 754 1729 inquit,
785 1678 864 1722 illa,
896 1691 980 1730 quae
1002 1677 1096 1730 saepe
1117 1677 1250 1716 diserte
1271 1678 1414 1730 agenda
1433 1679 1533 1725 sunt,
1555 1690 1592 1719 et
1611 1695 1698 1734 quae

293 1756 365 1795 ego
398 1743 512 1795 paulo
541 1754 629 1781 ante
661 1744 770 1795 (cum
802 1743 1065 1794 eloquentiam
1084 1743 1298 1796 laudarem)
1332 1745 1414 1783 dixi
1434 1746 1590 1784 oratoris
1611 1747 1695 1794 effe,

295 1822 419 1861 neque
451 1807 593 1846 habent
623 1809 735 1846 suum
766 1810 898 1846 locum
930 1809 1056 1847 ullum
1088 1810 1127 1847 in
1149 1811 1331 1849 divifione
1357 1812 1539 1864 partium,
1571 1827 1698 1865 neque

294 1883 445 1912 certum
475 1883 753 1926 praeceptorum
784 1887 917 1926 genus,
949 1884 986 1912 et
1006 1875 1149 1926 agenda
1179 1875 1266 1913 sunt
1285 1890 1362 1915 non
1388 1878 1518 1916 minus
1547 1878 1694 1925 diserte,

295 1952 412 1991 quam
433 1953 517 1992 quae
538 1939 577 1976 in
604 1939 673 1976 lite
704 1940 900 1984 dicuntur,
937 1940 1167 1992 objurgatio,
1200 1940 1427 1986 cohortatio,
1459 1943 1693 1991 consolatio,

292 2018 462 2057 quorum
483 2004 582 2042 nihil
603 2005 668 2050 est,
684 2006 789 2057 quod
808 2019 886 2043 non
908 2005 1058 2043 summa
1078 2006 1228 2044 dicendi
1250 2017 1472 2046 ornamenta
1492 2009 1692 2055 desideret,

295 2071 355 2108 sed
387 2084 433 2109 ex
467 2071 630 2109 artificio
660 2085 717 2109 res
746 2073 821 2110 istae
852 2083 1038 2124 praecepta
1070 2086 1146 2110 non
1168 2084 1356 2124 quaerunt.
1405 2074 1534 2119 Plane,
1566 2076 1694 2128 inquit

294 2136 470 2182 Catulus,
490 2136 677 2174 affentior.

350 2204 434 2254 Age
456 2216 556 2247 vero,
594 2204 720 2254 inquit
740 2204 950 2249 Antonius,
973 2204 1094 2256 qualis
1116 2205 1287 2249 oratoris,
1309 2215 1345 2242 et
1366 2206 1498 2257 quanti
1518 2205 1691 2246 hominis

296 2268 334 2304 in
356 2267 518 2305 dicendo
538 2278 646 2320 putas
667 2269 736 2307 esse
755 2268 951 2308 historiam
972 2270 1130 2307 scribere
1148 2271 1161 2307 ?
1196 2271 1232 2308 Si
1250 2281 1291 2308 ut
1308 2272 1437 2309 Graeci
1450 2272 1688 2324 scripserunt,

295 2333 450 2378 summi,
487 2335 614 2385 inquit
646 2336 831 2374 Catulus:
878 2336 904 2374 si
934 2346 977 2374 ut
1011 2336 1140 2381 nostri,
1172 2336 1269 2374 nihil
1304 2351 1400 2390 opus
1432 2339 1484 2376 est
1516 2349 1687 2378 oratore:

295 2399 380 2436 satis
400 2399 451 2436 est
473 2413 549 2437 non
570 2401 639 2438 effe
660 2402 897 2440 mendacem.
947 2403 1087 2454 Atqui,
1118 2417 1166 2440 ne
1187 2404 1329 2441 nostros
1361 2414 1598 2449 contemnas,
1627 2405 1688 2442 in-

295 2465 381 2517 quit
397 2466 605 2510 Antonius,
635 2467 762 2504 Graeci
784 2468 850 2520 ipfi
872 2469 921 2506 fic
942 2469 1054 2506 initio
1071 2469 1343 2521 scriptitarunt,
1371 2479 1414 2507 ut
1433 2470 1557 2508 noster
1577 2472 1687 2514 Cato,

294 2541 337 2571 ut
358 2532 498 2578 Pictor,
522 2542 563 2571 ut
588 2534 686 2572 Piso.
735 2535 829 2574 Erat
848 2536 953 2574 enim
973 2534 1128 2574 historia
1145 2535 1245 2574 nihil
1265 2536 1383 2581 aliud,
1406 2536 1473 2574 nisi
1491 2536 1688 2574 annalium

923 2603 956 2641 C
977 2615 997 2639 c
1030 2615 1051 2641 2
