2176 2912
412 260 462 314 58
663 259 778 299 DE
853 256 1566 299 INVENTIONE

411 353 623 391 utilitatem
643 351 797 405 speetu,
828 352 1014 405 quoniam
1035 353 1116 404 ejus
1137 351 1245 390 causa
1264 352 1316 390 est
1337 351 1522 396 instituta,
1546 351 1595 388 fic
1620 363 1641 388 a
1660 350 1813 403 legibus

411 418 511 458 nihil
531 418 712 457 convenit
732 419 919 463 arbitrari,
951 419 1019 456 nifi
1041 418 1145 470 quod
1165 419 1386 471 reipublicae
1407 418 1610 462 conducat,
1636 417 1810 470 proficis-

410 485 462 530 ci,
486 485 671 537 quoniam
691 485 772 535 ejus
793 483 900 521 causa
920 483 1008 521 sunt
1028 492 1268 535 comparatae.
1301 484 1406 534 Ergo
1423 483 1462 520 in
1482 481 1557 520 hoc
1574 496 1730 534 quoque
1742 483 1811 533 ju-

411 551 515 589 dicio
534 550 692 588 definite
718 550 847 587 literas
864 549 959 601 legis
980 549 1228 601 perscrutari3
1260 558 1298 586 et
1318 548 1459 600 legem,
1492 557 1535 586 ut
1560 562 1715 599 aequum
1744 548 1833 592 est„

409 628 458 653 ex
479 615 645 653 utilitate
665 614 886 666 reipublicae
913 613 1157 651 confiderate.
1198 613 1305 664 Qid
1325 613 1431 650 enim
1448 613 1569 665 magis
1587 613 1682 650 utile
1699 611 1811 650 The*

410 681 519 719 banis
545 679 635 725 fuit,
667 694 784 732 quam
805 680 1118 718 Lacedaemonios
1139 679 1309 732 opprimi
1327 681 1339 716 ?
1373 679 1481 729 (Qud
1502 679 1623 731 magis
1645 678 1810 731 Epami-

412 746 596 791 nondam,
622 744 904 784 Thebanorum
931 745 1218 797 imperatorem,
1250 758 1368 795 quam
1399 745 1566 782 viftoriae
1598 743 1811 782 Thebano-

412 826 501 850 rum
526 812 723 850 consulere
754 811 913 849 decuit?
960 810 1069 862 Qid
1097 809 1203 848 hunc
1236 820 1339 847 tanta
1365 808 1646 847 Thebanorum
1675 810 1811 862 gloria,

409 887 493 916 tam
513 878 614 915 claro
635 886 749 929 atque
769 885 951 914 exornato
972 886 1129 928 tropaeo,
1158 876 1280 914 carius
1307 886 1423 927 atque
1450 876 1645 927 antiquius
1674 874 1815 913 habere

409 943 620 980 convenit?
663 942 814 994 Scripto
843 941 1024 978 videlicet
1055 942 1150 993 legis
1179 941 1328 985 omifi‘o,
1361 941 1552 993 scriptoris
1584 941 1814 978 sententiam

412 1008 645 1046 confiderare
671 1008 845 1045 debebat.
888 1009 1020 1058 Atque
1040 1006 1115 1044 hoc
1135 1007 1295 1059 quidem
1323 1007 1408 1044 satis
1441 1007 1721 1045 consideratum
1745 1006 1812 1051 est,

412 1074 562 1112 nullam
592 1073 663 1112 effe
692 1074 834 1126 legem,
866 1073 935 1111 nifi
967 1073 1188 1126 reipublicae
1219 1073 1340 1118 causa,
1367 1073 1562 1126 scriptam.
1610 1074 1816 1111 Summam

412 1141 532 1193 igitur
551 1140 760 1178 amentiam
781 1139 851 1177 effe
871 1139 1125 1184 existimabat,
1157 1140 1263 1192 quod
1283 1140 1467 1192 scriptum
1485 1139 1574 1176 effet
1592 1139 1815 1191 reipublicae

412 1206 542 1244 salutis
562 1206 683 1251 causa,
717 1205 757 1243 id
777 1219 856 1243 non
876 1219 923 1243 ex
943 1205 1164 1258 reipublicae
1184 1205 1302 1242 salute
1332 1205 1586 1256 interpretari.
1647 1204 1766 1255 Qod
1786 1203 1814 1242 fi

413 1272 515 1324 leges
536 1285 670 1310 omnes
690 1271 737 1310 ad
758 1271 967 1309 utilitatem
988 1271 1209 1323 reipublicae
1229 1269 1360 1308 referri
1380 1270 1576 1313 convenit,
1598 1267 1663 1307 hic
1684 1278 1816 1307 autem

414 1337 524 1374 saluti
540 1336 760 1389 reipublicae
778 1335 940 1388 profuit,
959 1335 1130 1389 profeeto
1146 1349 1225 1373 non
1240 1335 1363 1387 potest
1379 1335 1515 1372 eodem
1532 1333 1634 1371 facito
1649 1342 1687 1371 et
1702 1347 1816 1372 com-

414 1402 599 1439 munibus
614 1400 781 1439 fortunis
798 1400 1039 1445 consuluisse,
1059 1409 1097 1438 et
1116 1400 1267 1453 legibus
1288 1414 1366 1438 non
1387 1398 1687 1452 obtemperasse-

466 1467 660 1506 XXXIX.
693 1468 871 1519 Qatuor
887 1476 1018 1504 autem
1037 1467 1210 1519 partibus
1231 1467 1379 1504 constat
1396 1464 1692 1518 argumentatio,
1720 1478 1815 1503 cum

414 1542 478 1571 aut
507 1533 778 1584 proponimus,
808 1541 873 1569 aut
903 1531 1142 1576 assumimus,
1171 1532 1248 1569 fine
1281 1531 1569 1584 approbatione.
1616 1530 1662 1568 Id
1691 1529 1816 1568 facere

413 1607 579 1651 oportet,
601 1611 693 1635 cum
714 1606 778 1634 aut
798 1597 1006 1649 propositio
1026 1610 1072 1634 ex
1094 1597 1129 1634 se
1150 1597 1395 1649 intelligitur,
1417 1605 1482 1633 aut
1502 1596 1706 1648 assumptio
1726 1609 1814 1648 per-

414 1664 542 1716 spicua
554 1663 606 1701 est
621 1672 658 1700 et
674 1662 819 1701 nullius
837 1662 1123 1715 approbationis
1139 1663 1301 1715 indiget.
1334 1662 1608 1715 propositionis
1625 1662 1815 1715 approba-

414 1731 520 1767 tione
532 1729 733 1782 praeterita,
743 1737 907 1780 quatuor
920 1742 965 1766 ex
979 1729 1151 1780 partibus
1165 1728 1446 1780 argumentatio
1461 1729 1639 1765 traecatur
1652 1728 1696 1765 ad
1710 1726 1816 1765 hunc

414 1796 606 1839 modum;
637 1794 809 1845 Judices,
832 1794 899 1846 qui
920 1807 966 1831 ex
987 1794 1071 1846 lege
1085 1795 1203 1846 jurati
1217 1794 1415 1846 judicatis,
1436 1793 1587 1846 legibus
1608 1793 1815 1845 obtempe-

415 1875 494 1898 rare
511 1861 672 1898 debetis.
706 1860 986 1912 Obtemperare
1005 1869 1136 1897 autem
1156 1860 1306 1912 legibus
1329 1873 1405 1897 non
1422 1859 1593 1912 potestis,
1611 1859 1693 1903 nifi,
1712 1859 1817 1911 quod

416 1927 600 1979 scriptum
622 1926 674 1963 est
695 1926 732 1963 in
749 1925 847 1978 lege,
868 1926 1095 1977 sequamini.
1129 1925 1247 1977 Qod
1266 1925 1372 1962 enim
1388 1926 1528 1963 certius
1546 1925 1639 1977 legis
1657 1924 1817 1977 scriptor

415 1985 682 2030 testimonium
712 1991 919 2029 voluntatis
941 1990 1012 2029 suae
1044 1991 1260 2043 relinquere
1280 1991 1424 2042 potuit,
1456 2003 1573 2042 quam
1598 1990 1705 2041 quod
1736 1989 1815 2041 ipse

416 2072 554 2110 magna
585 2071 677 2095 cu1n
698 2071 788 2095 cura
818 2067 932 2109 atque
958 2057 1158 2108 diligentia
1179 2057 1355 2108 scripsit?
1388 2056 1507 2106 Qod
1534 2055 1560 2093 fi
1587 2056 1705 2092 literae
1736 2068 1814 2092 non

415 2125 614 2168 exstarent,
633 2137 864 2176 magnopere
877 2137 936 2160 eas
953 2124 1247 2174 requireremus,
1266 2131 1308 2159 ut
1324 2136 1369 2160 ex
1387 2121 1446 2159 his
1464 2122 1656 2173 scriptoris
1673 2121 1815 2159 volun-

416 2199 470 2227 tas
491 2190 805 2241 cognosceretur:
830 2202 900 2226 ncc
921 2198 1048 2225 tamen
1072 2187 1352 2240 Epaminondae
1373 2188 1699 2239 permittereinu8‚
1723 2200 1770 2224 ne
1791 2187 1817 2224 fi

415 2265 519 2293 extra
533 2255 728 2306 judicium
749 2255 908 2307 quidem
929 2254 1030 2299 esset,
1064 2264 1107 2291 ut
1126 2255 1157 2292 is
1178 2255 1289 2292 nobis
1319 2253 1547 2292 sententiam
1578 2253 1672 2305 legis
1694 2254 1815 2291 inter-

417 2331 648 2374 pretaretur;
682 2321 825 2359 nedum
846 2334 949 2358 nunc
968 2320 1065 2358 istud
1087 2321 1290 2373 patiamur,
1309 2333 1401 2357 cum
1421 2319 1553 2373 praesto
1574 2319 1635 2356 Iex
1657 2319 1716 2363 fit,
1737 2332 1815 2357 non

416 2402 463 2426 ex
483 2401 542 2432 eO,
565 2388 669 2439 quod
689 2387 917 2440 apertiffime
939 2387 1124 2439 scriptum
1145 2387 1211 2431 est,
1244 2386 1305 2423 sed
1325 2400 1372 2424 ex
1392 2400 1450 2431 eo,
1480 2386 1586 2438 quod
1605 2385 1677 2423 suae
1698 2385 1816 2423 causae

415 2455 610 2498 convenit,
631 2454 821 2506 scriptoris
839 2453 1079 2491 voluntatem
1097 2453 1348 2505 interpretari.
1373 2453 1492 2504 Qod
1512 2453 1536 2490 fi
1554 2465 1634 2496 vos,
1648 2452 1816 2503 judices,

417 2520 566 2573 legibus
587 2521 849 2573 obtemperare
870 2520 1031 2566 debetis,
1062 2530 1099 2559 et
1120 2520 1159 2559 id
1183 2519 1306 2558 facere
1327 2533 1404 2559 non
1425 2519 1594 2572 potestis,
1613 2518 1695 2564 nifi,
1711 2517 1818 2572 quod
