2176 2912
432 212 508 265 356
774 211 905 250 DE
1019 210 1492 251 CLARIS

431 304 669 343 miseratione
703 303 888 349 adhibita,
933 303 1066 349 socios,
1111 304 1293 342 omnibus
1334 302 1648 356 approbantibus,
1686 301 1752 340 illa
1772 301 1833 340 die

431 371 636 424 quaestione
656 370 833 408 liberatos
855 370 937 408 effe.

487 438 641 475 XXIII.
675 438 735 475 Ex
756 435 828 474 hac
847 437 1045 474 Rutiliana
1062 437 1272 474 narratione
1295 436 1470 489 suspicari
1490 436 1595 480 licet,
1621 435 1729 487 (cum
1750 434 1833 472 duae

430 502 591 540 summae
605 503 676 540 smt
697 504 735 540 in
754 512 899 540 oratore
916 502 1060 547 laudes,
1078 516 1153 540 una
1169 502 1358 540 subtiliter
1378 501 1608 554 disputandi,
1629 501 1675 538 ad
1688 501 1831 539 docen-

430 570 551 614 duim
585 569 698 607 altera
730 569 893 621 graviter
913 568 1064 620 agendi,
1097 568 1142 605 ad
1173 568 1320 605 animos
1343 568 1582 604 audientium
1604 580 1831 619 permoven-

430 635 523 678 dos;
548 634 750 685 multoque
771 633 856 685 plus
874 632 1047 684 proficiat
1067 633 1096 669 is
1113 633 1181 683 qui
1201 632 1619 683 inflammetjudicem,
1635 645 1752 683 quam
1768 631 1834 668 ille

431 701 500 752 qui
521 701 696 750 doceat3)
731 690 959 749 elegantiam
981 698 1020 734 in
1039 697 1174 742 Laelio,
1209 698 1291 735 vim
1322 698 1360 735 in
1382 698 1521 742 Galba,
1553 696 1675 735 fuiffe.
1736 698 1833 748 Qae

430 765 589 816 quidem
612 764 666 801 vis
689 772 771 801 tum
794 763 964 800 maxime
984 763 1138 814 cognita
1155 762 1220 806 est,
1235 776 1342 807 cum,
1365 762 1554 800 Lufitanis
1575 776 1595 800 a
1615 763 1691 801 Ser.
1709 761 1836 800 Galba

430 831 594 868 Praetore
615 838 748 867 contra
767 828 1042 880 interpofitam,
1065 837 1107 865 ut
1127 827 1428 873 existimabatur,
1451 828 1583 873 fidem,
1606 826 1839 872 interfectis,

430 896 479 934 L.
499 896 650 934 Libone
671 895 828 933 tribuno
848 894 971 946 plebis
1003 894 1195 947 populum
1227 895 1422 939 incitante,
1458 904 1496 932 et
1524 895 1764 947 rogationem
1793 894 1834 932 in

431 962 599 999 Galbam
617 961 806 1014 privilegii
824 960 989 997 fimilem
1009 959 1166 1005 ferente,
1185 960 1334 998 summa
1347 960 1534 998 senectute
1554 961 1614 1012 (ut
1626 970 1716 998 >ante
1732 960 1831 1011 dixi)

429 1027 494 1065 M.
518 1028 615 1065 Cato
634 1027 761 1079 legem
783 1025 937 1063 suadens
969 1025 1009 1063 in
1032 1025 1200 1063 Galbam
1228 1026 1352 1064 multa
1381 1026 1507 1070 dixit;
1540 1040 1658 1078 quam
1690 1025 1832 1064 oratio-

428 1106 519 1130 nem
542 1093 581 1129 in
603 1092 783 1144 Origines
816 1091 895 1129 suas
927 1090 1072 1135 retulit,
1108 1092 1238 1143 paucis
1259 1101 1466 1143 antequam
1493 1100 1669 1129 mortuus
1689 1091 1754 1135 est,
1786 1103 1833 1128 an

428 1159 580 1203 diebus,
601 1172 647 1196 an
669 1157 861 1196 menfibus
878 1158 890 1194 ?
913 1159 1022 1195 Tum
1044 1157 1163 1208 igitur
1183 1156 1354 1195 recusans
1373 1157 1499 1195 Galba
1519 1171 1587 1210 pro
1606 1156 1692 1201 sese,
1707 1166 1745 1194 et
1759 1169 1832 1209 po-

427 1226 511 1277 puli
532 1225 702 1262 Romani
723 1224 840 1261 fidem
873 1224 1098 1275 implorans,
1130 1236 1224 1260 cum
1253 1223 1337 1261 suos
1358 1236 1508 1276 pueros,
1539 1237 1632 1261 cum
1654 1224 1701 1261 C.
1726 1222 1833 1261 Galli

427 1291 544 1328 etiam
572 1290 714 1334 filium,
745 1289 838 1327 fiens
871 1288 1195 1343 commendabam
1228 1289 1339 1341 cujus
1369 1289 1511 1327 orbitas
1528 1298 1577 1327 ,et
1605 1288 1715 1327 fletus
1736 1288 1834 1327 mire

428 1356 650 1395 miserabilis
672 1355 748 1393 fuit
766 1364 921 1408 propter
941 1363 1135 1392 recentem
1155 1355 1385 1393 memoriam
1405 1355 1598 1393 clariffimi
1619 1355 1757 1407 patris;
1781 1354 1831 1392 is·-

426 1436 501 1475 quc
522 1422 557 1460 se
590 1431 674 1460 tum
709 1422 849 1474 eripuit
870 1420 1039 1465 flamma,
1069 1430 1223 1473 propter
1256 1435 1392 1473 pueros
1413 1421 1671 1459 misericordia
1696 1420 1831 1473 populi

427 1498 640 1533 commota,
663 1489 757 1526 ficut
777 1489 882 1525 idem
899 1487 1085 1539 scriptum
1105 1488 1261 1539 reliquit
1283 1489 1394 1526 Cato.
1419 1490 1549 1539 Atque
1568 1489 1685 1526 etiam
1706 1487 1832 1540 ipsum

428 1556 623 1593 Libonem
645 1568 721 1592 non
743 1553 931 1591 infantem
953 1553 1063 1590 video
1083 1552 1205 1597 fuiffe,
1225 1562 1267 1590 ut
1288 1567 1334 1591 ex
1355 1554 1590 1592 orationibus
1611 1555 1692 1606 ejus
1712 1553 1830 1591 intel-

426 1622 494 1674 ligi
517 1621 651 1674 potest.

483 1689 587 1726 Cum
622 1688 703 1725 haec
725 1686 912 1732 dixiffem,
945 1696 982 1724 et
1008 1686 1169 1739 paulum
1200 1686 1538 1739 interquieviffem,
1568 1686 1677 1737 Qid
1698 1687 1829 1738 igitur,

425 1754 568 1805 inquit,
604 1753 656 1791 est
676 1753 806 1796 cansae,
839 1753 992 1796 Brutus,
1025 1752 1050 1789 fi
1074 1762 1174 1790 tanta
1194 1754 1313 1790 virtus
1348 1753 1388 1790 in
1419 1762 1564 1790 oratore
1596 1752 1721 1790 Galba
1739 1751 1829 1797 fuit,

425 1834 495 1858 cur
514 1834 555 1858 ea
575 1821 681 1858 nulla
710 1820 749 1857 in
770 1819 1006 1857 orationibus
1028 1820 1107 1870 ejus
1129 1828 1301 1872 appareat
1319 1820 1331 1856 ?
1364 1820 1470 1872 quod
1489 1819 1618 1857 mirari
1644 1832 1722 1857 non
1742 1818 1830 1872 pos-

427 1887 511 1924 sum
532 1887 571 1923 in
593 1887 659 1939 eis,
681 1886 747 1937 qui
770 1884 867 1923 nihil
889 1886 1049 1922 omnino
1069 1885 1199 1938 scripti
1220 1886 1470 1938 reliquerunt.

481 1953 633 1990 XXIV.
667 1953 754 1990 Nec
773 1953 879 1989 enim
901 1951 952 1989 est
972 1952 1119 1996 eadem,
1152 1953 1327 2004 inquam,
1352 1953 1481 1997 Brute,
1513 1952 1620 1990 causa
1640 1966 1716 1990 non
1738 1951 1831 1989 scri-

425 2019 555 2064 bendi,
577 2028 615 2057 et
633 2032 709 2057 non
731 2027 810 2056 tam
831 2019 927 2056 bene
947 2018 1148 2063 scribendi,
1171 2032 1289 2070 quam
1309 2018 1486 2056 dixerint.
1520 2019 1627 2056 Nam
1655 2017 1829 2055 videmus

424 2085 518 2124 alios
539 2094 704 2123 oratores
722 2085 858 2123 inertia
879 2083 978 2122 nihil
998 2083 1188 2136 scripfiffe,
1206 2097 1253 2122 ne
1268 2083 1498 2121 domesticus
1512 2084 1626 2121 etiam
1643 2084 1750 2122 labor
1765 2096 1830 2121 ac-

425 2151 575 2189 cederet
594 2151 640 2188 ad
660 2150 873 2188 forensem:
905 2151 1095 2203 pleraeque
1111 2150 1217 2187 enim
1238 2149 1455 2187 scribuntur
1480 2150 1667 2187 orationes
1688 2149 1829 2188 habitae

421 2220 518 2271 jam,
550 2231 626 2256 non
648 2226 691 2254 ut
711 2216 936 2255 habeantur.
996 2217 1106 2254 Alios
1128 2230 1203 2254 non
1224 2216 1405 2260 laborare,
1437 2225 1479 2254 ut
1508 2216 1684 2255 meliores
1705 2216 1799 2254 fiant
1814 2235 1827 2262 3

426 2283 534 2322 nulla
559 2284 665 2320 enim
686 2297 740 2320 res
775 2291 926 2320 tantum
946 2281 993 2319 ad
1013 2281 1222 2319 dicendum
1242 2281 1409 2334 proficit,
1432 2291 1621 2334 quantum
1643 2282 1827 2335 scriptio:

426 2349 658 2388 memoriam
689 2358 819 2386 autem
848 2348 888 2385 in
909 2347 1099 2400 posterum
1120 2348 1266 2400 ingenii
1298 2348 1352 2385 sui
1385 2361 1463 2386 non
1484 2348 1705 2392 defiderant,
1736 2361 1829 2386 cum

428 2416 463 2453 se
493 2424 630 2468 putant
662 2414 745 2453 satis
778 2428 958 2466 magnam
990 2414 1144 2467 adeptos
1178 2413 1248 2451 effe
1275 2414 1427 2452 dicendi
1457 2414 1636 2467 gloriam,
1666 2427 1829 2466 eamque

427 2483 546 2520 etiam
563 2482 748 2534 majorem
762 2481 885 2519 visum
902 2481 961 2525 iri,
981 2481 1006 2519 fi
1023 2482 1063 2519 in
1079 2480 1382 2519 existimantium
1397 2481 1600 2519 arbitrIum
1616 2480 1680 2518 sua
1693 2480 1829 2533 scripta

429 2561 507 2587 non
528 2548 714 2587 venerint.
759 2548 884 2594 Alios,
900 2547 1013 2600 ‘quod
1043 2546 1182 2586 melius
1205 2554 1342 2601 putent
1368 2547 1491 2586 dicere
1512 2546 1547 2586 se
1566 2546 1681 2600 poffe,
1709 2558 1828 2599 quam
