<?xml version="1.0" encoding="UTF-8"?>
<!DOCTYPE html PUBLIC "-//W3C//DTD XHTML 1.0 Transitional//EN"
    "http://www.w3.org/TR/xhtml1/DTD/xhtml1-transitional.dtd">
<html xmlns="http://www.w3.org/1999/xhtml" xml:lang="en" lang="en">
 <head>
  <title>
</title>
<meta http-equiv="Content-Type" content="text/html;charset=utf-8" />
  <meta name='ocr-system' content='tesseract 3.04.00' />
  <meta name='ocr-capabilities' content='ocr_page ocr_carea ocr_par ocr_line ocrx_word'/>
</head>
<body>
  <div class='ocr_page' id='page_1' title='image "./operacumindicibu01ciceuoft_0147.png"; bbox 0 0 2176 2912; ppageno 0'>
   <div class='ocr_carea' id='block_1_1' title="bbox 537 214 1649 268">
    <p class='ocr_par' dir='ltr' id='par_1_1' title="bbox 537 214 1649 268">
     <span class='ocr_line' id='line_1_1' title="bbox 537 214 1649 268; baseline -0.002 -12"><span class='ocrx_word' id='word_1_1' title='bbox 537 215 855 256; x_wconf 82' lang='lat' dir='ltr'>LIBER</span> <span class='ocrx_word' id='word_1_2' title='bbox 931 214 1346 253; x_wconf 73' lang='lat' dir='ltr'><strong>PRIMUS.</strong></span> <span class='ocrx_word' id='word_1_3' title='bbox 1576 228 1649 268; x_wconf 79' lang='lat'><strong>137</strong></span> 
     </span>
    </p>
   </div>
   <div class='ocr_carea' id='block_1_2' title="bbox 244 306 1650 2595">
    <p class='ocr_par' dir='ltr' id='par_1_2' title="bbox 249 306 1648 485">
     <span class='ocr_line' id='line_1_2' title="bbox 249 306 1648 361; baseline -0.004 -10"><span class='ocrx_word' id='word_1_4' title='bbox 249 312 448 350; x_wconf 84' lang='lat' dir='ltr'><strong>tolleretur</strong></span> <span class='ocrx_word' id='word_1_5' title='bbox 472 310 599 348; x_wconf 89' lang='lat' dir='ltr'><strong>omnis</strong></span> <span class='ocrx_word' id='word_1_6' title='bbox 629 307 696 346; x_wconf 88' lang='lat' dir='ltr'><strong>illa</strong></span> <span class='ocrx_word' id='word_1_7' title='bbox 716 307 915 361; x_wconf 88' lang='lat' dir='ltr'><strong>superioris</strong></span> <span class='ocrx_word' id='word_1_8' title='bbox 942 306 1092 344; x_wconf 85' lang='lat' dir='ltr'><strong>tristitia</strong></span> <span class='ocrx_word' id='word_1_9' title='bbox 1112 306 1318 345; x_wconf 85' lang='lat' dir='ltr'><strong>sermonis:</strong></span> <span class='ocrx_word' id='word_1_10' title='bbox 1351 320 1469 358; x_wconf 88' lang='lat' dir='ltr'><strong>eaque</strong></span> <span class='ocrx_word' id='word_1_11' title='bbox 1496 307 1583 346; x_wconf 86' lang='lat' dir='ltr'><strong>esset</strong></span> <span class='ocrx_word' id='word_1_12' title='bbox 1608 308 1648 346; x_wconf 87' lang='lat' dir='ltr'><strong>in</strong></span> 
     </span>
     <span class='ocr_line' id='line_1_3' title="bbox 251 372 1648 429; baseline -0.004 -13"><span class='ocrx_word' id='word_1_13' title='bbox 251 378 410 416; x_wconf 88' lang='lat' dir='ltr'><strong>homine</strong></span> <span class='ocrx_word' id='word_1_14' title='bbox 424 375 661 429; x_wconf 91' lang='lat' dir='ltr'><strong>jucunditas,</strong></span> <span class='ocrx_word' id='word_1_15' title='bbox 688 383 727 412; x_wconf 88' lang='lat' dir='ltr'><strong>et</strong></span> <span class='ocrx_word' id='word_1_16' title='bbox 746 383 874 412; x_wconf 83' lang='lat' dir='ltr'><strong>tantus</strong></span> <span class='ocrx_word' id='word_1_17' title='bbox 894 374 933 411; x_wconf 87' lang='lat' dir='ltr'><strong>in</strong></span> <span class='ocrx_word' id='word_1_18' title='bbox 951 372 1117 425; x_wconf 89' lang='lat' dir='ltr'><strong>jocando</strong></span> <span class='ocrx_word' id='word_1_19' title='bbox 1138 373 1258 425; x_wconf 84' lang='lat' dir='ltr'><strong>lepos,</strong></span> <span class='ocrx_word' id='word_1_20' title='bbox 1288 383 1329 411; x_wconf 89' lang='lat' dir='ltr'><strong>ut</strong></span> <span class='ocrx_word' id='word_1_21' title='bbox 1360 373 1438 410; x_wconf 85' lang='lat' dir='ltr'><strong>dies</strong></span> <span class='ocrx_word' id='word_1_22' title='bbox 1460 374 1559 411; x_wconf 88' lang='lat' dir='ltr'><strong>inter</strong></span> <span class='ocrx_word' id='word_1_23' title='bbox 1587 386 1648 411; x_wconf 88' lang='lat' dir='ltr'><strong>eos</strong></span> 
     </span>
     <span class='ocr_line' id='line_1_4' title="bbox 251 438 1230 485; baseline -0.005 -4"><span class='ocrx_word' id='word_1_24' title='bbox 251 444 377 481; x_wconf 89' lang='lat' dir='ltr'><strong>Curiae</strong></span> <span class='ocrx_word' id='word_1_25' title='bbox 397 441 507 480; x_wconf 83' lang='lat' dir='ltr'><strong>fuiffe</strong></span> <span class='ocrx_word' id='word_1_26' title='bbox 527 442 730 485; x_wconf 89' lang='lat' dir='ltr'><strong>videretur,</strong></span> <span class='ocrx_word' id='word_1_27' title='bbox 761 440 986 478; x_wconf 90' lang='lat' dir='ltr'><strong>convivium</strong></span> <span class='ocrx_word' id='word_1_28' title='bbox 1004 438 1230 477; x_wconf 85' lang='lat' dir='ltr'><strong>Tusculani.</strong></span> 
     </span>
    </p>

    <p class='ocr_par' dir='ltr' id='par_1_3' title="bbox 244 504 1650 1346">
     <span class='ocr_line' id='line_1_5' title="bbox 305 504 1650 558; baseline -0.004 -11"><span class='ocrx_word' id='word_1_29' title='bbox 305 509 457 547; x_wconf 90' lang='lat' dir='ltr'><strong>Postero</strong></span> <span class='ocrx_word' id='word_1_30' title='bbox 477 518 606 546; x_wconf 88' lang='lat' dir='ltr'><strong>autem</strong></span> <span class='ocrx_word' id='word_1_31' title='bbox 626 508 700 552; x_wconf 90' lang='lat' dir='ltr'><strong>die,</strong></span> <span class='ocrx_word' id='word_1_32' title='bbox 731 520 824 545; x_wconf 89' lang='lat' dir='ltr'><strong>cum</strong></span> <span class='ocrx_word' id='word_1_33' title='bbox 856 506 915 544; x_wconf 89' lang='lat' dir='ltr'><strong>illi</strong></span> <span class='ocrx_word' id='word_1_34' title='bbox 946 507 1106 558; x_wconf 86' lang='lat' dir='ltr'><strong>majores</strong></span> <span class='ocrx_word' id='word_1_35' title='bbox 1139 514 1230 543; x_wconf 88' lang='lat' dir='ltr'><strong>natu</strong></span> <span class='ocrx_word' id='word_1_36' title='bbox 1262 505 1347 543; x_wconf 86' lang='lat' dir='ltr'><strong>satis</strong></span> <span class='ocrx_word' id='word_1_37' title='bbox 1381 504 1581 557; x_wconf 71' lang='lat' dir='ltr'><strong>quiessent,</strong></span> <span class='ocrx_word' id='word_1_38' title='bbox 1612 514 1650 542; x_wconf 90' lang='lat' dir='ltr'><strong>et</strong></span> 
     </span>
     <span class='ocr_line' id='line_1_6' title="bbox 251 570 1649 616; baseline -0.002 -5"><span class='ocrx_word' id='word_1_39' title='bbox 251 574 291 612; x_wconf 89' lang='lat' dir='ltr'><strong>in</strong></span> <span class='ocrx_word' id='word_1_40' title='bbox 310 574 617 613; x_wconf 84' lang='lat' dir='ltr'>ambulationem</span> <span class='ocrx_word' id='word_1_41' title='bbox 643 582 806 611; x_wconf 90' lang='lat' dir='ltr'><strong>ventum</strong></span> <span class='ocrx_word' id='word_1_42' title='bbox 826 572 914 610; x_wconf 77' lang='lat' dir='ltr'><strong>esset</strong></span> <span class='ocrx_word' id='word_1_43' title='bbox 927 591 938 616; x_wconf 63' lang='grc' dir='ltr'><strong><em>ς</em></strong></span> <span class='ocrx_word' id='word_1_44' title='bbox 970 571 1121 610; x_wconf 90' lang='lat' dir='ltr'><strong>dicebat</strong></span> <span class='ocrx_word' id='word_1_45' title='bbox 1147 580 1234 608; x_wconf 89' lang='lat' dir='ltr'><strong>tum</strong></span> <span class='ocrx_word' id='word_1_46' title='bbox 1255 571 1477 615; x_wconf 86' lang='lat' dir='ltr'><strong>Scaevolam,</strong></span> <span class='ocrx_word' id='word_1_47' title='bbox 1499 570 1649 608; x_wconf 84' lang='lat' dir='ltr'><strong>duobus</strong></span> 
     </span>
     <span class='ocr_line' id='line_1_7' title="bbox 249 637 1649 693; baseline -0.004 -14"><span class='ocrx_word' id='word_1_48' title='bbox 249 639 376 693; x_wconf 88' lang='lat' dir='ltr'><strong>spatiis</strong></span> <span class='ocrx_word' id='word_1_49' title='bbox 409 640 575 678; x_wconf 88' lang='lat' dir='ltr'><strong>tribusve</strong></span> <span class='ocrx_word' id='word_1_50' title='bbox 594 640 717 685; x_wconf 69' lang='lat' dir='ltr'><strong>faecis,</strong></span> <span class='ocrx_word' id='word_1_51' title='bbox 740 638 884 683; x_wconf 83' lang='lat' dir='ltr'><strong>dixiffe,</strong></span> <span class='ocrx_word' id='word_1_52' title='bbox 908 639 990 676; x_wconf 90' lang='lat' dir='ltr'><strong>Cur</strong></span> <span class='ocrx_word' id='word_1_53' title='bbox 1008 651 1085 676; x_wconf 90' lang='lat' dir='ltr'><strong>non</strong></span> <span class='ocrx_word' id='word_1_54' title='bbox 1106 638 1319 682; x_wconf 85' lang='lat' dir='ltr'><strong>imitamur,</strong></span> <span class='ocrx_word' id='word_1_55' title='bbox 1352 637 1491 681; x_wconf 81' lang='lat' dir='ltr'><strong>Crasse,</strong></span> <span class='ocrx_word' id='word_1_56' title='bbox 1517 638 1649 674; x_wconf 87' lang='lat' dir='ltr'><strong>Socra-</strong></span> 
     </span>
     <span class='ocr_line' id='line_1_8' title="bbox 249 702 1650 759; baseline -0.004 -14"><span class='ocrx_word' id='word_1_57' title='bbox 249 715 329 745; x_wconf 89' lang='lat' dir='ltr'><strong>tem</strong></span> <span class='ocrx_word' id='word_1_58' title='bbox 345 708 474 751; x_wconf 89' lang='lat' dir='ltr'><strong>illum,</strong></span> <span class='ocrx_word' id='word_1_59' title='bbox 489 707 558 759; x_wconf 93' lang='lat' dir='ltr'><strong>qui</strong></span> <span class='ocrx_word' id='word_1_60' title='bbox 573 706 625 744; x_wconf 90' lang='lat' dir='ltr'><strong>est</strong></span> <span class='ocrx_word' id='word_1_61' title='bbox 641 707 681 744; x_wconf 89' lang='lat' dir='ltr'><strong>in</strong></span> <span class='ocrx_word' id='word_1_62' title='bbox 699 705 861 744; x_wconf 86' lang='lat' dir='ltr'><strong>Phaedro</strong></span> <span class='ocrx_word' id='word_1_63' title='bbox 878 705 1072 743; x_wconf 85' lang='lat' dir='ltr'><strong>Platonis?</strong></span> <span class='ocrx_word' id='word_1_64' title='bbox 1095 705 1201 742; x_wconf 88' lang='lat' dir='ltr'><strong>Nam</strong></span> <span class='ocrx_word' id='word_1_65' title='bbox 1218 717 1280 741; x_wconf 91' lang='lat' dir='ltr'><strong>me</strong></span> <span class='ocrx_word' id='word_1_66' title='bbox 1298 702 1379 742; x_wconf 83' lang='lat' dir='ltr'><strong>haec</strong></span> <span class='ocrx_word' id='word_1_67' title='bbox 1397 713 1460 741; x_wconf 90' lang='lat' dir='ltr'><strong>tua</strong></span> <span class='ocrx_word' id='word_1_68' title='bbox 1476 704 1650 756; x_wconf 85' lang='lat' dir='ltr'><strong>platanus</strong></span> 
     </span>
     <span class='ocr_line' id='line_1_9' title="bbox 249 768 1649 824; baseline -0.003 -14"><span class='ocrx_word' id='word_1_69' title='bbox 249 772 465 817; x_wconf 89' lang='lat' dir='ltr'><strong>admonuit,</strong></span> <span class='ocrx_word' id='word_1_70' title='bbox 497 786 582 824; x_wconf 84' lang='lat' dir='ltr'><strong>quae</strong></span> <span class='ocrx_word' id='word_1_71' title='bbox 602 785 680 810; x_wconf 90' lang='lat' dir='ltr'><strong>non</strong></span> <span class='ocrx_word' id='word_1_72' title='bbox 701 772 831 809; x_wconf 91' lang='lat' dir='ltr'><strong>minus</strong></span> <span class='ocrx_word' id='word_1_73' title='bbox 863 770 909 808; x_wconf 93' lang='lat' dir='ltr'><strong>ad</strong></span> <span class='ocrx_word' id='word_1_74' title='bbox 935 769 1178 823; x_wconf 87' lang='lat' dir='ltr'><strong>opacandum</strong></span> <span class='ocrx_word' id='word_1_75' title='bbox 1212 768 1317 807; x_wconf 89' lang='lat' dir='ltr'><strong>hunc</strong></span> <span class='ocrx_word' id='word_1_76' title='bbox 1346 769 1478 808; x_wconf 91' lang='lat' dir='ltr'><strong>locum</strong></span> <span class='ocrx_word' id='word_1_77' title='bbox 1510 768 1649 822; x_wconf 84' lang='lat' dir='ltr'><strong>patulis</strong></span> 
     </span>
     <span class='ocr_line' id='line_1_10' title="bbox 247 836 1647 890; baseline -0.003 -13"><span class='ocrx_word' id='word_1_78' title='bbox 247 839 300 876; x_wconf 84' lang='lat' dir='ltr'><strong>est</strong></span> <span class='ocrx_word' id='word_1_79' title='bbox 319 838 454 877; x_wconf 86' lang='lat' dir='ltr'><strong>diffusa</strong></span> <span class='ocrx_word' id='word_1_80' title='bbox 474 840 603 883; x_wconf 88' lang='lat' dir='ltr'><strong>ramis,</strong></span> <span class='ocrx_word' id='word_1_81' title='bbox 639 851 758 890; x_wconf 88' lang='lat' dir='ltr'><strong>quam</strong></span> <span class='ocrx_word' id='word_1_82' title='bbox 770 837 857 881; x_wconf 90' lang='lat' dir='ltr'><strong>-illa,</strong></span> <span class='ocrx_word' id='word_1_83' title='bbox 879 838 989 888; x_wconf 88' lang='lat' dir='ltr'><strong>cujus</strong></span> <span class='ocrx_word' id='word_1_84' title='bbox 1011 837 1191 875; x_wconf 88' lang='lat' dir='ltr'><strong>umbram</strong></span> <span class='ocrx_word' id='word_1_85' title='bbox 1212 836 1359 874; x_wconf 80' lang='lat' dir='ltr'><strong>secutus</strong></span> <span class='ocrx_word' id='word_1_86' title='bbox 1381 836 1433 874; x_wconf 87' lang='lat' dir='ltr'><strong>est</strong></span> <span class='ocrx_word' id='word_1_87' title='bbox 1454 837 1622 874; x_wconf 84' lang='lat' dir='ltr'><strong>Socrates</strong></span> <span class='ocrx_word' id='word_1_88' title='bbox 1635 853 1647 879; x_wconf 82' lang='lat'>;</span> 
     </span>
     <span class='ocr_line' id='line_1_11' title="bbox 244 902 1649 956; baseline -0.002 -14"><span class='ocrx_word' id='word_1_89' title='bbox 244 917 328 956; x_wconf 89' lang='lat' dir='ltr'><strong>quae</strong></span> <span class='ocrx_word' id='word_1_90' title='bbox 349 904 449 942; x_wconf 89' lang='lat' dir='ltr'><strong>mihi</strong></span> <span class='ocrx_word' id='word_1_91' title='bbox 469 905 619 942; x_wconf 88' lang='lat' dir='ltr'><strong>videtur</strong></span> <span class='ocrx_word' id='word_1_92' title='bbox 638 917 715 942; x_wconf 89' lang='lat' dir='ltr'><strong>non</strong></span> <span class='ocrx_word' id='word_1_93' title='bbox 748 912 827 941; x_wconf 89' lang='lat' dir='ltr'><strong>tam</strong></span> <span class='ocrx_word' id='word_1_94' title='bbox 854 903 933 956; x_wconf 71' lang='lat' dir='ltr'><strong>ipffi</strong></span> <span class='ocrx_word' id='word_1_95' title='bbox 958 903 1112 954; x_wconf 59' lang='lat' dir='ltr'><strong>aquulfi,</strong></span> <span class='ocrx_word' id='word_1_96' title='bbox 1144 917 1228 954; x_wconf 83' lang='lat' dir='ltr'><strong>quae</strong></span> <span class='ocrx_word' id='word_1_97' title='bbox 1262 902 1500 946; x_wconf 82' lang='lat' dir='ltr'><strong>describitur,</strong></span> <span class='ocrx_word' id='word_1_98' title='bbox 1532 915 1649 953; x_wconf 87' lang='lat' dir='ltr'><strong>quam</strong></span> 
     </span>
     <span class='ocr_line' id='line_1_12' title="bbox 248 967 1646 1022; baseline -0.002 -15"><span class='ocrx_word' id='word_1_99' title='bbox 248 970 419 1008; x_wconf 85' lang='lat' dir='ltr'><strong>Platonis</strong></span> <span class='ocrx_word' id='word_1_100' title='bbox 439 970 623 1014; x_wconf 88' lang='lat' dir='ltr'><strong>oratione,</strong></span> <span class='ocrx_word' id='word_1_101' title='bbox 646 969 822 1007; x_wconf 82' lang='lat' dir='ltr'><strong>creviffe:</strong></span> <span class='ocrx_word' id='word_1_102' title='bbox 845 977 897 1014; x_wconf 88' lang='lat' dir='ltr'><strong>et,</strong></span> <span class='ocrx_word' id='word_1_103' title='bbox 919 968 1025 1022; x_wconf 91' lang='lat' dir='ltr'><strong>quod</strong></span> <span class='ocrx_word' id='word_1_104' title='bbox 1045 968 1111 1006; x_wconf 92' lang='lat' dir='ltr'><strong>ille</strong></span> <span class='ocrx_word' id='word_1_105' title='bbox 1131 968 1337 1006; x_wconf 83' lang='lat' dir='ltr'><strong>duriffimis</strong></span> <span class='ocrx_word' id='word_1_106' title='bbox 1358 968 1519 1020; x_wconf 85' lang='lat' dir='ltr'><strong>pedibus</strong></span> <span class='ocrx_word' id='word_1_107' title='bbox 1540 967 1646 1011; x_wconf 90' lang='lat' dir='ltr'><strong>fecit,</strong></span> 
     </span>
     <span class='ocr_line' id='line_1_13' title="bbox 247 1033 1648 1089; baseline -0.001 -16"><span class='ocrx_word' id='word_1_108' title='bbox 247 1044 291 1073; x_wconf 91' lang='lat' dir='ltr'><strong>ut</strong></span> <span class='ocrx_word' id='word_1_109' title='bbox 311 1036 346 1074; x_wconf 91' lang='lat' dir='ltr'><strong>se</strong></span> <span class='ocrx_word' id='word_1_110' title='bbox 367 1037 547 1089; x_wconf 89' lang='lat' dir='ltr'><strong>abjiceret</strong></span> <span class='ocrx_word' id='word_1_111' title='bbox 567 1037 608 1075; x_wconf 91' lang='lat' dir='ltr'><strong>in</strong></span> <span class='ocrx_word' id='word_1_112' title='bbox 628 1036 804 1081; x_wconf 87' lang='lat' dir='ltr'><strong>herbam,</strong></span> <span class='ocrx_word' id='word_1_113' title='bbox 835 1045 949 1088; x_wconf 88' lang='lat' dir='ltr'><strong>atque</strong></span> <span class='ocrx_word' id='word_1_114' title='bbox 969 1036 1021 1073; x_wconf 91' lang='lat' dir='ltr'><strong>ita</strong></span> <span class='ocrx_word' id='word_1_115' title='bbox 1046 1035 1126 1079; x_wconf 85' lang='lat' dir='ltr'><strong>illa,</strong></span> <span class='ocrx_word' id='word_1_116' title='bbox 1159 1049 1243 1087; x_wconf 85' lang='lat' dir='ltr'><strong>quae</strong></span> <span class='ocrx_word' id='word_1_117' title='bbox 1264 1033 1484 1088; x_wconf 87' lang='lat' dir='ltr'><strong>philosophi</strong></span> <span class='ocrx_word' id='word_1_118' title='bbox 1506 1034 1648 1071; x_wconf 87' lang='lat' dir='ltr'><strong>divini-</strong></span> 
     </span>
     <span class='ocr_line' id='line_1_14' title="bbox 249 1100 1649 1156; baseline -0.001 -16"><span class='ocrx_word' id='word_1_119' title='bbox 249 1112 309 1140; x_wconf 90' lang='lat' dir='ltr'><strong>tus</strong></span> <span class='ocrx_word' id='word_1_120' title='bbox 341 1102 469 1142; x_wconf 88' lang='lat' dir='ltr'><strong>ferunt</strong></span> <span class='ocrx_word' id='word_1_121' title='bbox 498 1104 569 1142; x_wconf 79' lang='lat' dir='ltr'><strong>effe</strong></span> <span class='ocrx_word' id='word_1_122' title='bbox 598 1104 711 1148; x_wconf 56' lang='lat' dir='ltr'><strong>dista,</strong></span> <span class='ocrx_word' id='word_1_123' title='bbox 742 1103 978 1156; x_wconf 89' lang='lat' dir='ltr'><strong>loqueretur,</strong></span> <span class='ocrx_word' id='word_1_124' title='bbox 1010 1102 1049 1140; x_wconf 91' lang='lat' dir='ltr'><strong>id</strong></span> <span class='ocrx_word' id='word_1_125' title='bbox 1069 1102 1164 1140; x_wconf 88' lang='lat' dir='ltr'><strong>meis</strong></span> <span class='ocrx_word' id='word_1_126' title='bbox 1187 1102 1348 1154; x_wconf 87' lang='lat' dir='ltr'><strong>pedibus</strong></span> <span class='ocrx_word' id='word_1_127' title='bbox 1369 1111 1471 1139; x_wconf 85' lang='lat' dir='ltr'><strong>certe</strong></span> <span class='ocrx_word' id='word_1_128' title='bbox 1491 1100 1649 1138; x_wconf 86' lang='lat' dir='ltr'><strong>concedi</strong></span> 
     </span>
     <span class='ocr_line' id='line_1_15' title="bbox 247 1167 1647 1221; baseline -0.001 -15"><span class='ocrx_word' id='word_1_129' title='bbox 247 1168 300 1207; x_wconf 90' lang='lat' dir='ltr'><strong>est</strong></span> <span class='ocrx_word' id='word_1_130' title='bbox 319 1170 479 1221; x_wconf 76' lang='lat' dir='ltr'><strong>aequiuS.</strong></span> <span class='ocrx_word' id='word_1_131' title='bbox 522 1172 633 1208; x_wconf 91' lang='lat' dir='ltr'><strong>Tum</strong></span> <span class='ocrx_word' id='word_1_132' title='bbox 654 1169 843 1214; x_wconf 86' lang='lat' dir='ltr'><strong>Craffum,</strong></span> <span class='ocrx_word' id='word_1_133' title='bbox 877 1171 1002 1207; x_wconf 88' lang='lat' dir='ltr'><strong>immo</strong></span> <span class='ocrx_word' id='word_1_134' title='bbox 1022 1182 1109 1206; x_wconf 93' lang='lat' dir='ltr'><strong>vero</strong></span> <span class='ocrx_word' id='word_1_135' title='bbox 1129 1168 1375 1206; x_wconf 80' lang='lat' dir='ltr'><strong>commodius</strong></span> <span class='ocrx_word' id='word_1_136' title='bbox 1397 1168 1526 1210; x_wconf 83' lang='lat' dir='ltr'><strong>etiam,</strong></span> <span class='ocrx_word' id='word_1_137' title='bbox 1558 1167 1647 1219; x_wconf 87' lang='lat' dir='ltr'><strong>pul-</strong></span> 
     </span>
     <span class='ocr_line' id='line_1_16' title="bbox 249 1233 1648 1289; baseline -0.001 -17"><span class='ocrx_word' id='word_1_138' title='bbox 249 1235 432 1286; x_wconf 90' lang='lat' dir='ltr'><strong>vinosque</strong></span> <span class='ocrx_word' id='word_1_139' title='bbox 452 1236 671 1289; x_wconf 85' lang='lat' dir='ltr'><strong>poposciffe,</strong></span> <span class='ocrx_word' id='word_1_140' title='bbox 693 1246 731 1274; x_wconf 88' lang='lat' dir='ltr'><strong>et</strong></span> <span class='ocrx_word' id='word_1_141' title='bbox 751 1249 885 1274; x_wconf 84' lang='lat' dir='ltr'><strong>ornnes</strong></span> <span class='ocrx_word' id='word_1_142' title='bbox 906 1236 946 1273; x_wconf 89' lang='lat' dir='ltr'><strong>in</strong></span> <span class='ocrx_word' id='word_1_143' title='bbox 968 1235 1013 1273; x_wconf 84' lang='lat' dir='ltr'><strong>iis</strong></span> <span class='ocrx_word' id='word_1_144' title='bbox 1046 1234 1211 1279; x_wconf 88' lang='lat' dir='ltr'><strong>sedibus,</strong></span> <span class='ocrx_word' id='word_1_145' title='bbox 1246 1248 1330 1287; x_wconf 85' lang='lat' dir='ltr'><strong>quae</strong></span> <span class='ocrx_word' id='word_1_146' title='bbox 1350 1244 1456 1272; x_wconf 89' lang='lat' dir='ltr'><strong>erant</strong></span> <span class='ocrx_word' id='word_1_147' title='bbox 1476 1233 1543 1271; x_wconf 92' lang='lat' dir='ltr'><strong>sub</strong></span> <span class='ocrx_word' id='word_1_148' title='bbox 1565 1233 1648 1287; x_wconf 77' lang='lat' dir='ltr'><strong>pla-</strong></span> 
     </span>
     <span class='ocr_line' id='line_1_17' title="bbox 250 1302 763 1346; baseline 0.004 -8"><span class='ocrx_word' id='word_1_149' title='bbox 250 1310 353 1346; x_wconf 89' lang='lat' dir='ltr'><strong>tano,</strong></span> <span class='ocrx_word' id='word_1_150' title='bbox 375 1302 580 1340; x_wconf 72' lang='lat' dir='ltr'><strong>consedisse</strong></span> <span class='ocrx_word' id='word_1_151' title='bbox 600 1302 763 1340; x_wconf 75' lang='lat' dir='ltr'><strong>dicebat.</strong></span> 
     </span>
    </p>

    <p class='ocr_par' dir='ltr' id='par_1_4' title="bbox 247 1366 1649 2546">
     <span class='ocr_line' id='line_1_18' title="bbox 303 1366 1647 1421; baseline -0.001 -15"><span class='ocrx_word' id='word_1_152' title='bbox 303 1368 417 1406; x_wconf 91' lang='lat' dir='ltr'><strong>VIII.</strong></span> <span class='ocrx_word' id='word_1_153' title='bbox 448 1369 521 1413; x_wconf 89' lang='lat' dir='ltr'><strong>Ibi,</strong></span> <span class='ocrx_word' id='word_1_154' title='bbox 542 1378 583 1406; x_wconf 89' lang='lat' dir='ltr'><strong>ut</strong></span> <span class='ocrx_word' id='word_1_155' title='bbox 603 1383 649 1407; x_wconf 83' lang='lat' dir='ltr'><strong>ex</strong></span> <span class='ocrx_word' id='word_1_156' title='bbox 670 1369 828 1421; x_wconf 89' lang='lat' dir='ltr'><strong>pristino</strong></span> <span class='ocrx_word' id='word_1_157' title='bbox 849 1369 1020 1406; x_wconf 90' lang='lat' dir='ltr'><strong>sermone</strong></span> <span class='ocrx_word' id='word_1_158' title='bbox 1038 1368 1293 1406; x_wconf 82' lang='lat' dir='ltr'><strong>relaxarentur</strong></span> <span class='ocrx_word' id='word_1_159' title='bbox 1312 1366 1432 1404; x_wconf 88' lang='lat' dir='ltr'><strong>animi</strong></span> <span class='ocrx_word' id='word_1_160' title='bbox 1452 1367 1647 1409; x_wconf 83' lang='lat' dir='ltr'><strong>omnium.</strong></span> 
     </span>
     <span class='ocr_line' id='line_1_19' title="bbox 248 1432 1647 1486; baseline -0.001 -15"><span class='ocrx_word' id='word_1_161' title='bbox 248 1433 391 1472; x_wconf 89' lang='lat' dir='ltr'><strong>solebat</strong></span> <span class='ocrx_word' id='word_1_162' title='bbox 409 1435 526 1472; x_wconf 91' lang='lat' dir='ltr'><strong>Cotta</strong></span> <span class='ocrx_word' id='word_1_163' title='bbox 546 1448 705 1480; x_wconf 89' lang='lat' dir='ltr'><strong>narrare,</strong></span> <span class='ocrx_word' id='word_1_164' title='bbox 739 1434 913 1473; x_wconf 87' lang='lat' dir='ltr'><strong>Craffum</strong></span> <span class='ocrx_word' id='word_1_165' title='bbox 934 1434 1148 1472; x_wconf 88' lang='lat' dir='ltr'><strong>sermonem</strong></span> <span class='ocrx_word' id='word_1_166' title='bbox 1166 1433 1357 1486; x_wconf 85' lang='lat' dir='ltr'><strong>quendam</strong></span> <span class='ocrx_word' id='word_1_167' title='bbox 1379 1433 1424 1470; x_wconf 91' lang='lat' dir='ltr'><strong>de</strong></span> <span class='ocrx_word' id='word_1_168' title='bbox 1444 1433 1566 1470; x_wconf 90' lang='lat' dir='ltr'><strong>studio</strong></span> <span class='ocrx_word' id='word_1_169' title='bbox 1587 1432 1647 1470; x_wconf 92' lang='lat' dir='ltr'><strong>di-</strong></span> 
     </span>
     <span class='ocr_line' id='line_1_20' title="bbox 249 1497 1649 1552; baseline -0.001 -15"><span class='ocrx_word' id='word_1_170' title='bbox 249 1500 361 1538; x_wconf 91' lang='lat' dir='ltr'><strong>cendi</strong></span> <span class='ocrx_word' id='word_1_171' title='bbox 378 1500 556 1538; x_wconf 76' lang='lat' dir='ltr'><strong>intulisse.</strong></span> <span class='ocrx_word' id='word_1_172' title='bbox 596 1502 678 1552; x_wconf 85' lang='lat' dir='ltr'><strong>Qi</strong></span> <span class='ocrx_word' id='word_1_173' title='bbox 695 1514 786 1538; x_wconf 89' lang='lat' dir='ltr'><strong>cum</strong></span> <span class='ocrx_word' id='word_1_174' title='bbox 805 1501 857 1537; x_wconf 90' lang='lat' dir='ltr'><strong>ita</strong></span> <span class='ocrx_word' id='word_1_175' title='bbox 873 1500 962 1538; x_wconf 87' lang='lat' dir='ltr'><strong>effet</strong></span> <span class='ocrx_word' id='word_1_176' title='bbox 979 1500 1146 1544; x_wconf 82' lang='lat' dir='ltr'><strong>exorsus,</strong></span> <span class='ocrx_word' id='word_1_177' title='bbox 1170 1500 1263 1538; x_wconf 89' lang='lat' dir='ltr'><strong>Non</strong></span> <span class='ocrx_word' id='word_1_178' title='bbox 1281 1499 1349 1536; x_wconf 86' lang='lat' dir='ltr'><strong>fibi</strong></span> <span class='ocrx_word' id='word_1_179' title='bbox 1366 1497 1649 1536; x_wconf 77' lang='lat' dir='ltr'><strong>cohortandum</strong></span> 
     </span>
     <span class='ocr_line' id='line_1_21' title="bbox 249 1564 1647 1618; baseline -0.001 -15"><span class='ocrx_word' id='word_1_180' title='bbox 249 1565 467 1618; x_wconf 88' lang='lat' dir='ltr'><strong>Sulpicium</strong></span> <span class='ocrx_word' id='word_1_181' title='bbox 482 1576 520 1605; x_wconf 89' lang='lat' dir='ltr'><strong>et</strong></span> <span class='ocrx_word' id='word_1_182' title='bbox 542 1568 715 1611; x_wconf 89' lang='lat' dir='ltr'><strong>Cottam,</strong></span> <span class='ocrx_word' id='word_1_183' title='bbox 738 1566 800 1604; x_wconf 90' lang='lat' dir='ltr'><strong>sed</strong></span> <span class='ocrx_word' id='word_1_184' title='bbox 820 1567 942 1618; x_wconf 85' lang='lat' dir='ltr'><strong>magis</strong></span> <span class='ocrx_word' id='word_1_185' title='bbox 964 1574 1174 1617; x_wconf 87' lang='lat' dir='ltr'><strong>utrumque</strong></span> <span class='ocrx_word' id='word_1_186' title='bbox 1194 1564 1493 1603; x_wconf 84' lang='lat' dir='ltr'><strong>collaudandum</strong></span> <span class='ocrx_word' id='word_1_187' title='bbox 1515 1565 1647 1608; x_wconf 86' lang='lat' dir='ltr'><strong>videri,</strong></span> 
     </span>
     <span class='ocr_line' id='line_1_22' title="bbox 247 1630 1647 1685; baseline -0.001 -16"><span class='ocrx_word' id='word_1_188' title='bbox 247 1632 353 1683; x_wconf 92' lang='lat' dir='ltr'><strong>quod</strong></span> <span class='ocrx_word' id='word_1_189' title='bbox 373 1641 520 1671; x_wconf 87' lang='lat' dir='ltr'><strong>tantam</strong></span> <span class='ocrx_word' id='word_1_190' title='bbox 534 1634 617 1685; x_wconf 89' lang='lat' dir='ltr'><strong>jam</strong></span> <span class='ocrx_word' id='word_1_191' title='bbox 637 1632 754 1671; x_wconf 86' lang='lat' dir='ltr'><strong>effent</strong></span> <span class='ocrx_word' id='word_1_192' title='bbox 772 1631 998 1670; x_wconf 89' lang='lat' dir='ltr'><strong>facultatem</strong></span> <span class='ocrx_word' id='word_1_193' title='bbox 1018 1631 1158 1685; x_wconf 89' lang='lat' dir='ltr'><strong>adepti,</strong></span> <span class='ocrx_word' id='word_1_194' title='bbox 1181 1640 1224 1669; x_wconf 92' lang='lat' dir='ltr'><strong>ut</strong></span> <span class='ocrx_word' id='word_1_195' title='bbox 1244 1644 1322 1669; x_wconf 92' lang='lat' dir='ltr'><strong>non</strong></span> <span class='ocrx_word' id='word_1_196' title='bbox 1343 1630 1552 1682; x_wconf 82' lang='lat' dir='ltr'><strong>aequalibus</strong></span> <span class='ocrx_word' id='word_1_197' title='bbox 1574 1630 1647 1668; x_wconf 87' lang='lat' dir='ltr'><strong>suis</strong></span> 
     </span>
     <span class='ocr_line' id='line_1_23' title="bbox 248 1696 1645 1751; baseline -0.001 -18"><span class='ocrx_word' id='word_1_198' title='bbox 248 1696 373 1736; x_wconf 83' lang='lat' dir='ltr'><strong>solum</strong></span> <span class='ocrx_word' id='word_1_199' title='bbox 393 1707 728 1751; x_wconf 86' lang='lat' dir='ltr'><strong>anteponerentur,</strong></span> <span class='ocrx_word' id='word_1_200' title='bbox 760 1697 823 1736; x_wconf 90' lang='lat' dir='ltr'><strong>sed</strong></span> <span class='ocrx_word' id='word_1_201' title='bbox 853 1711 946 1736; x_wconf 90' lang='lat' dir='ltr'><strong>cum</strong></span> <span class='ocrx_word' id='word_1_202' title='bbox 976 1698 1185 1748; x_wconf 88' lang='lat' dir='ltr'><strong>majoribus</strong></span> <span class='ocrx_word' id='word_1_203' title='bbox 1206 1705 1298 1734; x_wconf 84' lang='lat' dir='ltr'><strong>natu</strong></span> <span class='ocrx_word' id='word_1_204' title='bbox 1324 1704 1645 1748; x_wconf 86' lang='lat' dir='ltr'><strong>compararentur.</strong></span> 
     </span>
     <span class='ocr_line' id='line_1_24' title="bbox 248 1762 1648 1818; baseline -0.002 -17"><span class='ocrx_word' id='word_1_205' title='bbox 248 1762 390 1816; x_wconf 89' lang='lat' dir='ltr'><strong>Neque</strong></span> <span class='ocrx_word' id='word_1_206' title='bbox 410 1778 498 1802; x_wconf 90' lang='lat' dir='ltr'><strong>vero</strong></span> <span class='ocrx_word' id='word_1_207' title='bbox 524 1764 624 1803; x_wconf 93' lang='lat' dir='ltr'><strong>mihi</strong></span> <span class='ocrx_word' id='word_1_208' title='bbox 645 1765 874 1818; x_wconf 89' lang='lat' dir='ltr'><strong>quidquam,</strong></span> <span class='ocrx_word' id='word_1_209' title='bbox 903 1764 1044 1816; x_wconf 89' lang='lat' dir='ltr'><strong>inquit,</strong></span> <span class='ocrx_word' id='word_1_210' title='bbox 1067 1763 1314 1816; x_wconf 66' lang='lat' dir='ltr'><strong>praestabilius</strong></span> <span class='ocrx_word' id='word_1_211' title='bbox 1335 1762 1499 1807; x_wconf 89' lang='lat' dir='ltr'><strong>videtur,</strong></span> <span class='ocrx_word' id='word_1_212' title='bbox 1530 1775 1648 1814; x_wconf 85' lang='lat' dir='ltr'><strong>quam</strong></span> 
     </span>
     <span class='ocr_line' id='line_1_25' title="bbox 248 1829 1647 1883; baseline -0.001 -16"><span class='ocrx_word' id='word_1_213' title='bbox 248 1830 350 1883; x_wconf 84' lang='lat' dir='ltr'><strong>poffe</strong></span> <span class='ocrx_word' id='word_1_214' title='bbox 382 1831 544 1869; x_wconf 88' lang='lat' dir='ltr'><strong>dicendo</strong></span> <span class='ocrx_word' id='word_1_215' title='bbox 575 1841 702 1869; x_wconf 88' lang='lat' dir='ltr'><strong>tenere</strong></span> <span class='ocrx_word' id='word_1_216' title='bbox 732 1831 941 1869; x_wconf 89' lang='lat' dir='ltr'><strong>hominum</strong></span> <span class='ocrx_word' id='word_1_217' title='bbox 967 1840 1104 1875; x_wconf 86' lang='lat' dir='ltr'><strong>coetus,</strong></span> <span class='ocrx_word' id='word_1_218' title='bbox 1136 1839 1282 1868; x_wconf 84' lang='lat' dir='ltr'><strong>mentes</strong></span> <span class='ocrx_word' id='word_1_219' title='bbox 1311 1829 1476 1873; x_wconf 86' lang='lat' dir='ltr'><strong>allicere,</strong></span> <span class='ocrx_word' id='word_1_220' title='bbox 1508 1829 1647 1866; x_wconf 88' lang='lat' dir='ltr'><strong>volun-</strong></span> 
     </span>
     <span class='ocr_line' id='line_1_26' title="bbox 249 1896 1648 1949; baseline 0 -16"><span class='ocrx_word' id='word_1_221' title='bbox 249 1905 342 1934; x_wconf 82' lang='lat' dir='ltr'><strong>tates</strong></span> <span class='ocrx_word' id='word_1_222' title='bbox 364 1896 562 1949; x_wconf 85' lang='lat' dir='ltr'><strong>impellere</strong></span> <span class='ocrx_word' id='word_1_223' title='bbox 581 1911 660 1949; x_wconf 91' lang='lat' dir='ltr'><strong>quo</strong></span> <span class='ocrx_word' id='word_1_224' title='bbox 679 1897 771 1935; x_wconf 81' lang='lat' dir='ltr'><strong>velis</strong></span> <span class='ocrx_word' id='word_1_225' title='bbox 790 1915 800 1941; x_wconf 91' lang='lat'>;</span> <span class='ocrx_word' id='word_1_226' title='bbox 823 1897 924 1934; x_wconf 89' lang='lat' dir='ltr'><strong>unde</strong></span> <span class='ocrx_word' id='word_1_227' title='bbox 945 1906 1075 1934; x_wconf 90' lang='lat' dir='ltr'><strong>autem</strong></span> <span class='ocrx_word' id='word_1_228' title='bbox 1095 1896 1202 1940; x_wconf 86' lang='lat' dir='ltr'><strong>velis,</strong></span> <span class='ocrx_word' id='word_1_229' title='bbox 1225 1896 1424 1934; x_wconf 86' lang='lat' dir='ltr'><strong>deducere.</strong></span> <span class='ocrx_word' id='word_1_230' title='bbox 1457 1896 1555 1934; x_wconf 78' lang='lat' dir='ltr'><strong>Haec</strong></span> <span class='ocrx_word' id='word_1_231' title='bbox 1576 1909 1648 1933; x_wconf 86' lang='lat' dir='ltr'><strong>una</strong></span> 
     </span>
     <span class='ocr_line' id='line_1_27' title="bbox 249 1962 1648 2016; baseline -0.001 -16"><span class='ocrx_word' id='word_1_232' title='bbox 249 1976 304 2001; x_wconf 90' lang='lat' dir='ltr'><strong>res</strong></span> <span class='ocrx_word' id='word_1_233' title='bbox 325 1963 365 2001; x_wconf 92' lang='lat' dir='ltr'><strong>in</strong></span> <span class='ocrx_word' id='word_1_234' title='bbox 385 1964 494 2002; x_wconf 90' lang='lat' dir='ltr'><strong>omni</strong></span> <span class='ocrx_word' id='word_1_235' title='bbox 511 1964 632 2002; x_wconf 87' lang='lat' dir='ltr'><strong>libero</strong></span> <span class='ocrx_word' id='word_1_236' title='bbox 653 1964 812 2016; x_wconf 88' lang='lat' dir='ltr'><strong>populo,</strong></span> <span class='ocrx_word' id='word_1_237' title='bbox 844 1964 1090 2015; x_wconf 82' lang='lat' dir='ltr'><strong>maximeque</strong></span> <span class='ocrx_word' id='word_1_238' title='bbox 1111 1963 1149 2000; x_wconf 89' lang='lat' dir='ltr'><strong>in</strong></span> <span class='ocrx_word' id='word_1_239' title='bbox 1171 1963 1326 2015; x_wconf 81' lang='lat' dir='ltr'><strong>pacatis,</strong></span> <span class='ocrx_word' id='word_1_240' title='bbox 1356 1962 1648 2014; x_wconf 86' lang='lat' dir='ltr'><strong>tranquillisque</strong></span> 
     </span>
     <span class='ocr_line' id='line_1_28' title="bbox 248 2029 1644 2083; baseline 0 -16"><span class='ocrx_word' id='word_1_241' title='bbox 248 2030 468 2068; x_wconf 87' lang='lat' dir='ltr'><strong>civitatibus</strong></span> <span class='ocrx_word' id='word_1_242' title='bbox 501 2031 690 2083; x_wconf 78' lang='lat' dir='ltr'><strong>praecipue</strong></span> <span class='ocrx_word' id='word_1_243' title='bbox 726 2030 872 2082; x_wconf 90' lang='lat' dir='ltr'><strong>semper</strong></span> <span class='ocrx_word' id='word_1_244' title='bbox 904 2029 1045 2073; x_wconf 82' lang='lat' dir='ltr'><strong>floruit,</strong></span> <span class='ocrx_word' id='word_1_245' title='bbox 1095 2029 1315 2081; x_wconf 87' lang='lat' dir='ltr'><strong>semperque</strong></span> <span class='ocrx_word' id='word_1_246' title='bbox 1350 2029 1545 2066; x_wconf 86' lang='lat' dir='ltr'><strong>dominata</strong></span> <span class='ocrx_word' id='word_1_247' title='bbox 1578 2029 1644 2067; x_wconf 89' lang='lat' dir='ltr'><strong>est.</strong></span> 
     </span>
     <span class='ocr_line' id='line_1_29' title="bbox 249 2095 1648 2149; baseline -0.001 -15"><span class='ocrx_word' id='word_1_248' title='bbox 249 2096 357 2149; x_wconf 83' lang='lat' dir='ltr'><strong>Qid</strong></span> <span class='ocrx_word' id='word_1_249' title='bbox 376 2097 482 2135; x_wconf 86' lang='lat' dir='ltr'><strong>enim</strong></span> <span class='ocrx_word' id='word_1_250' title='bbox 503 2097 556 2134; x_wconf 90' lang='lat' dir='ltr'><strong>est</strong></span> <span class='ocrx_word' id='word_1_251' title='bbox 571 2106 635 2135; x_wconf 87' lang='lat' dir='ltr'><strong>aut</strong></span> <span class='ocrx_word' id='word_1_252' title='bbox 657 2106 736 2135; x_wconf 91' lang='lat' dir='ltr'><strong>tam</strong></span> <span class='ocrx_word' id='word_1_253' title='bbox 758 2096 994 2140; x_wconf 86' lang='lat' dir='ltr'><strong>admirabile,</strong></span> <span class='ocrx_word' id='word_1_254' title='bbox 1020 2110 1138 2148; x_wconf 86' lang='lat' dir='ltr'><strong>quam</strong></span> <span class='ocrx_word' id='word_1_255' title='bbox 1158 2110 1204 2133; x_wconf 83' lang='lat' dir='ltr'><strong>ex</strong></span> <span class='ocrx_word' id='word_1_256' title='bbox 1227 2095 1377 2133; x_wconf 86' lang='lat' dir='ltr'><strong>infinita</strong></span> <span class='ocrx_word' id='word_1_257' title='bbox 1395 2095 1648 2134; x_wconf 84' lang='lat' dir='ltr'><strong>multitudine</strong></span> 
     </span>
     <span class='ocr_line' id='line_1_30' title="bbox 248 2161 1645 2215; baseline 0 -15"><span class='ocrx_word' id='word_1_258' title='bbox 248 2161 457 2201; x_wconf 91' lang='lat' dir='ltr'><strong>hominum</strong></span> <span class='ocrx_word' id='word_1_259' title='bbox 477 2163 646 2201; x_wconf 80' lang='lat' dir='ltr'><strong>exsistere</strong></span> <span class='ocrx_word' id='word_1_260' title='bbox 676 2177 814 2208; x_wconf 88' lang='lat' dir='ltr'><strong>unum,</strong></span> <span class='ocrx_word' id='word_1_261' title='bbox 847 2163 914 2215; x_wconf 87' lang='lat' dir='ltr'><strong>qui</strong></span> <span class='ocrx_word' id='word_1_262' title='bbox 934 2162 987 2207; x_wconf 93' lang='lat' dir='ltr'><strong>id,</strong></span> <span class='ocrx_word' id='word_1_263' title='bbox 1020 2163 1123 2214; x_wconf 85' lang='lat' dir='ltr'><strong>quod</strong></span> <span class='ocrx_word' id='word_1_264' title='bbox 1144 2162 1324 2200; x_wconf 80' lang='lat' dir='ltr'><strong>omnibus</strong></span> <span class='ocrx_word' id='word_1_265' title='bbox 1353 2171 1484 2200; x_wconf 86' lang='lat' dir='ltr'><strong>natura</strong></span> <span class='ocrx_word' id='word_1_266' title='bbox 1515 2163 1558 2200; x_wconf 82' lang='lat' dir='ltr'><strong>sit</strong></span> <span class='ocrx_word' id='word_1_267' title='bbox 1579 2162 1645 2200; x_wconf 83' lang='lat' dir='ltr'><strong>da-</strong></span> 
     </span>
     <span class='ocr_line' id='line_1_31' title="bbox 249 2227 1645 2281; baseline 0 -16"><span class='ocrx_word' id='word_1_268' title='bbox 249 2237 348 2272; x_wconf 87' lang='lat' dir='ltr'><strong>tum,</strong></span> <span class='ocrx_word' id='word_1_269' title='bbox 366 2228 423 2265; x_wconf 92' lang='lat' dir='ltr'><strong>vel</strong></span> <span class='ocrx_word' id='word_1_270' title='bbox 445 2228 559 2273; x_wconf 89' lang='lat' dir='ltr'><strong>solus,</strong></span> <span class='ocrx_word' id='word_1_271' title='bbox 582 2229 639 2266; x_wconf 88' lang='lat' dir='ltr'><strong>vel</strong></span> <span class='ocrx_word' id='word_1_272' title='bbox 660 2242 752 2266; x_wconf 89' lang='lat' dir='ltr'><strong>cum</strong></span> <span class='ocrx_word' id='word_1_273' title='bbox 773 2229 918 2281; x_wconf 74' lang='lat' dir='ltr'><strong>pauciS,</strong></span> <span class='ocrx_word' id='word_1_274' title='bbox 937 2227 1059 2265; x_wconf 83' lang='lat' dir='ltr'><strong>faeere</strong></span> <span class='ocrx_word' id='word_1_275' title='bbox 1077 2227 1186 2280; x_wconf 85' lang='lat' dir='ltr'><strong>poffit</strong></span> <span class='ocrx_word' id='word_1_276' title='bbox 1202 2229 1214 2265; x_wconf 91' lang='lat'>?</span> <span class='ocrx_word' id='word_1_277' title='bbox 1246 2237 1310 2264; x_wconf 87' lang='lat' dir='ltr'><strong>aut</strong></span> <span class='ocrx_word' id='word_1_278' title='bbox 1329 2237 1407 2264; x_wconf 83' lang='lat' dir='ltr'><strong>tam</strong></span> <span class='ocrx_word' id='word_1_279' title='bbox 1423 2228 1645 2279; x_wconf 83' lang='lat' dir='ltr'><strong>jucundum</strong></span> 
     </span>
     <span class='ocr_line' id='line_1_32' title="bbox 247 2293 1646 2346; baseline -0.001 -16"><span class='ocrx_word' id='word_1_280' title='bbox 247 2293 406 2344; x_wconf 85' lang='lat' dir='ltr'><strong>cognitu</strong></span> <span class='ocrx_word' id='word_1_281' title='bbox 437 2303 551 2344; x_wconf 84' lang='lat' dir='ltr'><strong>atque</strong></span> <span class='ocrx_word' id='word_1_282' title='bbox 584 2294 732 2338; x_wconf 87' lang='lat' dir='ltr'><strong>auditu,</strong></span> <span class='ocrx_word' id='word_1_283' title='bbox 763 2307 880 2346; x_wconf 90' lang='lat' dir='ltr'><strong>quam</strong></span> <span class='ocrx_word' id='word_1_284' title='bbox 900 2293 1132 2346; x_wconf 82' lang='lat' dir='ltr'><strong>sapientibus</strong></span> <span class='ocrx_word' id='word_1_285' title='bbox 1154 2293 1361 2337; x_wconf 78' lang='lat' dir='ltr'><strong>sententiis,</strong></span> <span class='ocrx_word' id='word_1_286' title='bbox 1394 2294 1646 2345; x_wconf 82' lang='lat' dir='ltr'><strong>gravibusque</strong></span> 
     </span>
     <span class='ocr_line' id='line_1_33' title="bbox 248 2359 1644 2413; baseline 0 -17"><span class='ocrx_word' id='word_1_287' title='bbox 248 2359 372 2396; x_wconf 90' lang='lat' dir='ltr'><strong>verbis</strong></span> <span class='ocrx_word' id='word_1_288' title='bbox 394 2369 524 2396; x_wconf 90' lang='lat' dir='ltr'><strong>ornata</strong></span> <span class='ocrx_word' id='word_1_289' title='bbox 543 2360 663 2398; x_wconf 89' lang='lat' dir='ltr'><strong>oratio</strong></span> <span class='ocrx_word' id='word_1_290' title='bbox 683 2369 721 2397; x_wconf 86' lang='lat' dir='ltr'><strong>et</strong></span> <span class='ocrx_word' id='word_1_291' title='bbox 740 2360 956 2413; x_wconf 90' lang='lat' dir='ltr'><strong>perpolita?</strong></span> <span class='ocrx_word' id='word_1_292' title='bbox 988 2369 1052 2397; x_wconf 87' lang='lat' dir='ltr'><strong>aut</strong></span> <span class='ocrx_word' id='word_1_293' title='bbox 1074 2370 1152 2397; x_wconf 89' lang='lat' dir='ltr'><strong>tam</strong></span> <span class='ocrx_word' id='word_1_294' title='bbox 1175 2370 1324 2412; x_wconf 85' lang='lat' dir='ltr'><strong>potens,</strong></span> <span class='ocrx_word' id='word_1_295' title='bbox 1357 2370 1513 2412; x_wconf 86' lang='lat' dir='ltr'><strong>tamque</strong></span> <span class='ocrx_word' id='word_1_296' title='bbox 1533 2373 1644 2411; x_wconf 81' lang='lat' dir='ltr'><strong>mag-</strong></span> 
     </span>
     <span class='ocr_line' id='line_1_34' title="bbox 249 2424 1643 2478; baseline 0.001 -17"><span class='ocrx_word' id='word_1_297' title='bbox 249 2424 426 2469; x_wconf 87' lang='lat' dir='ltr'><strong>nificum,</strong></span> <span class='ocrx_word' id='word_1_298' title='bbox 463 2438 579 2476; x_wconf 88' lang='lat' dir='ltr'><strong>quam</strong></span> <span class='ocrx_word' id='word_1_299' title='bbox 599 2426 734 2478; x_wconf 90' lang='lat' dir='ltr'><strong>populi</strong></span> <span class='ocrx_word' id='word_1_300' title='bbox 755 2436 898 2470; x_wconf 85' lang='lat' dir='ltr'><strong>motus,</strong></span> <span class='ocrx_word' id='word_1_301' title='bbox 925 2426 1105 2478; x_wconf 85' lang='lat' dir='ltr'><strong>judicum</strong></span> <span class='ocrx_word' id='word_1_302' title='bbox 1134 2427 1346 2478; x_wconf 72' lang='lat' dir='ltr'><strong>religioneS,</strong></span> <span class='ocrx_word' id='word_1_303' title='bbox 1383 2426 1527 2463; x_wconf 64' lang='lat' dir='ltr'><strong>senatus</strong></span> <span class='ocrx_word' id='word_1_304' title='bbox 1557 2439 1643 2476; x_wconf 81' lang='lat' dir='ltr'><strong>gra-</strong></span> 
     </span>
     <span class='ocr_line' id='line_1_35' title="bbox 248 2492 1643 2546; baseline 0.001 -18"><span class='ocrx_word' id='word_1_305' title='bbox 248 2492 420 2535; x_wconf 90' lang='lat' dir='ltr'><strong>vitatem,</strong></span> <span class='ocrx_word' id='word_1_306' title='bbox 452 2492 565 2530; x_wconf 89' lang='lat' dir='ltr'><strong>unius</strong></span> <span class='ocrx_word' id='word_1_307' title='bbox 584 2493 755 2531; x_wconf 92' lang='lat' dir='ltr'><strong>oratione</strong></span> <span class='ocrx_word' id='word_1_308' title='bbox 775 2493 945 2531; x_wconf 83' lang='lat' dir='ltr'><strong>converti</strong></span> <span class='ocrx_word' id='word_1_309' title='bbox 964 2493 976 2529; x_wconf 90' lang='lat'>?</span> <span class='ocrx_word' id='word_1_310' title='bbox 1009 2493 1116 2543; x_wconf 77' lang='lat' dir='ltr'><strong>Qid</strong></span> <span class='ocrx_word' id='word_1_311' title='bbox 1138 2506 1251 2546; x_wconf 81' lang='lat' dir='ltr'><strong>porro</strong></span> <span class='ocrx_word' id='word_1_312' title='bbox 1273 2502 1350 2530; x_wconf 80' lang='lat' dir='ltr'><strong>tam</strong></span> <span class='ocrx_word' id='word_1_313' title='bbox 1373 2493 1537 2545; x_wconf 85' lang='lat' dir='ltr'><strong>regium,</strong></span> <span class='ocrx_word' id='word_1_314' title='bbox 1566 2500 1643 2528; x_wconf 79' lang='lat' dir='ltr'><strong>tam</strong></span> 
     </span>
    </p>

    <p class='ocr_par' dir='ltr' id='par_1_5' title="bbox 303 2557 1235 2595">
     <span class='ocr_line' id='line_1_36' title="bbox 303 2557 1235 2595; baseline -0.001 0"><span class='ocrx_word' id='word_1_315' title='bbox 303 2558 340 2595; x_wconf 92' lang='lat' dir='ltr'>T</span> <span class='ocrx_word' id='word_1_316' title='bbox 356 2570 378 2595; x_wconf 94' lang='lat' dir='ltr'><strong>o</strong></span> <span class='ocrx_word' id='word_1_317' title='bbox 396 2569 447 2595; x_wconf 83' lang='lat' dir='ltr'><strong>M.</strong></span> <span class='ocrx_word' id='word_1_318' title='bbox 479 2557 511 2595; x_wconf 93' lang='grc' dir='ltr'><strong>Ι.</strong></span> <span class='ocrx_word' id='word_1_319' title='bbox 1214 2560 1235 2594; x_wconf 83' lang='lat' dir='ltr'>S</span> 
     </span>
    </p>
   </div>
  </div>
 </body>
</html>
