2176 2912
687 198 1399 241 ORATORIBUS.
1664 204 1739 257 389

339 298 546 352 probatus;
567 303 604 333 et
624 308 668 332 eo
689 295 826 347 magis,
844 294 948 346 quod
963 294 1123 332 eandem
1140 293 1290 332 causam
1307 308 1399 332 cum
1419 303 1545 347 ageret
1562 296 1640 348 ejus
1657 295 1742 336 col-

342 366 425 417 lega
444 363 509 400 ille
529 361 605 414 ipse
627 361 833 413 Sulpicius,
855 359 920 398 hic
940 360 1050 414 plura
1069 369 1108 398 et
1127 361 1296 399 acutiora
1316 361 1478 399 dicebat.
1510 363 1641 414 Itaque
1660 365 1744 416 post

340 430 582 467 tribunatum
600 427 728 480 primo
748 426 881 464 multae
902 426 947 464 ad
974 440 1065 465 eum
1081 426 1212 471 causae,
1238 427 1376 464 deinde
1396 440 1543 472 omnes,
1567 430 1744 468 maximae

339 506 579 548 quaecunque
598 502 715 537 erant,
735 491 1015 531 deferebantur.
1049 494 1151 531 Rem
1171 493 1324 531 videbat
1344 502 1465 537 acute,
1488 496 1745 546 componebat

341 561 560 614 diligenter,
579 560 764 597 memoria
782 559 928 597 valebat
947 574 955 597 :
989 559 1112 597 verbis
1135 573 1213 597 non
1234 559 1299 597 ille
1319 559 1478 612 quidem
1500 561 1640 598 ornatis
1659 571 1748 598 ute-

341 628 466 672 batur,
490 627 549 665 sed
570 636 697 664 tamen
718 640 794 664 non
815 626 984 678 abjeffis.
1035 626 1226 679 Expedita
1244 635 1373 664 autem
1394 635 1485 672 erat,
1507 636 1544 664 et
1565 626 1746 679 perfacile

341 707 495 731 currens
516 693 649 730 oratio.
674 693 726 730 Et
741 701 819 729 erat
839 693 919 744 ejus
936 692 1095 744 quidem
1117 701 1299 745 tanquam
1317 692 1471 730 habitus
1493 706 1569 730 non
1587 694 1744 731 inurba-

341 774 437 805 nus3
461 760 557 797 adtio
577 759 737 812 paulum
758 757 848 796 cum
869 759 962 796 vitio
983 759 1100 804 vocis,
1120 768 1205 797 turn
1224 760 1338 797 etiam
1359 760 1528 812 ineptiis,
1550 760 1744 799 claudica-

341 826 420 864 bat.
452 827 533 864 Hic
554 825 793 878 temporibus
815 825 944 862 floruit
965 826 1025 870 iis,
1057 826 1199 878 quibus
1226 826 1325 864 inter
1345 826 1625 879 profestionem
1642 828 1744 866 redi-

341 901 506 944 tumque
528 893 575 930 L.
601 891 711 943 Syllae
731 892 806 929 fine
820 892 907 943 jure
927 891 1017 936 fuit,
1040 901 1077 929 et
1097 892 1173 930 fine
1194 892 1272 929 ulla
1297 893 1498 945 dignitate,
1517 893 1742 946 respublica.

340 959 432 997 Hoc
452 959 568 996 etiam
583 967 711 995 autem
728 958 849 1010 magis
870 958 1116 1010 probabatur,
1132 958 1236 1010 quod
1252 968 1329 996 erat
1346 959 1392 996 ab
1408 960 1620 997 oratoribus
1637 975 1744 1012 qure-

341 1024 430 1062 dam
451 1024 491 1062 in
510 1023 594 1062 foro
616 1023 793 1062 solitudo.
844 1023 1034 1076 Sulpicius
1065 1024 1268 1069 occiderat,
1304 1026 1418 1063 Cotta
1438 1025 1579 1070 aberat,
1602 1036 1639 1063 et
1662 1028 1744 1064 Cu-

341 1091 398 1129 rio
413 1106 421 1129 :
444 1090 595 1128 vivebat
611 1103 629 1126 e
647 1090 804 1142 reliquis
821 1091 989 1142 patronis
1005 1091 1086 1143 ejus
1107 1091 1224 1129 aetatis
1243 1104 1358 1128 nemo
1375 1102 1509 1144 praeter
1526 1093 1745 1131 Carbonem

341 1166 378 1195 et
399 1158 688 1209 Pomponiu1n;
721 1170 888 1208 quorum
910 1166 1121 1209 utrumque
1140 1156 1252 1195 facile
1274 1157 1483 1211 superabat.

396 1224 545 1262 LXIV.
579 1223 774 1261 Inferioris
790 1232 919 1261 autem
941 1224 1058 1262 aetatis
1079 1234 1156 1262 erat
1175 1225 1376 1277 proximus
1395 1226 1442 1264 L.
1462 1225 1627 1271 Sisenna,
1649 1226 1747 1265 doc-

341 1300 403 1329 tus
425 1290 495 1335 vir,
529 1299 566 1327 et
587 1290 718 1328 studiis
739 1290 898 1342 optimis
920 1290 1084 1336 deditus,
1121 1291 1217 1328 bene
1245 1291 1382 1328 Latine
1403 1291 1576 1344 loquens,
1605 1307 1743 1345 gnarus

342 1356 576 1410 reipublicae,
609 1370 686 1394 non
707 1356 783 1394 fine
803 1355 972 1395 facetiis:
1005 1357 1065 1395 sed
1086 1370 1210 1409 neque
1230 1356 1369 1395 laboris
1402 1358 1531 1403 multi,
1567 1373 1638 1396 nec
1660 1359 1744 1397 satis

342 1423 506 1462 versatus
539 1424 578 1461 in
599 1423 742 1468 caufis3
774 1424 1067 1476 interjedhisque
1086 1425 1186 1462 inter
1204 1424 1296 1462 duas
1317 1434 1455 1469 aetates,
1489 1426 1686 1464 Hortensii
1707 1436 1745 1464 et

343 1490 519 1543 Sulpicii,
553 1504 622 1528 nec
655 1491 838 1542 majorem
869 1491 1049 1542 consequi
1076 1500 1237 1542 poterat,
1273 1500 1309 1528 et
1345 1491 1485 1528 minori
1506 1492 1648 1529 necesse
1668 1502 1747 1530 erat

341 1556 487 1594 cedere.
537 1557 671 1608 Hujus
690 1556 817 1594 omnis
837 1555 997 1594 facultas
1027 1570 1073 1594 ex
1094 1555 1249 1593 historia
1279 1556 1392 1609 ipsius
1413 1557 1573 1610 perspici
1594 1559 1743 1610 potest;

343 1637 427 1675 quae
461 1637 554 1661 cum
585 1622 698 1661 facile
727 1637 860 1661 omnes
890 1624 1019 1661 vincat
1048 1623 1267 1675 superiores,
1304 1633 1390 1662 tum
1421 1625 1565 1662 indicat
1600 1634 1743 1671 tamen,

342 1698 531 1740 quantum
554 1689 647 1726 abfit
666 1702 686 1725 a
706 1688 873 1733 summo,
888 1702 1083 1741 quamque
1104 1703 1223 1741 genus
1244 1688 1320 1727 hoc
1336 1689 1550 1742 scriptionis
1571 1691 1746 1729 nondum

343 1754 390 1793 fit
408 1754 492 1791 satis
514 1754 662 1792 Latinis
683 1754 801 1792 literis
824 1754 1068 1792 illustratum.
1112 1755 1219 1793 Nam
1242 1756 1511 1807 QHortenfii
1532 1757 1744 1795 admodum

343 1819 589 1858 adolescentis
625 1820 841 1872 ingenium,
872 1829 916 1858 ut
950 1819 1096 1858 Phidiae
1131 1821 1296 1873 fignum,
1334 1822 1445 1860 fimul
1481 1823 1674 1876 aspee‘tum
1708 1832 1747 1863 et

343 1886 550 1939 probatum
570 1885 637 1923 est.

400 1953 449 1996 Is,
472 1953 520 1990 L.
540 1951 681 1996 Crasso,
715 1953 957 2003 QScaevola
990 1954 1236 1999 Consulibus,
1260 1954 1433 2006 primum
1465 1955 1503 1992 in
1525 1954 1609 1992 foro
1629 1956 1742 2001 dixit,

343 2028 380 2056 et
401 2018 500 2070 apud
519 2017 589 2056 hos
621 2018 718 2071 ipsos
745 2019 903 2070 quidem
926 2019 1124 2065 Consules,
1157 2030 1194 2058 et
1220 2035 1311 2058 cum
1342 2014 1492 2066 eorum,
1524 2022 1591 2073 qui
1622 2022 1743 2059 affue-

343 2093 447 2128 runt,
469 2094 553 2121 tum
575 2083 742 2136 ipsorum
764 2085 993 2130 Consulum,
1022 2086 1088 2137 qui
1111 2100 1244 2124 ornnes
1266 2087 1519 2138 intelligentia
1535 2088 1742 2132 anteibant,

338 2149 487 2201 judicio
507 2150 665 2187 disceffit
682 2151 877 2202 probatus.
938 2151 1191 2203 Undeviginti
1209 2166 1326 2190 annos
1347 2163 1456 2190 natus
1477 2162 1555 2190 erat
1574 2167 1619 2191 eo
1640 2163 1742 2191 tem-

344 2227 449 2267 pore.
496 2215 562 2252 Est
589 2225 731 2260 autem,
755 2217 801 2253 L.
826 2217 959 2261 Paulo,
992 2218 1039 2255 C.
1064 2218 1252 2256 Marcello
1274 2219 1508 2256 Consulibus
1540 2229 1714 2257 mortuus
1730 2237 1743 2263 ;

344 2294 390 2318 ex
424 2294 502 2331 quo
523 2281 696 2319 videmus
727 2296 818 2320 eum
849 2284 889 2320 in
918 2293 1167 2335 patronorum
1190 2298 1350 2323 numero
1375 2299 1491 2323 annos
1513 2295 1676 2337 quatuor
1707 2294 1744 2322 et

344 2347 592 2398 quadraginta
622 2347 742 2385 fuiffe.
795 2349 884 2386 Hoc
915 2350 961 2386 de
992 2359 1136 2388 oratore
1167 2351 1281 2403 paulo
1314 2351 1397 2403 post
1426 2352 1535 2404 plura
1555 2352 1740 2388 dicemus.

346 2413 437 2450 Hoc
471 2422 599 2449 autem
632 2412 718 2450 loco
752 2413 944 2452 voluimus
976 2425 1124 2453 aetatem
1152 2417 1232 2468 ejus
1263 2417 1302 2453 in
1331 2417 1515 2469 disparem
1548 2426 1741 2453 oratorum

346 2487 494 2516 aetatem
518 2478 732 2516 includere:
756 2492 977 2531 quanquam
999 2481 1037 2518 id
1059 2482 1217 2533 quidem
1234 2483 1416 2520 omnibus
1438 2482 1503 2519 usu
1525 2482 1651 2519 venire
1673 2494 1741 2517 ne-

343 2544 436 2583 ceffe
471 2543 558 2591 fuit,
591 2546 730 2598 quibus
751 2546 866 2600 paulo
887 2546 1038 2600 longior
1058 2548 1133 2585 vita
1153 2549 1332 2603 contigit,
1361 2541 1406 2586 ut
1438 2557 1476 2585 et
1504 2560 1595 2586 cum
1617 2546 1744 2587 multo
