2176 2912
463 187 541 239 448
904 187 1435 227 ORATOR.

463 295 583 334 quam
603 280 644 318 in
669 279 745 318 illis
776 279 1038 319 eruditissimis
1069 281 1391 334 disputationibus
1424 280 1504 320 fieri
1527 280 1621 320 solet
1636 300 1647 327 5
1679 281 1742 319 sed
1775 295 1868 321 cum

463 347 717 399 explanatius,
750 355 836 384 tum
857 347 973 384 etiam
995 348 1165 392 uberius,
1196 357 1233 385 et
1253 348 1298 385 ad
1318 362 1528 386 commune
1553 347 1764 400 judicium,
1796 361 1868 400 po-

464 414 716 467 pularemque
754 413 1052 465 intelligentiam
1091 415 1434 453 accommodatius.
1502 415 1688 467 idemque
1726 415 1842 452 etiam
1857 443 1869 459 ‚

464 493 557 519 cum
577 494 634 518 res
655 479 875 533 postulabit,
907 494 1027 533 genus
1062 481 1283 520 universum
1303 482 1342 520 in
1375 481 1516 534 species
1538 491 1670 526 certas,
1695 490 1738 518 ut
1766 481 1871 518 nulla

464 560 589 598 neque
625 547 938 599 praetermittatur
954 576 965 592 ,
1011 561 1136 598 neque
1167 548 1377 592 redundet,
1415 549 1599 600 partietur
1633 561 1674 585 ac
1710 547 1867 585 dividet.
1898 547 1902 549 ’

466 614 633 665 Qando
666 623 809 658 autem,
839 623 904 651 aut
927 614 1125 664 quomodo
1159 614 1198 651 id
1228 613 1357 658 faciat,
1388 613 1487 651 nihil
1509 615 1554 652 ad
1586 613 1661 652 hoc
1683 623 1867 666 tempus,

465 681 652 733 quoniam
672 680 733 731 (ut
753 679 862 731 supra
879 680 977 731 dixi)
994 679 1170 731 judicem
1190 679 1260 717 effe
1280 694 1357 724 me,
1379 693 1456 717 non
1479 680 1690 724 doftoreim
1714 679 1815 717 volo.

520 748 608 786 Nec
642 759 730 783 vero
764 745 972 783 dialceticis
1007 746 1125 800 modo
1158 746 1203 783 sit
1230 746 1447 790 instruc‘ffis,
1480 747 1540 784 sed
1569 745 1705 784 habeat
1737 758 1871 783 omnes

465 811 718 867 philosophiae
752 821 863 849 notos
885 821 922 849 et
953 813 1126 850 metatos
1146 812 1265 851 locos.
1327 811 1443 851 Nihil
1478 814 1583 850 enim
1605 813 1650 850 de
1671 812 1870 864 religione,

466 878 566 918 nihil
598 878 644 916 de
663 888 801 922 morte,
832 877 932 916 nihil
963 878 1009 916 de
1030 878 1183 931 pietate,
1215 878 1313 916 nihil
1346 878 1391 916 de
1412 879 1565 917 caritate
1596 879 1740 932 patriae,
1773 876 1873 915 nihil

467 947 513 984 de
534 946 646 984 bonis
667 945 779 983 rebus
800 954 864 982 aut
894 945 1020 990 malis,
1052 944 1151 983 nihil
1181 945 1226 983 de
1247 946 1453 983 virtutibus
1475 956 1538 983 aut
1559 946 1676 990 vitiis,
1706 944 1804 982 nihil
1826 944 1872 981 de

466 1013 610 1057 officio,
641 1010 741 1050 nihil
762 1011 808 1049 de
828 1011 972 1056 dolore,
1004 1010 1103 1049 nihil
1124 1013 1169 1049 de
1190 1012 1397 1064 voluptate,
1430 1011 1528 1049 nihil
1550 1012 1595 1049 de
1612 1002 1887 1064 perturbatio--

467 1080 582 1118 nibus
602 1079 723 1117 animi
743 1087 781 1116 et
797 1079 1001 1124 erroribus,
1024 1093 1109 1130 quae
1130 1079 1222 1131 saepe
1244 1079 1384 1117 cadunt
1404 1080 1445 1116 in
1465 1079 1605 1122 causas,
1625 1079 1685 1116 sed
1701 1078 1872 1130 jejunius

467 1155 659 1199 aguntur,
691 1144 805 1190 nihil,
837 1145 1010 1197 inquam,
1046 1146 1122 1182 fine
1143 1159 1185 1182 ea
1206 1146 1373 1190 scientia,
1410 1159 1529 1197 quam
1560 1145 1655 1190 dixi,
1693 1145 1871 1198 graviter,

465 1213 608 1266 ample,
631 1212 781 1265 copiose
801 1212 878 1250 dici
898 1221 935 1250 et
955 1212 1138 1265 explicari
1158 1213 1293 1265 potest.

509 1281 702 1318 XXXIV.
734 1281 796 1318 De
817 1280 974 1317 materia
993 1280 1131 1331 loquor
1151 1280 1332 1318 orationis
1351 1281 1467 1318 etiam
1489 1293 1606 1324 nunc,
1630 1293 1705 1317 non
1727 1279 1808 1332 ipso
1828 1279 1875 1317 de

468 1359 604 1399 genere
624 1345 790 1383 dicendi.
850 1345 954 1383 Volo
974 1346 1078 1383 enim
1099 1347 1205 1398 prius
1226 1345 1363 1384 habeat
1383 1355 1508 1384 orator
1528 1360 1622 1391 rem,
1651 1346 1697 1383 de
1719 1359 1794 1397 qua
1813 1345 1874 1383 di-

468 1422 542 1457 cat,
565 1412 722 1465 dignam
743 1411 899 1450 auribus
920 1412 1092 1457 eruditis,
1126 1426 1243 1464 quam
1264 1413 1422 1465 cogitet,
1449 1412 1590 1465 quibus
1613 1412 1735 1449 verbis
1757 1411 1874 1464 quid-

469 1492 543 1531 que
579 1478 693 1523 dicat,
725 1487 789 1515 aut
825 1478 1037 1530 quomodo.
1099 1479 1231 1528 Qem
1266 1479 1399 1523 etiam,
1431 1493 1509 1530 quo
1539 1478 1718 1531 grandior
1748 1478 1806 1523 fit,
1838 1487 1876 1516 et

469 1545 758 1597 quodammodo
778 1545 971 1588 excelsior,
1003 1546 1064 1595 (ut
1085 1544 1131 1581 de
1153 1545 1297 1582 Pericle
1313 1545 1394 1582 dixi
1416 1545 1541 1597 supra)
1563 1558 1608 1581 ne
1628 1543 1875 1596 physicorum

469 1611 628 1663 quidem
659 1610 729 1648 effe
750 1611 928 1662 ignarum
949 1610 1050 1647 volo.
1113 1611 1260 1647 Omnia
1290 1610 1476 1662 profefi‘o,
1508 1624 1599 1648 cum
1621 1610 1656 1647 se
1676 1623 1695 1647 a
1715 1610 1874 1647 caelesti-

470 1678 541 1716 bus
573 1678 684 1715 rebus
717 1676 852 1715 referet
884 1676 929 1714 ad
964 1675 1165 1721 humanas,
1197 1677 1395 1722 excelsius,
1426 1677 1814 1730 magnificentiusque
1838 1686 1877 1715 et

470 1745 587 1788 dicet,
619 1753 656 1781 et
677 1743 824 1781 sentiet.
886 1744 1068 1795 Cumque
1092 1743 1158 1780 illa
1187 1743 1317 1780 divina
1337 1744 1573 1796 cognoverit,
1606 1743 1696 1781 nolo
1726 1744 1877 1795 ignoret

470 1824 518 1848 ne
548 1809 630 1847 haec
661 1809 820 1861 quidem
846 1808 1028 1846 humana.
1089 1810 1159 1859 Jus
1194 1809 1306 1846 civile
1339 1818 1477 1854 teneat,
1510 1823 1587 1862 quo
1617 1819 1730 1861 egent
1760 1809 1877 1847 causae

469 1876 635 1915 forenses
657 1876 843 1928 quotidie.
896 1876 1004 1927 Qid
1024 1875 1075 1912 est
1095 1876 1201 1913 enim
1224 1876 1386 1929 turpius,
1418 1890 1534 1929 quam
1555 1876 1818 1928 legitimarum
1839 1885 1877 1914 et

470 1933 649 1981 civilium
669 1942 1010 1980 controversiarum
1031 1942 1243 1994 patrocinia
1264 1942 1460 1995 suscipere,
1497 1956 1589 1980 cum
1611 1943 1655 1979 fis
1677 1942 1809 1993 legum
1839 1950 1877 1980 et

473 2009 597 2046 civilis
624 2009 724 2060 juris
759 2008 940 2060 ignarus?
974 2007 1189 2060 Cognoscat
1213 2008 1330 2046 etiam
1362 2021 1489 2045 rerum
1516 2007 1705 2060 gestarum
1726 2016 1764 2044 et
1791 2020 1876 2044 me-

472 2075 603 2113 moriae
625 2075 758 2113 veteris
777 2075 968 2119 ordinem,
999 2075 1169 2112 maxime
1205 2074 1348 2111 scilicet
1376 2073 1508 2111 nostrae
1541 2073 1721 2117 civitatis,
1753 2072 1815 2111 sed
1840 2083 1878 2112 et

471 2141 765 2193 imperiosorum
787 2141 1035 2193 populorum,
1067 2149 1104 2177 et
1131 2154 1266 2192 regum
1297 2139 1532 2177 illustrium:
1557 2152 1674 2192 quem
1705 2139 1877 2178 laborem

473 2207 585 2246 nobis
607 2207 731 2245 Attici
752 2208 866 2245 nostri
887 2207 1026 2244 levavit
1046 2207 1166 2251 labor,
1188 2207 1256 2258 qui
1272 2206 1512 2251 conservatis,
1542 2206 1755 2258 notatisque
1774 2215 1876 2244 tem—

471 2273 646 2327 poribus,
682 2271 781 2310 nihil
801 2286 893 2310 cum
913 2273 1058 2310 illustre
1077 2272 1381 2325 praetermiteret,
1403 2286 1594 2310 annorum
1614 2272 1877 2325 septingento-

474 2354 561 2380 rum
583 2340 811 2378 memoriam
831 2354 907 2378 uno
928 2340 1026 2378 libro
1045 2339 1255 2392 colligavit.
1299 2339 1458 2378 Nescire
1479 2350 1622 2385 autem,
1645 2339 1739 2392 quid
1755 2351 1876 2386 antea,

473 2420 593 2460 quam
614 2416 724 2444 natus
746 2406 804 2451 fis,
821 2406 1015 2450 acciderit,
1033 2406 1073 2444 id
1093 2405 1144 2443 est
1165 2405 1310 2458 semper
1329 2405 1398 2444 effe
1418 2419 1596 2458 puerum.
1643 2405 1751 2458 Qid
1771 2407 1878 2445 enim

469 2474 527 2519 ,est
556 2482 642 2512 aetas
660 2471 846 2522 hominis,
876 2472 945 2512 nifi
964 2472 1152 2511 memoria
1173 2486 1301 2511 rerum
1330 2482 1504 2511 veterum
1527 2486 1619 2511 cum
1640 2472 1878 2526 superiorum
