2176 2912
508 179 839 219 LIBER
917 179 1352 217 PRIMUS.
1595 194 1643 233 55

232 275 380 312 tionem
396 291 408 317 3
439 286 525 324 quae
549 272 575 309 fi
600 271 804 324 approbata
835 285 911 309 non
933 272 990 316 fit,
1022 271 1229 324 propositio
1258 285 1335 309 non
1365 271 1409 309 fit
1436 286 1651 324 argumenf

231 339 404 376 tationis.
456 338 570 381 Item,
590 351 674 389 quae
697 337 744 374 ab
763 337 838 374 illis
856 336 1061 389 assumptio
1081 347 1117 374 et
1138 336 1402 389 affumptionis
1423 338 1645 389 approbatio

231 405 388 448 dicitur,
412 403 569 441 eandem
592 403 661 440 fibi
678 402 973 455 assumptionem
995 403 1112 440 solam
1133 403 1265 440 videri.
1300 404 1357 440 Ita
1373 399 1431 446 fit,
1455 412 1495 439 ut
1511 403 1643 441 eadem

234 471 377 508 ratione
397 470 678 522 argumentatio
698 471 865 515 tractata,
888 470 970 507 aliis
988 470 1189 521 tripartita,
1210 469 1292 506 aliis
1315 469 1639 520 quinquepartita,

232 536 417 573 videatur.
479 536 607 587 Qare
632 536 772 580 evenit,
805 546 847 573 ut
868 550 923 573 res
945 550 1021 573 non
1045 546 1124 573 tam
1145 535 1191 572 ad
1219 535 1329 572 usum
1353 535 1505 572 dicendi
1526 536 1644 586 perti*

231 611 330 646 neat,
363 615 481 654 quam
503 602 548 638 ad
570 602 755 639 rationem
774 603 1052 654 praeceptionis.

288 668 416 706 Nobis
434 678 562 706 autem
579 668 823 706 commodior
838 668 903 706 illa
922 669 1076 720 partitio
1093 668 1243 706 videtur
1262 667 1345 712 effe,
1368 681 1452 720 quae
1469 669 1508 705 in
1525 668 1642 719 quin-

228 748 306 786 que
326 745 448 787 partes
470 735 670 772 distributa
688 735 753 779 est,
776 749 894 786 quam
915 748 1048 773 omnes
1067 735 1113 772 ab
1134 734 1336 772 Aristotele
1353 744 1390 771 et
1410 733 1641 786 Theophra-

230 801 284 838 sto
306 799 465 853 profecti
487 801 658 839 maxime
678 801 795 838 secuti
813 801 912 838 sunt.
937 801 1045 839 Nam
1063 800 1395 853 quemadmodum
1414 800 1510 838 illud
1532 800 1641 853 supe-

230 867 307 904 rius
327 880 447 919 genus
469 866 776 919 argumentandi,
808 866 914 918 quod
934 881 1000 919 per
1020 868 1283 904 induffionem
1307 866 1484 910 sumitur,
1515 867 1641 904 maxi-

232 946 296 970 me
323 935 490 971 Socrates
520 943 563 971 et
585 933 766 971 Socratici
797 935 1076 978 tractaverunt,
1109 933 1158 970 fic
1180 932 1268 977 hoc,
1302 933 1407 984 quod
1430 947 1495 984 per
1527 933 1643 970 ratio-

232 1000 467 1038 cinationem
496 1000 701 1053 expolitur,
734 1000 884 1038 summe
914 1000 966 1038 est
997 1000 1042 1038 ab
1064 999 1266 1038 Aristotele
1297 1010 1410 1051 atque
1441 1013 1462 1035 a
1488 1000 1642 1051 Peripa-

232 1067 356 1104 teticis
388 1076 425 1104 et
456 1065 724 1119 Theophrasto
754 1066 1040 1119 frequentatum
1064 1086 1073 1111 3
1112 1066 1248 1104 deinde
1282 1080 1302 1103 a
1333 1065 1548 1103 rhetoribus
1580 1066 1641 1110 iis,

231 1134 300 1184 qui
320 1133 587 1185 elegantissimi
603 1143 716 1185 atque
744 1132 1037 1171 artificiosifiimi
1063 1134 1185 1185 putati
1206 1133 1304 1170 sunt.
1366 1133 1493 1183 Qare
1514 1142 1644 1170 autem

231 1197 343 1236 nobis
365 1198 429 1234 illa
448 1198 569 1249 magis
596 1198 751 1249 partitio
771 1198 965 1250 probetur,
992 1198 1202 1236 dicendum
1224 1198 1387 1242 videtur,
1423 1211 1468 1235 ne
1500 1207 1642 1235 temere

233 1263 349 1301 secuti
383 1274 589 1316 putemur;
621 1273 658 1301 et
692 1264 853 1301 breviter
884 1265 1107 1308 dicendum,
1140 1279 1185 1302 ne
1219 1266 1258 1302 in
1279 1263 1503 1316 hujusmodi
1530 1264 1640 1301 rebus

231 1329 392 1373 diutius,
415 1342 532 1380 quam
555 1330 649 1366 ratio
670 1329 913 1381 praecipiendi
935 1330 1110 1382 postulat,
1133 1343 1434 1367 commoremur.

277 1396 471 1434 XXXVI.
495 1396 532 1432 Si
546 1395 711 1447 quadam
728 1396 768 1432 in
784 1397 1112 1447 argumentatione
1129 1395 1212 1433 satis
1230 1395 1281 1432 est
1299 1396 1355 1432 uti
1372 1394 1637 1447 propositione,

230 1471 268 1500 et
298 1476 375 1501 non
405 1472 556 1514 oportet
587 1462 790 1513 adjungere
821 1462 1137 1514 approbationem
1170 1461 1439 1513 propositioni;
1474 1461 1639 1512 quadam

231 1538 359 1567 autem
380 1529 419 1566 in
446 1529 774 1580 argumentatione
795 1527 949 1565 infirma
971 1527 1024 1565 est
1043 1527 1261 1579 propositio,
1294 1527 1362 1564 nisi
1389 1528 1566 1578 adjuncta
1596 1528 1640 1581 sit

228 1595 470 1647 approbatio;
486 1594 695 1647 separatum
709 1594 897 1646 quiddam
909 1594 960 1632 est
973 1608 994 1632 a
1004 1593 1258 1646 propositione
1271 1593 1505 1646 approbatio.
1523 1593 1640 1644 Qod

229 1662 334 1699 enirn
354 1661 511 1713 adjungi
532 1671 568 1699 et
589 1661 744 1713 separari
764 1661 810 1698 ab
831 1661 961 1712 aliquo
982 1660 1115 1713 potest,
1138 1660 1176 1697 id
1194 1674 1270 1697 non
1291 1659 1411 1712 potest
1430 1659 1534 1696 idem
1554 1659 1637 1703 effe,

231 1727 334 1778 quod
354 1727 405 1764 est
425 1727 465 1764 id
485 1726 530 1764 ad
550 1726 655 1778 quod
685 1726 920 1779 adjungitur,
952 1736 988 1764 et
1015 1740 1034 1763 a
1063 1739 1141 1778 quo
1164 1725 1361 1777 separatur.
1423 1724 1490 1762 Est
1510 1735 1639 1762 autem

232 1792 407 1844 quaedam
423 1793 716 1845 argumentatio,
732 1794 770 1829 in
785 1806 860 1844 qua
872 1792 1076 1844 propositio
1093 1806 1168 1830 non
1188 1791 1334 1844 indiget
1347 1791 1616 1844 approbatione
1624 1810 1635 1835 3

231 1868 268 1896 et
289 1859 478 1910 quaedam,
511 1859 550 1895 in
572 1872 647 1909 qua
679 1857 777 1895 nihil
798 1859 895 1896 valet
916 1859 1054 1909 absque
1074 1859 1359 1911 approbatione,
1392 1868 1434 1895 ut
1465 1857 1637 1895 ostende-

231 1937 332 1961 muS.
382 1926 552 1976 Separata
569 1923 620 1960 est
640 1923 758 1975 igitur
778 1937 797 1961 a
818 1923 1070 1976 propositione
1091 1924 1325 1975 approbatio.
1379 1922 1636 1960 Ostendemus

231 1999 358 2028 autem
390 1990 429 2027 id
459 1991 561 2043 quod
588 1989 752 2042 polliciti
785 1990 930 2033 sumus,
962 1988 1036 2027 hoc
1067 1989 1213 2034 modo,
1248 1990 1345 2041 Qae
1366 1988 1570 2040 propositio
1597 1990 1637 2026 in

229 2056 263 2094 se
294 2056 480 2108 quiddam
512 2056 683 2094 continet
706 2056 963 2108 perspicuum,
996 2069 1039 2093 eo
1067 2056 1171 2108 quod
1203 2055 1367 2092 constare
1389 2055 1485 2091 inter
1505 2068 1637 2092 omnes

230 2122 371 2160 necesse
401 2122 465 2166 est,
498 2122 596 2160 hanc
618 2122 712 2160 velle
732 2123 935 2175 approbare
955 2132 991 2159 et
1012 2122 1162 2160 firmare
1184 2120 1282 2159 nihil
1304 2121 1452 2158 attinet.
1505 2121 1561 2158 Ea
1587 2121 1639 2158 est

231 2186 479 2240 hujusmodi3
513 2189 564 2232 Si,
597 2202 674 2240 quo
695 2188 755 2225 die
776 2187 841 2225 ista
861 2188 978 2226 cazdes
1000 2188 1137 2226 Romae
1158 2187 1255 2225 faeta
1281 2186 1345 2230 est,
1377 2200 1448 2238 ego
1469 2185 1637 2223 Athenis

229 2268 273 2292 eo
289 2255 348 2292 die
368 2253 439 2299 fui,
473 2254 640 2292 interefl'e
660 2255 698 2291 in
720 2254 820 2292 caedc
838 2267 914 2292 non
935 2255 1058 2306 potui.
1106 2255 1210 2298 Hoc,
1241 2254 1331 2305 quia
1351 2252 1548 2305 perspicue
1569 2265 1634 2289 ve-

233 2334 319 2358 rum
336 2319 402 2364 est,
425 2318 523 2357 nihil
542 2321 674 2357 attinet
695 2320 907 2372 approbari.
941 2320 1068 2371 Qare
1086 2319 1220 2357 affumi
1236 2319 1362 2356 statim
1378 2327 1540 2370 oportet,
1563 2316 1637 2355 hoc

232 2386 376 2430 modo,
410 2386 483 2424 Fui
505 2396 633 2424 autem
655 2385 818 2425 Athenis
839 2400 884 2423 eo
910 2386 983 2423 die.
1035 2386 1126 2423 Hoc
1146 2385 1171 2422 fi
1192 2398 1269 2422 non
1300 2383 1457 2428 constat,
1491 2383 1638 2434 indiget

232 2452 543 2504 approbassonis5
580 2466 655 2505 qua
691 2452 857 2496 indueta,
889 2451 1108 2504 complexio
1137 2450 1385 2502 consequetur
1400 2468 1412 2494 3
1449 2449 1567 2501 igitur
1597 2449 1635 2484 in

231 2517 331 2555 caede
353 2517 519 2556 interefi‘e
539 2532 616 2557 nori
637 2519 758 2570 potui,
792 2517 859 2556 Est
879 2518 996 2570 igitur
1017 2516 1191 2569 quaedam
1206 2515 1432 2569 propositio,
1456 2528 1539 2566 qua:
1560 2526 1636 2550 non
