<?xml version="1.0" encoding="UTF-8"?>
<!DOCTYPE html PUBLIC "-//W3C//DTD XHTML 1.0 Transitional//EN"
    "http://www.w3.org/TR/xhtml1/DTD/xhtml1-transitional.dtd">
<html xmlns="http://www.w3.org/1999/xhtml" xml:lang="en" lang="en">
 <head>
  <title>
</title>
<meta http-equiv="Content-Type" content="text/html;charset=utf-8" />
  <meta name='ocr-system' content='tesseract 3.04.00' />
  <meta name='ocr-capabilities' content='ocr_page ocr_carea ocr_par ocr_line ocrx_word'/>
</head>
<body>
  <div class='ocr_page' id='page_1' title='image "./operacumindicibu01ciceuoft_0019.png"; bbox 0 0 2176 2912; ppageno 0'>
   <div class='ocr_carea' id='block_1_1' title="bbox 329 226 378 263">
    <p class='ocr_par' dir='ltr' id='par_1_1' title="bbox 329 226 378 263">
     <span class='ocr_line' id='line_1_1' title="bbox 329 226 378 263; baseline 0 0"><span class='ocrx_word' id='word_1_1' title='bbox 329 226 378 263; x_wconf 87' lang='grc' dir='ltr'>Ο.</span> 
     </span>
    </p>
   </div>
   <div class='ocr_carea' id='block_1_2' title="bbox 339 2055 382 2089">
    <p class='ocr_par' dir='ltr' id='par_1_2' title="bbox 339 2055 382 2089">
     <span class='ocr_line' id='line_1_2' title="bbox 339 2055 382 2089; baseline 0 0"><span class='ocrx_word' id='word_1_2' title='bbox 339 2055 382 2089; x_wconf 91' lang='grc' dir='ltr'>Ζ.</span> 
     </span>
    </p>
   </div>
   <div class='ocr_carea' id='block_1_3' title="bbox 338 2159 372 2372">
    <p class='ocr_par' dir='ltr' id='par_1_3' title="bbox 338 2159 372 2372">
     <span class='ocr_line' id='line_1_3' title="bbox 338 2159 372 2372; textangle 90"><span class='ocrx_word' id='word_1_3' title='bbox 338 2159 372 2372; x_wconf 48' lang='grc' dir='ltr'>Ῥθθὶέἶῆθ</span> 
     </span>
    </p>
   </div>
   <div class='ocr_carea' id='block_1_4' title="bbox 987 127 1161 179">
    <p class='ocr_par' dir='ltr' id='par_1_4' title="bbox 987 127 1161 179">
     <span class='ocr_line' id='line_1_4' title="bbox 987 127 1161 179; baseline -0.006 0"><span class='ocrx_word' id='word_1_4' title='bbox 987 127 1161 179; x_wconf 77' lang='grc'>(9)</span> 
     </span>
    </p>
   </div>
   <div class='ocr_carea' id='block_1_5' title="bbox 428 219 1787 465">
    <p class='ocr_par' dir='ltr' id='par_1_5' title="bbox 428 219 1787 465">
     <span class='ocr_line' id='line_1_5' title="bbox 479 219 1787 269; baseline -0.002 -9"><span class='ocrx_word' id='word_1_5' title='bbox 479 224 603 261; x_wconf 81' lang='lat' dir='ltr'>Codex</span> <span class='ocrx_word' id='word_1_6' title='bbox 619 222 705 258; x_wconf 87' lang='lat' dir='ltr'>alter</span> <span class='ocrx_word' id='word_1_7' title='bbox 721 221 874 258; x_wconf 85' lang='lat' dir='ltr'>vetustus</span> <span class='ocrx_word' id='word_1_8' title='bbox 895 221 1177 257; x_wconf 84' lang='lat' dir='ltr'>membranaceus</span> <span class='ocrx_word' id='word_1_9' title='bbox 1197 220 1229 255; x_wconf 89' lang='lat' dir='ltr'>in</span> <span class='ocrx_word' id='word_1_10' title='bbox 1249 219 1465 256; x_wconf 80' lang='lat' dir='ltr'>Bibliotheca</span> <span class='ocrx_word' id='word_1_11' title='bbox 1481 220 1629 269; x_wconf 75' lang='lat' dir='ltr'>collegii</span> <span class='ocrx_word' id='word_1_12' title='bbox 1650 223 1787 258; x_wconf 83' lang='lat' dir='ltr'>Merto-</span> 
     </span>
     <span class='ocr_line' id='line_1_6' title="bbox 430 270 1785 335; baseline -0.001 -27"><span class='ocrx_word' id='word_1_13' title='bbox 430 274 555 315; x_wconf 77' lang='lat' dir='ltr'>nensis,</span> <span class='ocrx_word' id='word_1_14' title='bbox 583 273 776 313; x_wconf 87' lang='lat' dir='ltr'>continens,</span> <span class='ocrx_word' id='word_1_15' title='bbox 803 272 860 306; x_wconf 87' lang='lat' dir='ltr'>De</span> <span class='ocrx_word' id='word_1_16' title='bbox 893 271 1029 306; x_wconf 86' lang='lat' dir='ltr'>Officiis</span> <span class='ocrx_word' id='word_1_17' title='bbox 1063 271 1166 306; x_wconf 87' lang='lat' dir='ltr'>libros</span> <span class='ocrx_word' id='word_1_18' title='bbox 1199 270 1266 311; x_wconf 89' lang='lat'>111,</span> <span class='ocrx_word' id='word_1_19' title='bbox 1293 270 1480 335; x_wconf 76' lang='lat' dir='ltr'>Epitaphia</span> <span class='ocrx_word' id='word_1_20' title='bbox 1510 272 1701 313; x_wconf 42' lang='lat' dir='ltr'>Ciceroni&amp;</span> <span class='ocrx_word' id='word_1_21' title='bbox 1728 273 1785 306; x_wconf 80' lang='lat' dir='ltr'>De</span> 
     </span>
     <span class='ocr_line' id='line_1_7' title="bbox 428 319 1784 367; baseline -0.001 -10"><span class='ocrx_word' id='word_1_22' title='bbox 428 323 566 357; x_wconf 86' lang='lat' dir='ltr'>Natura</span> <span class='ocrx_word' id='word_1_23' title='bbox 583 322 742 355; x_wconf 82' lang='lat' dir='ltr'>Deorum</span> <span class='ocrx_word' id='word_1_24' title='bbox 767 320 828 355; x_wconf 85' lang='lat' dir='ltr'>lib.</span> <span class='ocrx_word' id='word_1_25' title='bbox 853 324 899 367; x_wconf 80' lang='lat'>3⁵,</span> <span class='ocrx_word' id='word_1_26' title='bbox 929 320 1116 355; x_wconf 82' lang='lat' dir='ltr'>maximam</span> <span class='ocrx_word' id='word_1_27' title='bbox 1142 328 1277 366; x_wconf 86' lang='lat' dir='ltr'>partem</span> <span class='ocrx_word' id='word_1_28' title='bbox 1307 324 1343 354; x_wconf 79' lang='lat'>1¹··</span> <span class='ocrx_word' id='word_1_29' title='bbox 1348 319 1456 353; x_wconf 77' lang='lat' dir='ltr'>&#39;libri</span> <span class='ocrx_word' id='word_1_30' title='bbox 1478 321 1530 354; x_wconf 86' lang='lat' dir='ltr'>De</span> <span class='ocrx_word' id='word_1_31' title='bbox 1549 321 1784 361; x_wconf 75' lang='lat' dir='ltr'>Divinatione,</span> 
     </span>
     <span class='ocr_line' id='line_1_8' title="bbox 430 369 1784 417; baseline -0.001 -12"><span class='ocrx_word' id='word_1_32' title='bbox 430 369 706 417; x_wconf 84' lang='lat' dir='ltr'>Philippicarum</span> <span class='ocrx_word' id='word_1_33' title='bbox 737 369 949 404; x_wconf 88' lang='lat' dir='ltr'>Orationum</span> <span class='ocrx_word' id='word_1_34' title='bbox 976 369 1102 415; x_wconf 82' lang='lat' dir='ltr'>primas</span> <span class='ocrx_word' id='word_1_35' title='bbox 1131 372 1162 414; x_wconf 85' lang='lat'>3‘</span> <span class='ocrx_word' id='word_1_36' title='bbox 1193 379 1274 402; x_wconf 78' lang='lat' dir='ltr'>cum</span> <span class='ocrx_word' id='word_1_37' title='bbox 1300 377 1396 414; x_wconf 67' lang='lat' dir='ltr'>pnite</span> <span class='ocrx_word' id='word_1_38' title='bbox 1430 378 1511 411; x_wconf 81' lang='lat' dir='ltr'>4tae</span> <span class='ocrx_word' id='word_1_39' title='bbox 1548 369 1629 413; x_wconf 44' lang='grc' dir='ltr'>[νειμ</span> <span class='ocrx_word' id='word_1_40' title='bbox 1664 380 1702 403; x_wconf 85' lang='lat' dir='ltr'>ut</span> <span class='ocrx_word' id='word_1_41' title='bbox 1730 370 1784 403; x_wconf 77' lang='lat' dir='ltr'>liic</span> 
     </span>
     <span class='ocr_line' id='line_1_9' title="bbox 428 417 1783 465; baseline -0.002 -11"><span class='ocrx_word' id='word_1_42' title='bbox 428 428 668 461; x_wconf 83' lang='lat' dir='ltr'>numerantur,</span> <span class='ocrx_word' id='word_1_43' title='bbox 697 417 974 465; x_wconf 87' lang='lat' dir='ltr'>Philippicorum</span> <span class='ocrx_word' id='word_1_44' title='bbox 1007 417 1067 452; x_wconf 90' lang='lat' dir='ltr'>lib.</span> <span class='ocrx_word' id='word_1_45' title='bbox 1095 430 1128 460; x_wconf 88' lang='lat'>4</span> <span class='ocrx_word' id='word_1_46' title='bbox 1156 428 1237 451; x_wconf 88' lang='lat' dir='ltr'>cum</span> <span class='ocrx_word' id='word_1_47' title='bbox 1261 427 1358 463; x_wconf 85' lang='lat' dir='ltr'>parte</span> <span class='ocrx_word' id='word_1_48' title='bbox 1385 419 1416 463; x_wconf 75' lang='lat'><em>5</em></span> <span class='ocrx_word' id='word_1_49' title='bbox 1422 419 1447 463; x_wconf 92' lang='grc' dir='ltr'>ι]</span> <span class='ocrx_word' id='word_1_50' title='bbox 1475 418 1528 464; x_wconf 90' lang='lat' dir='ltr'>Q</span> <span class='ocrx_word' id='word_1_51' title='bbox 1555 430 1585 463; x_wconf 83' lang='lat'><strong>3</strong></span> <span class='ocrx_word' id='word_1_52' title='bbox 1622 429 1675 464; x_wconf 82' lang='lat'>¹3·</span> <span class='ocrx_word' id='word_1_53' title='bbox 1703 419 1783 453; x_wconf 82' lang='lat' dir='ltr'>Art</span> 
     </span>
    </p>
   </div>
   <div class='ocr_carea' id='block_1_6' title="bbox 429 496 1784 602">
    <p class='ocr_par' dir='ltr' id='par_1_6' title="bbox 429 496 1784 602">
     <span class='ocr_line' id='line_1_10' title="bbox 479 496 1784 553; baseline -0.002 -10"><span class='ocrx_word' id='word_1_54' title='bbox 479 507 602 543; x_wconf 89' lang='lat' dir='ltr'>Codex</span> <span class='ocrx_word' id='word_1_55' title='bbox 632 496 918 542; x_wconf 86' lang='lat' dir='ltr'>membranaceus</span> <span class='ocrx_word' id='word_1_56' title='bbox 947 509 1034 551; x_wconf 89' lang='lat' dir='ltr'>(non</span> <span class='ocrx_word' id='word_1_57' title='bbox 1053 504 1142 540; x_wconf 87' lang='lat' dir='ltr'>adeo</span> <span class='ocrx_word' id='word_1_58' title='bbox 1166 507 1346 553; x_wconf 80' lang='lat' dir='ltr'>antiquus)</span> <span class='ocrx_word' id='word_1_59' title='bbox 1367 505 1400 540; x_wconf 88' lang='lat' dir='ltr'>in</span> <span class='ocrx_word' id='word_1_60' title='bbox 1420 505 1582 552; x_wconf 88' lang='lat' dir='ltr'>Collegio</span> <span class='ocrx_word' id='word_1_61' title='bbox 1605 505 1752 541; x_wconf 83' lang='lat' dir='ltr'>Lincol</span> <span class='ocrx_word' id='word_1_62' title='bbox 1737 507 1784 540; x_wconf 90' lang='lat' dir='ltr'>i-</span> 
     </span>
     <span class='ocr_line' id='line_1_11' title="bbox 429 553 1635 602; baseline -0.002 -11"><span class='ocrx_word' id='word_1_63' title='bbox 429 555 500 592; x_wconf 86' lang='lat' dir='ltr'>enfi</span> <span class='ocrx_word' id='word_1_64' title='bbox 517 556 699 591; x_wconf 86' lang='lat' dir='ltr'>continens</span> <span class='ocrx_word' id='word_1_65' title='bbox 715 556 885 602; x_wconf 86' lang='lat' dir='ltr'>Epistolas</span> <span class='ocrx_word' id='word_1_66' title='bbox 904 555 944 589; x_wconf 87' lang='lat' dir='ltr'>ad</span> <span class='ocrx_word' id='word_1_67' title='bbox 974 555 1072 590; x_wconf 83' lang='lat' dir='ltr'>Fam.</span> <span class='ocrx_word' id='word_1_68' title='bbox 1101 553 1296 589; x_wconf 62' lang='lat' dir='ltr'>nitidissime</span> <span class='ocrx_word' id='word_1_69' title='bbox 1323 554 1482 601; x_wconf 74' lang='lat' dir='ltr'>scriptus,</span> <span class='ocrx_word' id='word_1_70' title='bbox 1510 555 1544 589; x_wconf 89' lang='lat' dir='ltr'>in</span> <span class='ocrx_word' id='word_1_71' title='bbox 1563 565 1635 598; x_wconf 86' lang='lat' dir='ltr'>4to.</span> 
     </span>
    </p>
   </div>
   <div class='ocr_carea' id='block_1_7' title="bbox 427 641 1785 838">
    <p class='ocr_par' dir='ltr' id='par_1_7' title="bbox 427 641 1785 838">
     <span class='ocr_line' id='line_1_12' title="bbox 481 641 1785 689; baseline -0.002 -10"><span class='ocrx_word' id='word_1_72' title='bbox 481 644 606 679; x_wconf 82' lang='lat' dir='ltr'>Codex</span> <span class='ocrx_word' id='word_1_73' title='bbox 630 642 824 678; x_wconf 75' lang='lat' dir='ltr'><strong>membran.</strong></span> <span class='ocrx_word' id='word_1_74' title='bbox 844 641 996 689; x_wconf 83' lang='lat' dir='ltr'>ejusdem</span> <span class='ocrx_word' id='word_1_75' title='bbox 1014 642 1131 684; x_wconf 88' lang='lat' dir='ltr'>seculi,</span> <span class='ocrx_word' id='word_1_76' title='bbox 1159 642 1194 676; x_wconf 92' lang='lat' dir='ltr'>in</span> <span class='ocrx_word' id='word_1_77' title='bbox 1212 641 1302 676; x_wconf 92' lang='lat' dir='ltr'>Bibl.</span> <span class='ocrx_word' id='word_1_78' title='bbox 1323 642 1473 689; x_wconf 84' lang='lat' dir='ltr'>Collegii</span> <span class='ocrx_word' id='word_1_79' title='bbox 1492 643 1596 677; x_wconf 89' lang='lat' dir='ltr'>Linc.</span> <span class='ocrx_word' id='word_1_80' title='bbox 1616 642 1785 689; x_wconf 76' lang='lat' dir='ltr'>Epistolas</span> 
     </span>
     <span class='ocr_line' id='line_1_13' title="bbox 427 690 1785 739; baseline -0.002 -12"><span class='ocrx_word' id='word_1_81' title='bbox 427 693 470 728; x_wconf 91' lang='lat' dir='ltr'>ad</span> <span class='ocrx_word' id='word_1_82' title='bbox 489 692 653 727; x_wconf 87' lang='lat' dir='ltr'>Atticum</span> <span class='ocrx_word' id='word_1_83' title='bbox 671 692 906 738; x_wconf 69' lang='lat' dir='ltr'>complectens</span> <span class='ocrx_word' id='word_1_84' title='bbox 926 691 1122 726; x_wconf 86' lang='lat' dir='ltr'>nitidiffime</span> <span class='ocrx_word' id='word_1_85' title='bbox 1140 690 1295 736; x_wconf 78' lang='lat' dir='ltr'>scriptus.</span> <span class='ocrx_word' id='word_1_86' title='bbox 1325 691 1358 725; x_wconf 88' lang='lat' dir='ltr'>in</span> <span class='ocrx_word' id='word_1_87' title='bbox 1378 692 1527 739; x_wconf 79' lang='lat' dir='ltr'>Qarto.</span> <span class='ocrx_word' id='word_1_88' title='bbox 1568 691 1628 726; x_wconf 91' lang='lat' dir='ltr'>Ad</span> <span class='ocrx_word' id='word_1_89' title='bbox 1648 691 1785 725; x_wconf 80' lang='lat' dir='ltr'>initium</span> 
     </span>
     <span class='ocr_line' id='line_1_14' title="bbox 429 739 1785 788; baseline -0.001 -12"><span class='ocrx_word' id='word_1_90' title='bbox 429 741 586 777; x_wconf 87' lang='lat' dir='ltr'>continet</span> <span class='ocrx_word' id='word_1_91' title='bbox 610 740 781 788; x_wconf 87' lang='lat' dir='ltr'>Epistolas</span> <span class='ocrx_word' id='word_1_92' title='bbox 810 740 852 775; x_wconf 90' lang='lat' dir='ltr'>ad</span> <span class='ocrx_word' id='word_1_93' title='bbox 878 741 1039 782; x_wconf 82' lang='lat' dir='ltr'>Brutum,</span> <span class='ocrx_word' id='word_1_94' title='bbox 1082 739 1254 786; x_wconf 80' lang='lat' dir='ltr'>Epistolas</span> <span class='ocrx_word' id='word_1_95' title='bbox 1284 739 1326 774; x_wconf 85' lang='lat' dir='ltr'>ad</span> <span class='ocrx_word' id='word_1_96' title='bbox 1359 741 1538 788; x_wconf 81' lang='lat' dir='ltr'>Qintum</span> <span class='ocrx_word' id='word_1_97' title='bbox 1570 740 1724 781; x_wconf 80' lang='lat' dir='ltr'>fratrem,</span> <span class='ocrx_word' id='word_1_98' title='bbox 1751 749 1785 774; x_wconf 85' lang='lat' dir='ltr'>et</span> 
     </span>
     <span class='ocr_line' id='line_1_15' title="bbox 433 788 1400 838; baseline -0.003 -12"><span class='ocrx_word' id='word_1_99' title='bbox 433 791 625 838; x_wconf 88' lang='lat' dir='ltr'>Epistolam</span> <span class='ocrx_word' id='word_1_100' title='bbox 644 789 687 825; x_wconf 91' lang='lat' dir='ltr'>ad</span> <span class='ocrx_word' id='word_1_101' title='bbox 704 789 908 831; x_wconf 66' lang='lat' dir='ltr'>octavium,</span> <span class='ocrx_word' id='word_1_102' title='bbox 936 800 1018 835; x_wconf 86' lang='lat' dir='ltr'>quae</span> <span class='ocrx_word' id='word_1_103' title='bbox 1037 788 1085 824; x_wconf 90' lang='lat' dir='ltr'>est</span> <span class='ocrx_word' id='word_1_104' title='bbox 1103 788 1224 824; x_wconf 83' lang='lat' dir='ltr'>incerti</span> <span class='ocrx_word' id='word_1_105' title='bbox 1241 789 1400 824; x_wconf 73' lang='lat' dir='ltr'>auctoris.</span> 
     </span>
    </p>
   </div>
   <div class='ocr_carea' id='block_1_8' title="bbox 433 879 1786 976">
    <p class='ocr_par' dir='ltr' id='par_1_8' title="bbox 433 879 1786 976">
     <span class='ocr_line' id='line_1_16' title="bbox 477 879 1786 917; baseline -0.002 -1"><span class='ocrx_word' id='word_1_106' title='bbox 477 881 601 917; x_wconf 88' lang='lat' dir='ltr'>Codex</span> <span class='ocrx_word' id='word_1_107' title='bbox 619 891 734 915; x_wconf 87' lang='lat' dir='ltr'>recens</span> <span class='ocrx_word' id='word_1_108' title='bbox 759 879 960 915; x_wconf 83' lang='lat' dir='ltr'>chartaceus</span> <span class='ocrx_word' id='word_1_109' title='bbox 991 881 1024 914; x_wconf 88' lang='lat' dir='ltr'>in</span> <span class='ocrx_word' id='word_1_110' title='bbox 1043 879 1132 914; x_wconf 90' lang='lat' dir='ltr'>Bibl.</span> <span class='ocrx_word' id='word_1_111' title='bbox 1152 879 1242 914; x_wconf 88' lang='lat' dir='ltr'>Coll.</span> <span class='ocrx_word' id='word_1_112' title='bbox 1262 879 1366 915; x_wconf 89' lang='lat' dir='ltr'>Linc.</span> <span class='ocrx_word' id='word_1_113' title='bbox 1394 880 1620 915; x_wconf 77' lang='lat' dir='ltr'>Rhetoricarn</span> <span class='ocrx_word' id='word_1_114' title='bbox 1639 881 1682 914; x_wconf 89' lang='lat' dir='ltr'>ad</span> <span class='ocrx_word' id='word_1_115' title='bbox 1709 880 1786 914; x_wconf 81' lang='lat' dir='ltr'>Hc-</span> 
     </span>
     <span class='ocr_line' id='line_1_17' title="bbox 433 928 1784 976; baseline -0.002 -10"><span class='ocrx_word' id='word_1_116' title='bbox 433 931 606 972; x_wconf 87' lang='lat' dir='ltr'>rennium,</span> <span class='ocrx_word' id='word_1_117' title='bbox 624 938 660 964; x_wconf 90' lang='lat' dir='ltr'>et</span> <span class='ocrx_word' id='word_1_118' title='bbox 677 929 869 965; x_wconf 88' lang='lat' dir='ltr'>orationem</span> <span class='ocrx_word' id='word_1_119' title='bbox 887 941 951 976; x_wconf 88' lang='lat' dir='ltr'>pro</span> <span class='ocrx_word' id='word_1_120' title='bbox 965 929 1046 964; x_wconf 83' lang='lat' dir='ltr'>Sex.</span> <span class='ocrx_word' id='word_1_121' title='bbox 1063 928 1187 963; x_wconf 89' lang='lat' dir='ltr'>Roscio</span> <span class='ocrx_word' id='word_1_122' title='bbox 1202 929 1374 963; x_wconf 85' lang='lat' dir='ltr'>Amerino</span> <span class='ocrx_word' id='word_1_123' title='bbox 1391 942 1401 964; x_wconf 86' lang='lat'><em>1</em></span> <span class='ocrx_word' id='word_1_124' title='bbox 1416 928 1488 964; x_wconf 53' lang='lat' dir='ltr'>idm.</span> <span class='ocrx_word' id='word_1_125' title='bbox 1505 929 1696 964; x_wconf 79' lang='lat' dir='ltr'>continens.</span> <span class='ocrx_word' id='word_1_126' title='bbox 1724 928 1784 964; x_wconf 71' lang='lat' dir='ltr'>fol„</span> 
     </span>
    </p>
   </div>
   <div class='ocr_carea' id='block_1_9' title="bbox 435 1019 1788 1116">
    <p class='ocr_par' dir='ltr' id='par_1_9' title="bbox 435 1019 1788 1116">
     <span class='ocr_line' id='line_1_18' title="bbox 483 1019 1788 1066; baseline 0.001 -11"><span class='ocrx_word' id='word_1_127' title='bbox 483 1021 661 1056; x_wconf 72' lang='lat' dir='ltr'>Volumen</span> <span class='ocrx_word' id='word_1_128' title='bbox 681 1020 715 1055; x_wconf 87' lang='lat' dir='ltr'>in</span> <span class='ocrx_word' id='word_1_129' title='bbox 732 1019 794 1054; x_wconf 87' lang='lat' dir='ltr'>fol.</span> <span class='ocrx_word' id='word_1_130' title='bbox 813 1020 926 1066; x_wconf 81' lang='lat' dir='ltr'>plures</span> <span class='ocrx_word' id='word_1_131' title='bbox 944 1019 1128 1055; x_wconf 74' lang='lat' dir='ltr'>Orationes.</span> <span class='ocrx_word' id='word_1_132' title='bbox 1146 1019 1340 1062; x_wconf 78' lang='lat' dir='ltr'>continens,</span> <span class='ocrx_word' id='word_1_133' title='bbox 1372 1021 1404 1055; x_wconf 89' lang='lat' dir='ltr'>in</span> <span class='ocrx_word' id='word_1_134' title='bbox 1424 1020 1514 1055; x_wconf 67' lang='lat' dir='ltr'>Bibl.</span> <span class='ocrx_word' id='word_1_135' title='bbox 1536 1020 1788 1056; x_wconf 76' lang='lat' dir='ltr'>Lincolnienfis</span> 
     </span>
     <span class='ocr_line' id='line_1_19' title="bbox 435 1069 1652 1116; baseline 0 -12"><span class='ocrx_word' id='word_1_136' title='bbox 435 1070 526 1105; x_wconf 87' lang='lat' dir='ltr'>Coll.</span> <span class='ocrx_word' id='word_1_137' title='bbox 545 1071 579 1105; x_wconf 74' lang='lat' dir='ltr'>{n</span> <span class='ocrx_word' id='word_1_138' title='bbox 599 1069 808 1105; x_wconf 81' lang='lat' dir='ltr'>membranis</span> <span class='ocrx_word' id='word_1_139' title='bbox 826 1069 933 1104; x_wconf 87' lang='lat' dir='ltr'>nitide</span> <span class='ocrx_word' id='word_1_140' title='bbox 951 1069 1106 1115; x_wconf 68' lang='lat' dir='ltr'>scriptus.</span> <span class='ocrx_word' id='word_1_141' title='bbox 1137 1073 1321 1114; x_wconf 75' lang='lat' dir='ltr'>(numerus</span> <span class='ocrx_word' id='word_1_142' title='bbox 1345 1080 1386 1116; x_wconf 89' lang='lat'>13</span> <span class='ocrx_word' id='word_1_143' title='bbox 1408 1070 1440 1103; x_wconf 90' lang='lat' dir='ltr'>in</span> <span class='ocrx_word' id='word_1_144' title='bbox 1461 1069 1652 1116; x_wconf 81' lang='lat' dir='ltr'>Collegio.)</span> 
     </span>
    </p>
   </div>
   <div class='ocr_carea' id='block_1_10' title="bbox 432 1159 1787 1256">
    <p class='ocr_par' dir='ltr' id='par_1_10' title="bbox 432 1159 1787 1256">
     <span class='ocr_line' id='line_1_20' title="bbox 486 1159 1787 1207; baseline 0 -12"><span class='ocrx_word' id='word_1_145' title='bbox 486 1162 662 1197; x_wconf 83' lang='lat' dir='ltr'>Volumen</span> <span class='ocrx_word' id='word_1_146' title='bbox 681 1161 902 1196; x_wconf 79' lang='lat' dir='ltr'>chartaceum</span> <span class='ocrx_word' id='word_1_147' title='bbox 920 1161 1098 1207; x_wconf 84' lang='lat' dir='ltr'>eleganter</span> <span class='ocrx_word' id='word_1_148' title='bbox 1116 1159 1294 1207; x_wconf 64' lang='lat' dir='ltr'>scriptam,</span> <span class='ocrx_word' id='word_1_149' title='bbox 1321 1160 1487 1207; x_wconf 87' lang='lat' dir='ltr'>plurimas</span> <span class='ocrx_word' id='word_1_150' title='bbox 1504 1161 1689 1195; x_wconf 64' lang='lat' dir='ltr'>Orationes</span> <span class='ocrx_word' id='word_1_151' title='bbox 1706 1172 1787 1195; x_wconf 89' lang='lat' dir='ltr'>con-</span> 
     </span>
     <span class='ocr_line' id='line_1_21' title="bbox 432 1209 1622 1256; baseline -0.002 -11"><span class='ocrx_word' id='word_1_152' title='bbox 432 1211 545 1245; x_wconf 83' lang='lat' dir='ltr'>tinens</span> <span class='ocrx_word' id='word_1_153' title='bbox 572 1211 607 1245; x_wconf 88' lang='lat' dir='ltr'>in</span> <span class='ocrx_word' id='word_1_154' title='bbox 626 1210 838 1245; x_wconf 83' lang='lat' dir='ltr'>bibliotheca</span> <span class='ocrx_word' id='word_1_155' title='bbox 853 1210 941 1245; x_wconf 91' lang='lat' dir='ltr'>Coll.</span> <span class='ocrx_word' id='word_1_156' title='bbox 965 1210 1068 1245; x_wconf 90' lang='lat' dir='ltr'>Linc.</span> <span class='ocrx_word' id='word_1_157' title='bbox 1091 1213 1274 1255; x_wconf 86' lang='lat' dir='ltr'>(numerus</span> <span class='ocrx_word' id='word_1_158' title='bbox 1297 1221 1351 1253; x_wconf 79' lang='lat'>14.</span> <span class='ocrx_word' id='word_1_159' title='bbox 1379 1210 1412 1243; x_wconf 92' lang='lat' dir='ltr'>in</span> <span class='ocrx_word' id='word_1_160' title='bbox 1430 1209 1622 1256; x_wconf 79' lang='lat' dir='ltr'>Collegio.)</span> 
     </span>
    </p>
   </div>
   <div class='ocr_carea' id='block_1_11' title="bbox 435 1299 1791 1446">
    <p class='ocr_par' dir='ltr' id='par_1_11' title="bbox 435 1299 1791 1446">
     <span class='ocr_line' id='line_1_22' title="bbox 488 1299 1788 1350; baseline 0.001 -15"><span class='ocrx_word' id='word_1_161' title='bbox 488 1301 666 1336; x_wconf 88' lang='lat' dir='ltr'>Volumen</span> <span class='ocrx_word' id='word_1_162' title='bbox 692 1300 726 1335; x_wconf 87' lang='lat' dir='ltr'>in</span> <span class='ocrx_word' id='word_1_163' title='bbox 755 1300 979 1342; x_wconf 85' lang='lat' dir='ltr'>membranis,</span> <span class='ocrx_word' id='word_1_164' title='bbox 1005 1310 1041 1336; x_wconf 91' lang='lat' dir='ltr'>et</span> <span class='ocrx_word' id='word_1_165' title='bbox 1070 1300 1207 1347; x_wconf 84' lang='lat' dir='ltr'>majoris</span> <span class='ocrx_word' id='word_1_166' title='bbox 1236 1299 1374 1342; x_wconf 64' lang='lat' dir='ltr'>formae,</span> <span class='ocrx_word' id='word_1_167' title='bbox 1401 1300 1635 1348; x_wconf 62' lang='lat' dir='ltr'>complectens</span> <span class='ocrx_word' id='word_1_168' title='bbox 1653 1301 1788 1350; x_wconf 80' lang='lat' dir='ltr'>Qaest.</span> 
     </span>
     <span class='ocr_line' id='line_1_23' title="bbox 435 1349 1791 1396; baseline 0.001 -11"><span class='ocrx_word' id='word_1_169' title='bbox 435 1350 541 1385; x_wconf 85' lang='lat' dir='ltr'>Tusc.</span> <span class='ocrx_word' id='word_1_170' title='bbox 570 1350 640 1385; x_wconf 63' lang='lat' dir='ltr'>&amp;Q</span> <span class='ocrx_word' id='word_1_171' title='bbox 683 1349 791 1385; x_wconf 88' lang='lat' dir='ltr'>Extat</span> <span class='ocrx_word' id='word_1_172' title='bbox 820 1360 937 1385; x_wconf 85' lang='lat' dir='ltr'>autem</span> <span class='ocrx_word' id='word_1_173' title='bbox 970 1350 1003 1385; x_wconf 92' lang='lat' dir='ltr'>in</span> <span class='ocrx_word' id='word_1_174' title='bbox 1032 1350 1250 1386; x_wconf 74' lang='lat' dir='ltr'>Bibliotheca</span> <span class='ocrx_word' id='word_1_175' title='bbox 1275 1350 1425 1396; x_wconf 83' lang='lat' dir='ltr'>Collegii</span> <span class='ocrx_word' id='word_1_176' title='bbox 1455 1350 1719 1392; x_wconf 81' lang='lat' dir='ltr'>Lincolniensis,</span> <span class='ocrx_word' id='word_1_177' title='bbox 1754 1359 1791 1386; x_wconf 88' lang='lat' dir='ltr'>et</span> 
     </span>
     <span class='ocr_line' id='line_1_24' title="bbox 435 1398 940 1446; baseline 0 -12"><span class='ocrx_word' id='word_1_178' title='bbox 435 1399 599 1446; x_wconf 88' lang='lat' dir='ltr'>scriptum</span> <span class='ocrx_word' id='word_1_179' title='bbox 629 1398 698 1434; x_wconf 83' lang='lat' dir='ltr'>fuit</span> <span class='ocrx_word' id='word_1_180' title='bbox 723 1410 814 1434; x_wconf 88' lang='lat' dir='ltr'>anno</span> <span class='ocrx_word' id='word_1_181' title='bbox 837 1409 940 1443; x_wconf 80' lang='lat'><em>1420.</em></span> 
     </span>
    </p>
   </div>
   <div class='ocr_carea' id='block_1_12' title="bbox 435 1489 1790 1635">
    <p class='ocr_par' dir='ltr' id='par_1_12' title="bbox 435 1489 1790 1635">
     <span class='ocr_line' id='line_1_25' title="bbox 492 1489 1790 1536; baseline -0.001 -11"><span class='ocrx_word' id='word_1_182' title='bbox 492 1490 614 1525; x_wconf 88' lang='lat' dir='ltr'>Codex</span> <span class='ocrx_word' id='word_1_183' title='bbox 640 1489 948 1531; x_wconf 80' lang='lat' dir='ltr'>Membranaceus,</span> <span class='ocrx_word' id='word_1_184' title='bbox 975 1490 1035 1536; x_wconf 84' lang='lat' dir='ltr'>qui</span> <span class='ocrx_word' id='word_1_185' title='bbox 1054 1501 1160 1524; x_wconf 83' lang='lat' dir='ltr'>annos</span> <span class='ocrx_word' id='word_1_186' title='bbox 1181 1501 1253 1524; x_wconf 86' lang='lat' dir='ltr'>ece</span> <span class='ocrx_word' id='word_1_187' title='bbox 1273 1489 1420 1536; x_wconf 84' lang='lat' dir='ltr'>superat,</span> <span class='ocrx_word' id='word_1_188' title='bbox 1446 1489 1551 1524; x_wconf 81' lang='lat' dir='ltr'>libros</span> <span class='ocrx_word' id='word_1_189' title='bbox 1569 1489 1656 1524; x_wconf 77' lang='lat' dir='ltr'>duos</span> <span class='ocrx_word' id='word_1_190' title='bbox 1674 1489 1717 1524; x_wconf 82' lang='lat' dir='ltr'>de</span> <span class='ocrx_word' id='word_1_191' title='bbox 1734 1491 1790 1524; x_wconf 84' lang='lat' dir='ltr'>In-</span> 
     </span>
     <span class='ocr_line' id='line_1_26' title="bbox 435 1538 1790 1579; baseline 0 -5"><span class='ocrx_word' id='word_1_192' title='bbox 435 1540 600 1574; x_wconf 83' lang='lat' dir='ltr'>ventione</span> <span class='ocrx_word' id='word_1_193' title='bbox 618 1538 807 1579; x_wconf 82' lang='lat' dir='ltr'>Rhetorica</span> <span class='ocrx_word' id='word_1_194' title='bbox 823 1539 1013 1577; x_wconf 83' lang='lat' dir='ltr'>continens.</span> <span class='ocrx_word' id='word_1_195' title='bbox 1043 1550 1182 1573; x_wconf 85' lang='lat' dir='ltr'>mecum</span> <span class='ocrx_word' id='word_1_196' title='bbox 1205 1549 1322 1573; x_wconf 85' lang='lat' dir='ltr'>autem</span> <span class='ocrx_word' id='word_1_197' title='bbox 1342 1538 1614 1573; x_wconf 81' lang='lat' dir='ltr'>communicavit</span> <span class='ocrx_word' id='word_1_198' title='bbox 1633 1538 1790 1574; x_wconf 75' lang='lat' dir='ltr'>Thomas</span> 
     </span>
     <span class='ocr_line' id='line_1_27' title="bbox 436 1587 1388 1635; baseline -0.001 -12"><span class='ocrx_word' id='word_1_199' title='bbox 436 1588 632 1624; x_wconf 87' lang='lat' dir='ltr'>Rawlinson</span> <span class='ocrx_word' id='word_1_200' title='bbox 650 1601 669 1623; x_wconf 83' lang='lat' dir='ltr'>e</span> <span class='ocrx_word' id='word_1_201' title='bbox 686 1588 802 1623; x_wconf 88' lang='lat' dir='ltr'>medio</span> <span class='ocrx_word' id='word_1_202' title='bbox 820 1588 988 1635; x_wconf 86' lang='lat' dir='ltr'>Templo,</span> <span class='ocrx_word' id='word_1_203' title='bbox 1016 1587 1184 1629; x_wconf 86' lang='lat' dir='ltr'>Londini,</span> <span class='ocrx_word' id='word_1_204' title='bbox 1210 1587 1388 1635; x_wconf 83' lang='lat' dir='ltr'>Armiger.</span> 
     </span>
    </p>
   </div>
   <div class='ocr_carea' id='block_1_13' title="bbox 437 1675 1790 1823">
    <p class='ocr_par' dir='ltr' id='par_1_13' title="bbox 437 1675 1790 1823">
     <span class='ocr_line' id='line_1_28' title="bbox 487 1675 1790 1723; baseline -0.002 -11"><span class='ocrx_word' id='word_1_205' title='bbox 487 1678 609 1713; x_wconf 85' lang='lat' dir='ltr'>Codex</span> <span class='ocrx_word' id='word_1_206' title='bbox 622 1676 907 1712; x_wconf 80' lang='lat' dir='ltr'>membranaceus</span> <span class='ocrx_word' id='word_1_207' title='bbox 921 1685 1000 1711; x_wconf 87' lang='lat' dir='ltr'>ante</span> <span class='ocrx_word' id='word_1_208' title='bbox 1015 1688 1122 1712; x_wconf 87' lang='lat' dir='ltr'>annos</span> <span class='ocrx_word' id='word_1_209' title='bbox 1138 1688 1248 1711; x_wconf 89' lang='lat' dir='ltr'>cccc.</span> <span class='ocrx_word' id='word_1_210' title='bbox 1263 1676 1420 1722; x_wconf 75' lang='lat' dir='ltr'>scriptus,</span> <span class='ocrx_word' id='word_1_211' title='bbox 1434 1675 1671 1723; x_wconf 83' lang='lat' dir='ltr'>fragmentum</span> <span class='ocrx_word' id='word_1_212' title='bbox 1691 1675 1790 1710; x_wconf 70' lang='lat' dir='ltr'>Som-</span> 
     </span>
     <span class='ocr_line' id='line_1_29' title="bbox 437 1725 1790 1774; baseline -0.003 -12"><span class='ocrx_word' id='word_1_213' title='bbox 437 1727 488 1763; x_wconf 88' lang='lat' dir='ltr'>nii.</span> <span class='ocrx_word' id='word_1_214' title='bbox 514 1726 681 1774; x_wconf 84' lang='lat' dir='ltr'>Scipionis</span> <span class='ocrx_word' id='word_1_215' title='bbox 712 1725 904 1761; x_wconf 87' lang='lat' dir='ltr'>continens.</span> <span class='ocrx_word' id='word_1_216' title='bbox 956 1726 995 1761; x_wconf 87' lang='lat' dir='ltr'>ln</span> <span class='ocrx_word' id='word_1_217' title='bbox 1020 1726 1235 1761; x_wconf 82' lang='lat' dir='ltr'>Bibliotheca</span> <span class='ocrx_word' id='word_1_218' title='bbox 1266 1725 1363 1761; x_wconf 86' lang='lat' dir='ltr'>Bodl.</span> <span class='ocrx_word' id='word_1_219' title='bbox 1396 1727 1483 1761; x_wconf 87' lang='lat' dir='ltr'>inter</span> <span class='ocrx_word' id='word_1_220' title='bbox 1508 1725 1619 1760; x_wconf 64' lang='lat' dir='ltr'>Codd.</span> <span class='ocrx_word' id='word_1_221' title='bbox 1652 1725 1790 1760; x_wconf 86' lang='lat' dir='ltr'>Seldeni</span> 
     </span>
     <span class='ocr_line' id='line_1_30' title="bbox 437 1775 707 1823; baseline -0.004 -12"><span class='ocrx_word' id='word_1_222' title='bbox 437 1776 536 1823; x_wconf 87' lang='lat' dir='ltr'>supra</span> <span class='ocrx_word' id='word_1_223' title='bbox 553 1776 629 1811; x_wconf 88' lang='lat' dir='ltr'>rud.</span> <span class='ocrx_word' id='word_1_224' title='bbox 650 1775 707 1811; x_wconf 87' lang='lat'>26.</span> 
     </span>
    </p>
   </div>
   <div class='ocr_carea' id='block_1_14' title="bbox 487 1859 1796 1908">
    <p class='ocr_par' dir='ltr' id='par_1_14' title="bbox 487 1859 1796 1908">
     <span class='ocr_line' id='line_1_31' title="bbox 487 1859 1796 1908; baseline 0 -11"><span class='ocrx_word' id='word_1_225' title='bbox 487 1863 608 1898; x_wconf 83' lang='lat' dir='ltr'>Codex</span> <span class='ocrx_word' id='word_1_226' title='bbox 627 1864 911 1900; x_wconf 85' lang='lat' dir='ltr'>membranaceus</span> <span class='ocrx_word' id='word_1_227' title='bbox 929 1872 1009 1898; x_wconf 88' lang='lat' dir='ltr'>ante</span> <span class='ocrx_word' id='word_1_228' title='bbox 1028 1875 1134 1898; x_wconf 86' lang='lat' dir='ltr'>annos</span> <span class='ocrx_word' id='word_1_229' title='bbox 1154 1874 1288 1898; x_wconf 87' lang='lat' dir='ltr'>ccceL.</span> <span class='ocrx_word' id='word_1_230' title='bbox 1318 1862 1353 1897; x_wconf 90' lang='lat' dir='ltr'>ni</span> <span class='ocrx_word' id='word_1_231' title='bbox 1374 1861 1473 1898; x_wconf 87' lang='lat' dir='ltr'>fallor</span> <span class='ocrx_word' id='word_1_232' title='bbox 1492 1862 1565 1908; x_wconf 85' lang='lat' dir='ltr'>(vel</span> <span class='ocrx_word' id='word_1_233' title='bbox 1581 1859 1691 1896; x_wconf 83' lang='lat' dir='ltr'>forsan</span> <span class='ocrx_word' id='word_1_234' title='bbox 1711 1871 1796 1897; x_wconf 75' lang='lat' dir='ltr'>ante</span> 
     </span>
    </p>
   </div>
   <div class='ocr_carea' id='block_1_15' title="bbox 439 1910 1789 2008">
    <p class='ocr_par' dir='ltr' id='par_1_15' title="bbox 439 1910 1789 2008">
     <span class='ocr_line' id='line_1_32' title="bbox 439 1910 1789 1960; baseline 0 -13"><span class='ocrx_word' id='word_1_235' title='bbox 439 1924 546 1947; x_wconf 84' lang='lat' dir='ltr'>annos</span> <span class='ocrx_word' id='word_1_236' title='bbox 565 1913 628 1955; x_wconf 86' lang='lat' dir='ltr'>D.)</span> <span class='ocrx_word' id='word_1_237' title='bbox 656 1912 799 1959; x_wconf 78' lang='lat' dir='ltr'>scriptus</span> <span class='ocrx_word' id='word_1_238' title='bbox 818 1914 851 1948; x_wconf 90' lang='lat' dir='ltr'>in</span> <span class='ocrx_word' id='word_1_239' title='bbox 869 1924 940 1960; x_wconf 90' lang='lat' dir='ltr'>quo</span> <span class='ocrx_word' id='word_1_240' title='bbox 971 1913 1142 1948; x_wconf 80' lang='lat' dir='ltr'>somnium</span> <span class='ocrx_word' id='word_1_241' title='bbox 1173 1912 1341 1959; x_wconf 80' lang='lat' dir='ltr'>Scipionis</span> <span class='ocrx_word' id='word_1_242' title='bbox 1367 1913 1400 1947; x_wconf 91' lang='lat' dir='ltr'>in</span> <span class='ocrx_word' id='word_1_243' title='bbox 1420 1915 1480 1956; x_wconf 66' lang='lat'>4²⁰.</span> <span class='ocrx_word' id='word_1_244' title='bbox 1519 1911 1561 1946; x_wconf 91' lang='lat' dir='ltr'>In</span> <span class='ocrx_word' id='word_1_245' title='bbox 1588 1911 1674 1947; x_wconf 80' lang='lat' dir='ltr'>Coll.</span> <span class='ocrx_word' id='word_1_246' title='bbox 1701 1910 1789 1947; x_wconf 83' lang='lat' dir='ltr'>Lin-</span> 
     </span>
     <span class='ocr_line' id='line_1_33' title="bbox 439 1961 812 2008; baseline 0.003 -12"><span class='ocrx_word' id='word_1_247' title='bbox 439 1961 611 2004; x_wconf 81' lang='lat' dir='ltr'>colniensi,</span> <span class='ocrx_word' id='word_1_248' title='bbox 639 1961 681 1996; x_wconf 74' lang='lat' dir='ltr'>E.</span> <span class='ocrx_word' id='word_1_249' title='bbox 701 1974 759 2008; x_wconf 85' lang='lat'>47.</span> <span class='ocrx_word' id='word_1_250' title='bbox 783 1974 812 1997; x_wconf 91' lang='lat'>1.</span> 
     </span>
    </p>
   </div>
   <div class='ocr_carea' id='block_1_16' title="bbox 490 2050 1789 2099">
    <p class='ocr_par' dir='ltr' id='par_1_16' title="bbox 490 2050 1789 2099">
     <span class='ocr_line' id='line_1_34' title="bbox 490 2050 1789 2099; baseline 0.002 -13"><span class='ocrx_word' id='word_1_251' title='bbox 490 2052 579 2087; x_wconf 86' lang='lat' dir='ltr'>Cod.</span> <span class='ocrx_word' id='word_1_252' title='bbox 593 2052 673 2088; x_wconf 81' lang='lat' dir='ltr'>MS.</span> <span class='ocrx_word' id='word_1_253' title='bbox 689 2053 722 2087; x_wconf 88' lang='lat' dir='ltr'>in</span> <span class='ocrx_word' id='word_1_254' title='bbox 734 2052 822 2089; x_wconf 84' lang='lat' dir='ltr'>Bibl.</span> <span class='ocrx_word' id='word_1_255' title='bbox 835 2052 1004 2098; x_wconf 79' lang='lat' dir='ltr'>Johannis</span> <span class='ocrx_word' id='word_1_256' title='bbox 1019 2053 1118 2099; x_wconf 87' lang='lat' dir='ltr'>Bapt.</span> <span class='ocrx_word' id='word_1_257' title='bbox 1130 2053 1249 2087; x_wconf 87' lang='lat' dir='ltr'>Oxon.</span> <span class='ocrx_word' id='word_1_258' title='bbox 1267 2052 1309 2086; x_wconf 88' lang='lat' dir='ltr'>de</span> <span class='ocrx_word' id='word_1_259' title='bbox 1323 2052 1469 2087; x_wconf 81' lang='lat' dir='ltr'>Oratore</span> <span class='ocrx_word' id='word_1_260' title='bbox 1480 2050 1587 2086; x_wconf 89' lang='lat' dir='ltr'>libros</span> <span class='ocrx_word' id='word_1_261' title='bbox 1597 2051 1789 2088; x_wconf 80' lang='lat' dir='ltr'>continens.</span> 
     </span>
    </p>
   </div>
   <div class='ocr_carea' id='block_1_17' title="bbox 445 2139 1752 2326">
    <p class='ocr_par' dir='ltr' id='par_1_17' title="bbox 445 2139 1678 2226">
     <span class='ocr_line' id='line_1_35' title="bbox 445 2139 1678 2189; baseline -0.001 -14"><span class='ocrx_word' id='word_1_262' title='bbox 445 2141 533 2176; x_wconf 87' lang='lat' dir='ltr'>Cod.</span> <span class='ocrx_word' id='word_1_263' title='bbox 555 2141 634 2176; x_wconf 82' lang='lat' dir='ltr'>MS.</span> <span class='ocrx_word' id='word_1_264' title='bbox 662 2141 767 2176; x_wconf 87' lang='lat' dir='ltr'>libros</span> <span class='ocrx_word' id='word_1_265' title='bbox 785 2141 829 2176; x_wconf 86' lang='lat' dir='ltr'>de</span> <span class='ocrx_word' id='word_1_266' title='bbox 848 2154 980 2177; x_wconf 84' lang='lat' dir='ltr'>oratore</span> <span class='ocrx_word' id='word_1_267' title='bbox 998 2151 1090 2178; x_wconf 89' lang='lat' dir='ltr'>cont.</span> <span class='ocrx_word' id='word_1_268' title='bbox 1111 2142 1143 2176; x_wconf 91' lang='lat' dir='ltr'>in</span> <span class='ocrx_word' id='word_1_269' title='bbox 1163 2141 1250 2176; x_wconf 71' lang='lat' dir='ltr'>Bibl.</span> <span class='ocrx_word' id='word_1_270' title='bbox 1271 2141 1369 2176; x_wconf 84' lang='lat' dir='ltr'>Bodl.</span> <span class='ocrx_word' id='word_1_271' title='bbox 1389 2141 1466 2189; x_wconf 81' lang='lat' dir='ltr'>Q</span> <span class='ocrx_word' id='word_1_272' title='bbox 1486 2139 1528 2175; x_wconf 89' lang='lat' dir='ltr'>E.</span> <span class='ocrx_word' id='word_1_273' title='bbox 1549 2141 1596 2175; x_wconf 91' lang='lat' dir='ltr'>N.</span> <span class='ocrx_word' id='word_1_274' title='bbox 1619 2142 1658 2174; x_wconf 87' lang='lat'>81</span> <span class='ocrx_word' id='word_1_275' title='bbox 1671 2168 1678 2175; x_wconf 93' lang='lat'><strong><em>.</em></strong></span> 
     </span>
     <span class='ocr_line' id='line_1_36' title="bbox 449 2190 1527 2226; baseline -0.001 -2"><span class='ocrx_word' id='word_1_276' title='bbox 449 2191 538 2225; x_wconf 88' lang='lat' dir='ltr'>Cod.</span> <span class='ocrx_word' id='word_1_277' title='bbox 558 2190 637 2225; x_wconf 54' lang='lat' dir='ltr'>M‘s&#39;.</span> <span class='ocrx_word' id='word_1_278' title='bbox 667 2191 752 2224; x_wconf 77' lang='lat' dir='ltr'>Coll.</span> <span class='ocrx_word' id='word_1_279' title='bbox 774 2191 968 2226; x_wconf 78' lang='lat' dir='ltr'>Balliolens.</span> <span class='ocrx_word' id='word_1_280' title='bbox 999 2191 1104 2226; x_wconf 88' lang='lat' dir='ltr'>libros</span> <span class='ocrx_word' id='word_1_281' title='bbox 1123 2190 1165 2225; x_wconf 82' lang='lat' dir='ltr'>de</span> <span class='ocrx_word' id='word_1_282' title='bbox 1185 2199 1318 2224; x_wconf 78' lang='lat' dir='ltr'>oratore</span> <span class='ocrx_word' id='word_1_283' title='bbox 1337 2191 1527 2225; x_wconf 81' lang='lat' dir='ltr'>continens.</span> 
     </span>
    </p>

    <p class='ocr_par' dir='ltr' id='par_1_18' title="bbox 449 2238 1752 2326">
     <span class='ocr_line' id='line_1_37' title="bbox 449 2238 1752 2287; baseline 0 -13"><span class='ocrx_word' id='word_1_284' title='bbox 449 2239 537 2274; x_wconf 65' lang='lat' dir='ltr'>Cori,</span> <span class='ocrx_word' id='word_1_285' title='bbox 558 2239 636 2274; x_wconf 88' lang='lat' dir='ltr'>MS.</span> <span class='ocrx_word' id='word_1_286' title='bbox 665 2240 752 2273; x_wconf 78' lang='lat' dir='ltr'>Con.</span> <span class='ocrx_word' id='word_1_287' title='bbox 775 2240 1067 2287; x_wconf 78' lang='lat' dir='ltr'>Magdalenensis.</span> <span class='ocrx_word' id='word_1_288' title='bbox 1087 2242 1205 2275; x_wconf 87' lang='lat' dir='ltr'>Oxon.</span> <span class='ocrx_word' id='word_1_289' title='bbox 1227 2239 1332 2273; x_wconf 86' lang='lat' dir='ltr'>libros</span> <span class='ocrx_word' id='word_1_290' title='bbox 1349 2239 1392 2273; x_wconf 79' lang='lat' dir='ltr'>de</span> <span class='ocrx_word' id='word_1_291' title='bbox 1411 2248 1545 2273; x_wconf 77' lang='lat' dir='ltr'>oratore</span> <span class='ocrx_word' id='word_1_292' title='bbox 1562 2238 1752 2274; x_wconf 79' lang='lat' dir='ltr'>continens.</span> 
     </span>
     <span class='ocr_line' id='line_1_38' title="bbox 451 2288 1432 2326; baseline 0 -4"><span class='ocrx_word' id='word_1_293' title='bbox 451 2288 540 2322; x_wconf 88' lang='lat' dir='ltr'>Cod.</span> <span class='ocrx_word' id='word_1_294' title='bbox 560 2288 639 2323; x_wconf 88' lang='lat' dir='ltr'>MS.</span> <span class='ocrx_word' id='word_1_295' title='bbox 668 2288 758 2323; x_wconf 89' lang='lat' dir='ltr'>Coll.</span> <span class='ocrx_word' id='word_1_296' title='bbox 780 2290 876 2323; x_wconf 88' lang='lat' dir='ltr'>Novi</span> <span class='ocrx_word' id='word_1_297' title='bbox 903 2290 1007 2324; x_wconf 86' lang='lat' dir='ltr'>libros</span> <span class='ocrx_word' id='word_1_298' title='bbox 1027 2290 1069 2326; x_wconf 89' lang='lat' dir='ltr'>de</span> <span class='ocrx_word' id='word_1_299' title='bbox 1087 2301 1221 2324; x_wconf 84' lang='lat' dir='ltr'>oratore</span> <span class='ocrx_word' id='word_1_300' title='bbox 1239 2289 1432 2323; x_wconf 72' lang='lat' dir='ltr'>continens.</span> 
     </span>
    </p>
   </div>
   <div class='ocr_carea' id='block_1_18' title="bbox 449 2336 1594 2386">
    <p class='ocr_par' dir='ltr' id='par_1_19' title="bbox 449 2336 1594 2386">
     <span class='ocr_line' id='line_1_39' title="bbox 449 2336 1594 2386; baseline 0 -16"><span class='ocrx_word' id='word_1_301' title='bbox 449 2337 538 2372; x_wconf 88' lang='lat' dir='ltr'>Cod.</span> <span class='ocrx_word' id='word_1_302' title='bbox 559 2337 637 2372; x_wconf 83' lang='lat' dir='ltr'>MS.</span> <span class='ocrx_word' id='word_1_303' title='bbox 666 2338 819 2374; x_wconf 78' lang='lat' dir='ltr'>&#39;fhomae</span> <span class='ocrx_word' id='word_1_304' title='bbox 839 2338 1041 2386; x_wconf 79' lang='lat' dir='ltr'>Wagstaffe,</span> <span class='ocrx_word' id='word_1_305' title='bbox 1069 2338 1174 2373; x_wconf 73' lang='lat' dir='ltr'>libros</span> <span class='ocrx_word' id='word_1_306' title='bbox 1192 2337 1234 2373; x_wconf 78' lang='lat' dir='ltr'>de</span> <span class='ocrx_word' id='word_1_307' title='bbox 1253 2348 1387 2373; x_wconf 76' lang='lat' dir='ltr'>oratore</span> <span class='ocrx_word' id='word_1_308' title='bbox 1402 2336 1594 2374; x_wconf 81' lang='lat' dir='ltr'>continens.-</span> 
     </span>
    </p>
   </div>
   <div class='ocr_carea' id='block_1_19' title="bbox 395 2416 1231 2453">
    <p class='ocr_par' dir='ltr' id='par_1_20' title="bbox 395 2416 1231 2453">
     <span class='ocr_line' id='line_1_40' title="bbox 395 2416 1231 2453; baseline 0 -1"><span class='ocrx_word' id='word_1_309' title='bbox 395 2416 515 2453; x_wconf 77' lang='lat' dir='ltr'>ToM.</span> <span class='ocrx_word' id='word_1_310' title='bbox 534 2417 562 2452; x_wconf 93' lang='grc' dir='ltr'>Ι.</span> <span class='ocrx_word' id='word_1_311' title='bbox 1204 2418 1231 2452; x_wconf 82' lang='lat' dir='ltr'>b</span> 
     </span>
    </p>
   </div>
  </div>
 </body>
</html>
