2176 2912
542 179 861 221 LIBER
937 179 1353 220 PRIMUS.
1584 185 1717 237 163.

247 290 343 316 cum
374 275 421 313 ab
451 286 498 311 eo
531 272 749 317 discesserit,
781 272 928 324 reliqua
959 271 1093 310 similis
1124 273 1245 310 oratio
1274 274 1539 326 consequetur.
1600 278 1657 314 Ut

248 342 444 381 concitato
468 339 635 392 navigio,
671 352 764 376 cum
786 339 949 390 remiges
971 337 1243 383 sustinuerunt,
1275 340 1412 378 retinet
1433 350 1559 379 tamen
1582 342 1658 394 ipsa

249 408 354 447 navis
377 414 532 443 motum
552 414 590 442 et
607 403 763 442 cursum
795 403 922 448 suum,
955 403 1168 442 intermisso
1188 404 1352 457 impetu,
1384 405 1575 457 pulsuque
1596 420 1655 444 re-

252 486 410 512 morum
426 490 437 516 ς
470 471 520 509 fic
541 471 582 509 in
602 470 773 508 oratione
794 478 986 522 perpetua,
1017 483 1109 507 cum
1131 470 1269 522 scripta
1293 470 1494 515 deficiunt,
1526 485 1657 523 parem

251 548 383 578 tamen
403 537 555 576 obtinet
575 537 697 575 oratio
717 536 863 588 reliqua
893 535 1063 581 cursum,
1095 536 1326 590 scriptorum
1346 536 1599 575 similitudine
1619 547 1658 575 et

248 606 288 644 vi
309 604 513 643 concitata.

307 669 501 710 XXXIV.
541 670 586 707 In
621 668 856 720 quotidianis
888 676 1018 705 autem
1048 669 1445 707 commentationibus
1475 668 1658 721 equidem

247 737 350 777 mihi
387 735 691 775 adolescentulus
732 747 944 787 proponere
982 733 1151 772 solebam
1194 734 1303 773 illam
1343 735 1658 774 exercitationem

249 804 437 847 maxime,
469 814 545 853 qua
566 801 614 838 C.
638 799 873 844 Carbonem,
909 799 1080 837 nostrum
1107 800 1223 838 illum
1243 801 1466 845 inimicum,
1500 801 1657 838 solitum

248 869 321 907 esse
336 869 392 907 uti
406 867 586 911 sciebam,
602 874 644 903 ut
661 874 726 903 aut
743 865 909 903 versibus
926 866 1127 917 propositis
1141 879 1260 918 quam
1276 868 1447 905 maxime
1462 867 1656 920 gravibus,

246 944 315 972 aut
334 933 505 972 oratione
524 931 651 983 aliqua
671 931 766 969 lefta
793 931 839 968 ad
864 944 955 968 eum
983 930 1116 976 finem,
1149 945 1268 984 quem
1299 934 1488 971 memoria
1514 932 1658 985 possem

249 998 592 1053 comprehendere,
634 1011 721 1035 eam
760 1010 843 1035 rem
882 997 1016 1050 ipsam,
1048 1011 1168 1049 quam
1199 997 1384 1050 legissem,
1416 999 1540 1037 verbis
1574 998 1657 1036 aliis

250 1079 370 1118 quam
390 1064 560 1103 maxime
580 1062 725 1116 poffem
744 1063 851 1101 lectis
868 1063 1172 1115 pronuntiarem.
1206 1064 1277 1102 Sed
1294 1064 1378 1116 post
1393 1064 1656 1108 animadverti,

247 1130 326 1170 hoc
346 1131 416 1169 effe
437 1131 477 1168 in
498 1129 573 1167 hoc
602 1130 702 1173 vitii,
733 1129 839 1181 quod
865 1143 907 1166 ea
927 1130 1053 1173 verba,
1085 1144 1170 1181 quae
1191 1131 1361 1168 maxime
1391 1130 1576 1182 cujusque
1607 1131 1659 1167 rei

252 1198 421 1251 propria,
454 1209 616 1249 quaeque
635 1195 753 1234 essent
784 1196 1017 1234 ornatiffima
1037 1206 1150 1248 atque
1169 1197 1332 1249 optima,
1360 1197 1574 1249 occupass'et
1595 1206 1660 1234 aut

252 1264 418 1308 Ennius,
451 1263 476 1301 fi
497 1263 544 1300 ad
573 1263 654 1313 ejus
675 1261 798 1299 versus
821 1275 884 1299 me
907 1275 1136 1306 exercerem,
1168 1272 1233 1300 aut
1266 1262 1483 1307 Gracchus,
1518 1263 1543 1300 fi
1577 1264 1658 1315 ejus

250 1330 462 1369 orationem
484 1327 585 1367 mihi
605 1327 704 1365 forte
733 1327 1004 1380 proposuissem
1023 1342 1031 1364 :
1065 1328 1130 1372 ita,
1163 1328 1187 1365 s1
1207 1328 1343 1366 iisdem
1363 1329 1488 1366 verbis
1521 1337 1657 1372 uterer,

251 1394 352 1435 nihil
371 1394 539 1448 prodeffe
552 1413 563 1439 5
596 1394 621 1431 fi
642 1394 738 1437 aliis,
761 1393 878 1430 etiam
898 1392 1036 1437 obeffe,
1054 1406 1146 1431 cum
1168 1394 1297 1431 minus
1318 1394 1464 1432 idoneis
1487 1394 1544 1432 uti
1561 1407 1657 1432 con-

251 1462 475 1502 suescerem.
527 1461 658 1500 Postea
678 1459 778 1501 mihi
812 1460 971 1512 placuit,
1002 1473 1123 1511 eoque
1143 1460 1228 1498 sum
1250 1460 1335 1499 usus
1355 1461 1585 1505 adolescens,
1618 1469 1661 1499 ut

256 1528 499 1567 summorum
518 1536 715 1565 oratorum
736 1527 888 1564 Graecas
906 1526 1094 1567 orationes
1110 1526 1341 1577 explicarem
1354 1544 1366 1570 ;
1393 1527 1534 1577 quibus
1553 1526 1660 1564 lectis

253 1593 329 1632 hoc
353 1593 581 1647 affequebar,
614 1601 670 1636 ut,
701 1605 794 1630 cum
823 1605 879 1635 ea,
911 1605 996 1643 quae
1025 1592 1191 1644 legerem
1226 1593 1375 1636 Graece,
1407 1593 1546 1630 Latine
1574 1592 1660 1630 red-

253 1660 398 1704 derem,
431 1673 508 1697 non
529 1659 654 1696 solum
674 1657 835 1711 optimis
857 1657 979 1694 verbis
1013 1667 1149 1702 uterer,
1180 1666 1217 1695 et
1251 1667 1378 1695 tamen
1411 1658 1567 1702 usitatis,
1600 1657 1661 1696 sed

243 1725 371 1763 -etiam
391 1725 650 1777 exprimerem
671 1722 847 1775 quaedam
867 1722 980 1759 verba
999 1722 1202 1767 imitando,
1229 1737 1312 1775 quae
1333 1737 1430 1761 nova
1451 1723 1583 1761 nostris
1604 1722 1661 1760 es-

257 1791 351 1835 sent,
375 1791 590 1828 dummodo
610 1789 725 1827 effent
746 1789 894 1826 idonea.
954 1789 1042 1839 Jam
1075 1789 1194 1833 vocis,
1229 1799 1267 1827 et
1287 1790 1453 1841 spiritns,
1486 1799 1523 1828 et
1543 1789 1661 1827 totius

255 1858 440 1910 corporis,
463 1865 501 1893 et
523 1856 637 1908 ipsius
659 1855 800 1906 linguae
817 1863 960 1898 motus,
992 1864 1028 1892 et
1044 1856 1346 1900 exercitationes,
1376 1870 1453 1894 non
1476 1866 1554 1894 tam
1572 1856 1660 1894 artis

257 1923 448 1975 indigent,
480 1935 598 1975 quam
616 1921 754 1959 laboris
774 1935 782 1957 :
815 1921 957 1972 quibus
989 1921 1026 1957 in
1049 1921 1159 1958 rebus
1188 1920 1362 1959 habenda
1382 1922 1434 1960 est
1455 1923 1549 1960 ratio
1569 1921 1661 1960 dili-

255 1998 402 2042 genter,
434 2002 530 2040 quos
551 1988 766 2030 imitemur,
798 2000 966 2038 quorum
1002 1986 1141 2026 similes
1163 1986 1326 2024 velimus
1349 1987 1431 2025 esse.
1479 1988 1659 2026 Intuendi

260 2055 371 2094 nobis
392 2054 479 2092 sunt
501 2067 577 2091 non
599 2053 724 2091 solum
745 2062 925 2096 oratoreS,
957 2053 1015 2090 sed
1046 2053 1161 2091 etiam
1183 2055 1337 2097 astores,
1360 2067 1406 2091 ne
1436 2053 1534 2091 mala
1564 2068 1660 2092 con«a

260 2120 460 2160 suetudine
500 2120 545 2157 ad
581 2120 751 2171 aliquam
784 2118 1072 2157 deformitatem
1110 2119 1413 2172 pravitatemque
1447 2120 1659 2157 veniamus.

260 2187 484 2226 Exercenda
502 2186 554 2223 est
574 2187 691 2224 etiam
713 2187 912 2229 memoria,
945 2186 1154 2224 ediscendis
1181 2187 1227 2223 ad
1250 2187 1408 2224 verbum
1431 2200 1547 2237 quam
1570 2186 1659 2238 plu-

259 2253 368 2290 rimis
389 2262 427 2290 et
447 2252 581 2290 nostris
601 2252 766 2305 scriptis,
788 2262 825 2288 et
846 2253 990 2289 alienis,
1024 2254 1154 2305 Atque
1174 2253 1213 2290 in
1235 2266 1276 2290 ea
1295 2253 1563 2291 exercitatione
1584 2265 1660 2289 non

262 2319 347 2357 sane
367 2318 466 2355 mihi
487 2317 662 2370 displicet
690 2317 882 2363 adhibere,
914 2319 939 2356 si
962 2319 1164 2362 consueris,
1201 2320 1318 2357 etiam
1349 2319 1458 2357 istam
1486 2320 1660 2356 locorum

262 2384 631 2436 simulacrorumque
650 2386 850 2429 rationem,
870 2399 953 2436 quae
975 2386 1014 2423 in
1035 2396 1112 2423 arte
1128 2387 1301 2424 traditur.
1326 2385 1535 2424 Educenda
1550 2384 1659 2421 dein-

265 2451 311 2488 de
324 2450 440 2489 dictio
459 2450 511 2488 est
526 2463 572 2488 ex
586 2449 656 2489 hac
676 2451 882 2489 domestica
897 2452 1179 2496 exercitatione,
1194 2461 1230 2490 et
1253 2452 1465 2497 umbratili,
1487 2450 1660 2489 medium

947 2517 1039 2556 Xz
