2176 2912
453 201 773 240 LIBER
849 202 1425 244 SECUNDUS.
1572 221 1644 261 113

246 293 511 338 controverfia,
533 293 620 331 dare
640 307 795 346 operam
823 295 1031 346 oportebit,
1065 304 1108 333 ut
1139 296 1185 334 de
1204 309 1262 341 eo,
1295 296 1400 349 quod
1419 296 1645 337 adversarius

246 360 448 412 inteIIIgat,
469 360 542 397 alia
560 360 600 397 in
620 360 703 413 lege
723 369 881 398 cautum
901 360 972 398 effe
991 361 1185 400 doceatur.

299 424 545 463 Permultum
561 434 689 463 autem
711 425 888 478 proficiet
908 426 1005 464 illud
1023 427 1292 472 demonstrare,
1316 428 1647 480 quemadmodum

244 488 452 542 scripsisset,
475 491 500 528 fi
520 490 573 535 id,
605 492 710 544 quod
730 491 955 530 adversarius
978 493 1153 545 accipiat,
1185 493 1281 537 fieri,
1303 502 1368 531 aut
1388 494 1555 546 intelligi
1576 509 1645 533 vo-

243 554 389 594 luiffet:
423 565 466 594 ut
484 557 525 594 in
545 555 616 595 hac
638 558 759 603 causa,
781 558 819 595 in
841 571 916 610 qua
936 558 982 595 de
1002 559 1093 597 vasis
1113 559 1298 612 argenteis
1320 560 1517 611 quaeritur‚
1535 560 1646 613 poffit

243 621 383 659 mulier
403 622 541 668 dicere,
575 622 673 661 nihil
694 623 883 662 attinuisse
909 624 1084 670 adscribi,
1115 640 1195 678 quae
1212 626 1320 671 volet,
1357 625 1384 663 fi
1403 625 1554 663 heredis
1576 640 1645 664 vo-

242 686 382 726 luntati
401 689 655 741 permitteret.
715 690 775 728 Eo
795 690 899 728 enim
931 704 1008 728 non
1027 691 1216 744 adscripto
1236 690 1334 729 nihil
1355 691 1470 730 ineffe
1489 692 1644 730 dubita-

243 755 371 800 tionis,
403 756 498 807 quin
520 754 642 801 heres,
673 770 758 808 quae
774 756 851 808 ipse
871 756 998 802 vellet,
1021 757 1137 796 daret.
1169 759 1362 796 Amentiae
1383 759 1502 811 igitur
1520 757 1643 803 fuiffe,

241 833 333 860 cum
346 820 477 860 heredi
494 822 609 860 vellet
623 836 766 867 cavere,
781 823 821 860 id
840 822 1063 868 adscribere,
1078 838 1156 876 quo
1177 838 1255 863 non
1276 825 1477 879 adscripto,
1496 824 1644 864 nihilo-

241 886 369 925 minus
391 887 522 925 heredi
541 897 748 926 caveretur.
931 892 938 899 '

295 953 423 1004 Qare
442 952 518 991 hoc
533 967 670 1006 genere
700 967 930 1007 magnopere
959 955 1098 992 talibus
1126 955 1166 992 in
1187 956 1304 994 caufis
1336 956 1393 994 uti
1419 957 1642 1010 oportebit3

239 1017 265 1055 fi
284 1017 360 1057 hoc
390 1020 508 1058 modo
529 1019 736 1073 scripsisset,
762 1021 831 1059 isto
851 1021 966 1059 verbo
988 1021 1073 1060 usus
1109 1035 1187 1060 non
1215 1022 1317 1068 esset,
1348 1036 1426 1062 non
1452 1023 1524 1061 isto
1557 1023 1645 1062 loco

239 1086 401 1124 verbum
421 1086 520 1124 istud
541 1087 756 1125 collocaffet
775 1103 783 1126 :
807 1101 897 1126 nam
918 1102 965 1126 ex
982 1087 1045 1126 his
1060 1088 1245 1127 sententia
1261 1089 1452 1143 scriptoris
1473 1091 1645 1128 maxime

238 1151 476 1204 perspicitur.
501 1152 653 1190 Deinde
673 1167 752 1205 quo
769 1163 941 1207 tempore
953 1154 1140 1208 scriptum
1161 1155 1219 1200 fit,
1237 1155 1488 1208 quaerendum
1504 1156 1569 1201 est,
1585 1166 1641 1202 ut,

238 1218 333 1269 quid
353 1232 443 1257 eum
463 1217 619 1256 voluiffe
635 1219 675 1257 in
695 1219 883 1272 ejusmodi
900 1230 1073 1274 tempore
1092 1222 1296 1260 verisimile
1310 1222 1368 1267 fit,
1390 1223 1640 1276 intelligatur,

237 1284 327 1322 Post
346 1298 393 1324 ex
412 1285 696 1324 deliberationis
716 1286 904 1338 partibus,
925 1287 1021 1339 quid
1041 1287 1188 1333 utilius,
1209 1298 1247 1327 et
1262 1289 1357 1341 quid
1375 1288 1584 1335 honestius,
1605 1299 1644 1328 et

236 1350 295 1389 illi
316 1352 362 1390 ad
378 1352 636 1398 scribendum,
651 1361 690 1391 et
704 1351 765 1390 his
782 1353 828 1391 ad
848 1353 1183 1406 comprobandum
1200 1355 1258 1400 fit,
1273 1355 1611 1395 demonstrandum
1625 1375 1637 1402 ;

238 1428 276 1457 et
304 1432 351 1457 ex
371 1418 432 1457 his
453 1419 479 1457 fi
500 1419 595 1472 quid
615 1419 926 1473 amplificationis
948 1420 1115 1466 dabitur,
1147 1422 1426 1460 communibus
1459 1423 1641 1476 utrinque

236 1484 331 1524 Iocis
352 1486 410 1523 uti
430 1485 638 1538 oportebit.

291 1552 422 1590 XLII.
455 1553 517 1590 Ex
537 1551 678 1605 scripto
697 1561 735 1590 et
754 1551 937 1591 sententia
956 1553 1206 1591 controversia
1225 1553 1406 1599 consistit,
1437 1567 1529 1594 cum
1548 1554 1641 1594 alter

236 1618 360 1656 verbis
381 1618 482 1671 ipfis,
501 1632 586 1671 quae
601 1618 739 1672 scripta
754 1618 854 1664 sunt,
876 1619 1022 1664 utitur3
1045 1619 1139 1658 alter
1156 1620 1202 1658 ad
1222 1620 1275 1665 id,
1294 1620 1397 1673 quod
1413 1620 1640 1674 scriptorem

236 1685 378 1724 senfiss‘e
399 1685 512 1730 dicet,
534 1699 693 1724 omnem
714 1685 888 1738 adjungit
909 1686 1133 1724 difflonem.
1181 1688 1382 1740 Scriptoris
1403 1696 1531 1726 autem
1552 1689 1645 1727 sen-v

235 1751 368 1795 tentia,
385 1751 431 1789 ab
452 1764 510 1796 eo,
525 1752 593 1803 qui
605 1751 788 1789 sententia
807 1750 842 1788 se
862 1750 1054 1797 defendet,
1073 1761 1157 1790 tum
1178 1751 1326 1806 semper
1345 1753 1392 1790 ad
1408 1753 1513 1791 idem
1530 1753 1638 1806 spec-

236 1825 326 1860 tare,
357 1825 395 1854 et
415 1816 518 1853 idem
552 1816 664 1860 velle,
686 1817 1031 1861 demonstrabitur3
1064 1827 1150 1855 tum
1176 1827 1242 1856 aut
1271 1832 1319 1856 ex
1349 1817 1462 1864 facto,
1499 1828 1563 1857 aut
1590 1833 1639 1860 ex

235 1890 375 1920 eventu
405 1882 536 1934 aliquo
569 1881 615 1919 ad
647 1891 798 1935 tempus
831 1883 883 1928 id,
920 1883 1025 1934 quod
1052 1883 1230 1929 instituit,
1262 1885 1635 1926 accommodabitur.

236 1951 393 2001 Semper
407 1948 452 1986 ad
468 1949 571 1986 idem
587 1948 762 2002 spectare,
777 1948 852 1987 hoc
867 1950 983 1988 modo
992 1968 1003 1995 3
1022 1949 1298 1989 Paterfamilias
1313 1965 1404 1989 cum
1425 1952 1637 1992 liberorum

234 2013 334 2052 nihil
356 2012 523 2059 haberet,
547 2028 707 2052 uxorem
728 2025 858 2052 autem
878 2014 1047 2061 haberet,
1070 2016 1110 2053 in
1132 2016 1355 2054 testamento
1386 2017 1439 2054 ita
1464 2016 1608 2070 scripsit
1620 2037 1634 2063 ς

234 2081 278 2119 Si
292 2080 381 2120 mihi
381 2080 486 2132 filius
499 2080 645 2132 genitus
664 2095 767 2126 unus,
784 2081 964 2135 plztraescm’,
986 2082 1015 2119 is
1034 2082 1123 2120 mihi
1137 2082 1237 2120 heres
1254 2082 1330 2135 esto.
1378 2082 1529 2120 Deinde
1550 2097 1636 2136 quae

233 2145 401 2184 assolent.
444 2146 585 2191 Postea,
608 2146 756 2198 Sifilius
774 2156 858 2185 ante
876 2148 1044 2192 maritum
1067 2162 1172 2200 quam
1191 2148 1228 2185 in
1248 2149 1397 2186 tutelam
1397 2149 1508 2201 sicam
1523 2163 1632 2187 vene-

233 2211 299 2256 rit,
321 2220 363 2249 tu
381 2211 480 2256 mihi,
498 2211 662 2256 dicebat,
665 2211 843 2266 ficundus
858 2213 957 2251 heres
975 2213 1050 2266 esto.
1075 2213 1198 2251 Filius
1220 2227 1295 2252 non
1316 2213 1368 2250 est
1385 2223 1506 2252 natus.
1530 2216 1633 2252 Am-

233 2277 371 2329 bigunt
390 2278 516 2330 agnati
537 2292 629 2316 cum
648 2293 706 2324 eo,
724 2279 791 2331 qui
811 2279 863 2317 est
882 2279 1064 2318 secundus
1081 2278 1201 2325 heres,
1223 2280 1249 2318 fi
1270 2280 1372 2318 filius
1392 2289 1492 2325 ante,
1515 2294 1634 2333 quam

233 2344 272 2385 in
292 2343 452 2381 tutelam
473 2344 609 2390 veniat,
627 2355 803 2384 mortuus
825 2345 882 2384 fit.
907 2347 951 2384 In
973 2345 1046 2384 hoc
1067 2360 1202 2399 genere
1220 2361 1295 2385 non
1311 2346 1431 2399 potest
1443 2345 1518 2384 hoc
1538 2347 1633 2391 dici,

232 2408 277 2446 ad
295 2418 460 2461 tempus,
477 2419 540 2448 aut
559 2410 605 2448 ad
620 2421 802 2450 eventum
822 2412 990 2465 aliquem
1008 2412 1233 2451 sententiam
1250 2413 1441 2466 scriptoris
1459 2421 1632 2465 oportere

232 2475 542 2521 accommodari3
574 2486 771 2529 propterea
797 2479 900 2530 quod
921 2492 963 2515 ea
994 2478 1069 2516 sola
1087 2479 1377 2523 demonstratur,
1410 2492 1484 2530 qua
1510 2477 1630 2514 fretus

230 2540 309 2587 ille,
332 2541 400 2593 qui
417 2551 552 2580 contra
570 2543 757 2596 scriptum
778 2544 892 2590 dicet,
915 2544 1020 2583 suam
1040 2543 1110 2582 effe
1130 2543 1390 2583 haereditatem
1410 2542 1593 2581 defendit.

338 2607 474 2647 ToM.
505 2608 539 2648 Ι.
1157 2610 1187 2647 Ρ
