2176 2912
722 196 1395 238 PARTITIONES.
1683 212 1761 254 527

356 295 503 340 fratres,
534 303 572 332 et
591 293 671 338 alii,
693 306 790 345 quos
822 292 926 337 usus,
954 290 1267 343 familiaritasque
1296 291 1514 342 conjunxit,
1538 303 1761 343 quanquam

358 363 475 400 etiam
496 360 649 400 caritate
665 358 755 411 ipsa,
787 365 915 395 tamen
947 370 1076 395 amore
1104 357 1289 401 maxime,
1312 357 1572 395 continentur.
1634 358 1679 395 In
1698 356 1760 395 his

357 429 476 480 igitur
496 426 608 464 rebus
641 438 733 463 cum
754 424 855 462 bona
874 423 959 468 fint,
996 421 1110 460 facile
1129 422 1181 461 est
1207 422 1418 467 intelle&u‚
1447 437 1531 475 quae
1562 423 1633 461 sint
1664 437 1760 462 con-

357 494 482 532 traria.
543 492 662 544 Qod
696 491 722 529 fi
758 490 905 544 semper
944 490 1093 543 optima
1127 499 1252 527 tenere
1286 489 1491 542 poffeniuS‚
1528 489 1632 527 haud
1663 490 1760 536 sane,

357 561 543 613 quoniam
574 559 735 612 quidem
761 572 804 596 ea
824 557 1022 611 perspicua
1041 557 1141 602 sunt,
1174 556 1333 595 consilio
1352 555 1525 594 multum
1546 570 1759 609 egeremus.

359 627 431 666 Sed
451 628 542 680 quia
572 626 825 679 temporibus,
861 639 946 677 quae
966 625 1048 662 vim
1068 623 1212 662 habent
1233 623 1458 668 maximam,
1481 622 1645 676 persaepe
1675 637 1762 660 eve-

358 693 431 739 nit,
468 703 510 731 ut
541 693 685 731 utilitas
717 705 811 730 cum
842 690 1035 729 honestate
1054 700 1186 734 certet,
1217 703 1426 742 earumque
1446 703 1574 727 rerum
1599 700 1762 727 conten-

358 761 414 798 tio
434 760 664 812 plerumque
699 758 990 796 deliberationes
1011 757 1158 801 efficit3
1192 770 1238 794 ne
1269 766 1335 794 aut
1364 766 1581 809 opportuna
1609 766 1765 808 propter

358 827 604 879 dignitatem,
632 835 699 863 aut
717 824 873 863 honesta
891 833 1047 877 propter
1068 823 1277 861 utilitatem
1298 823 1576 875 relinquantur,
1599 822 1645 860 ad
1664 821 1765 860 hanc

358 893 629 931 difficultatem
645 891 915 943 explicandam
936 899 1125 942 praecepta
1144 889 1366 927 referamus.
1407 890 1459 927 Et
1480 890 1664 941 quoniam
1686 902 1765 926 non

357 959 406 996 ad
437 959 637 996 veritatem
671 956 810 1000 solum,
841 955 904 993 sed
936 955 1053 992 etiam
1087 955 1133 993 ad
1167 955 1367 1006 opiniones
1403 969 1550 998 eorum,
1589 955 1658 1006 qui
1694 967 1762 991 au-

358 1024 486 1069 diunt,
522 1022 850 1062 accommodanda
883 1022 936 1060 est
974 1022 1122 1066 orati03
1168 1020 1243 1058 hoc
1281 1022 1454 1073 primum
1486 1020 1762 1072 intelligamus,

358 1089 570 1128 hominum
590 1090 668 1127 duo
687 1089 758 1127 effe
787 1102 948 1141 genera3
981 1088 1145 1125 alterum
1181 1088 1381 1125 indoctum
1416 1098 1453 1125 ct
1474 1087 1626 1139 agreste,
1659 1087 1765 1138 quod

360 1155 545 1194 anteferat
564 1156 712 1208 semper
733 1155 943 1193 utilitatem
970 1154 1181 1198 honestati;
1213 1154 1376 1191 alterum
1398 1154 1629 1206 expolitum,
1658 1152 1764 1204 quod

360 1223 474 1261 rebus
493 1222 676 1260 omnibus
708 1221 938 1273 dignitatem
969 1230 1189 1273 anteponat.
1255 1220 1388 1271 Itaque
1408 1219 1500 1257 huic
1517 1220 1647 1271 generi
1668 1218 1763 1262 laus,

359 1288 501 1334 honor,
532 1289 666 1341 gloria,
698 1287 804 1332 fides,
836 1286 996 1339 justitia,
1027 1286 1231 1337 omnisque
1261 1286 1409 1323 virtus:
1452 1285 1511 1322 illi
1543 1295 1672 1321 autem
1706 1284 1763 1322 al-

360 1356 447 1400 teri,
469 1355 645 1408 quaestus,
667 1353 993 1398 emolumentum,
1014 1351 1233 1404 frustusque
1253 1353 1498 1404 proponitur,
1521 1360 1636 1402 atque
1649 1350 1766 1387 etiam

361 1422 553 1474 voluptas,
585 1434 670 1473 quae
691 1420 862 1457 maxime
881 1418 934 1456 est
955 1419 1113 1456 inimica
1132 1418 1280 1461 virtuti,
1303 1417 1472 1469 bonique
1493 1426 1668 1453 naturam
1689 1414 1764 1452 fal-

363 1488 496 1526 laciter
515 1486 705 1525 imitando
723 1486 909 1524 adulterat
922 1504 934 1529 ;
958 1498 1075 1537 quam
1093 1483 1389 1522 immaniffimus
1407 1483 1567 1535 quisque
1584 1481 1767 1519 acerrime

362 1554 544 1606 sequitur,
577 1566 702 1604 neque
723 1553 847 1590 solum
869 1551 1037 1589 honestis
1060 1551 1185 1595 rebus,
1209 1550 1270 1587 sed
1289 1551 1405 1587 etiam
1427 1549 1634 1587 necessariis
1655 1557 1764 1586 ante-

362 1621 487 1673 ponit.
548 1621 594 1657 In
614 1619 817 1663 suadendo,
849 1631 942 1656 cum
976 1617 1011 1654 ei
1043 1617 1171 1669 generi
1204 1615 1413 1654 hominum
1447 1615 1650 1653 confilium
1685 1615 1764 1660 des,

363 1686 457 1740 saepe
478 1687 561 1724 sane
580 1685 766 1723 laudanda
781 1685 833 1722 est
847 1703 860 1729 3
892 1694 930 1722 et
949 1684 1047 1721 illud
1069 1683 1294 1727 videndum,
1323 1691 1467 1734 quanto
1489 1682 1610 1734 magis
1631 1679 1764 1718 homi-

363 1765 429 1789 nes
450 1752 551 1790 mala
562 1751 726 1803 fugiant,
747 1764 866 1802 quam
886 1749 1091 1801 sequantur
1110 1749 1222 1786 bona.
1255 1749 1362 1786 Nam
1383 1761 1505 1799 neque
1516 1746 1670 1784 honesta
1687 1756 1766 1784 tam

364 1826 565 1870 expetunt,
587 1829 704 1868 quam
724 1815 894 1853 devitant
915 1815 1054 1866 turpia.
1088 1814 1189 1865 Qis
1210 1814 1317 1851 enim
1336 1813 1538 1857 honorem,
1572 1811 1657 1864 quis
1678 1812 1765 1863 glo-

365 1884 474 1927 riam,
498 1883 583 1934 quis
604 1881 770 1926 laudem,
793 1882 878 1933 quis
900 1881 1027 1918 ullum
1044 1880 1158 1917 decus
1178 1889 1257 1917 tam
1271 1893 1442 1932 unquam
1459 1887 1625 1931 expetat,
1648 1891 1766 1929 quam

365 1949 637 2001 ignominiam,
673 1946 889 1992 infamiam,
935 1946 1228 1991 contumeliam,
1265 1946 1429 1982 dedecus
1468 1944 1622 1996 fugiat?
1669 1957 1765 1994 qua-

365 2029 453 2053 rum
475 2028 603 2052 rerum
624 2014 732 2052 dolor
749 2015 871 2066 gravis
893 2013 957 2051 est.

418 2082 571 2119 XXVI.
618 2080 685 2118 Est
723 2093 842 2132 genus
877 2079 1085 2116 hominum
1124 2078 1169 2115 ad
1207 2077 1442 2115 honestatem
1478 2085 1627 2120 natum,
1664 2075 1766 2112 malo

365 2147 474 2185 cultu
506 2146 705 2200 pravisque
735 2146 984 2198 opinionibus
1018 2154 1258 2196 corruptum.
1324 2145 1452 2193 Qare
1486 2143 1525 2179 in
1556 2140 1762 2179 cohortan-

365 2213 429 2258 do,
461 2222 575 2265 atque
615 2212 802 2250 suadendo
836 2211 1072 2264 propofitum
1107 2211 1266 2262 quidem
1305 2211 1415 2246 nobis
1460 2210 1531 2246 erit
1571 2208 1680 2251 illud,
1724 2217 1765 2243 ut

365 2279 596 2321 doceamus,
634 2278 710 2329 qua
748 2278 786 2314 vi
819 2278 918 2314 bona
953 2276 1148 2327 consequi,
1185 2276 1359 2327 malaque
1390 2275 1533 2318 vitare,
1567 2273 1762 2325 ponimus.

368 2345 439 2382 Sed
474 2345 574 2396 apud
606 2343 783 2380 homines
818 2343 913 2380 bene
946 2343 1152 2385 institutos,
1187 2342 1401 2393 plurimum
1437 2342 1481 2378 de
1517 2340 1626 2377 laude
1653 2349 1687 2374 ct
1719 2338 1764 2374 de

367 2409 561 2447 honestate
595 2409 795 2453 dicemus;
838 2409 1085 2459 maximeque
1119 2421 1160 2444 ea
1193 2408 1380 2444 virtutum
1412 2420 1547 2459 genera
1587 2403 1762 2440 tractabi-

369 2488 470 2518 muS,
503 2488 586 2526 qum
618 2475 657 2512 in
690 2474 892 2511 communi
925 2472 1134 2510 hominum
1158 2473 1321 2510 utilitate
1343 2472 1496 2514 tuenda,
1518 2468 1764 2520 augendaque

368 2541 573 2579 versantur.
633 2541 698 2578 Sin
731 2540 830 2593 apud
861 2539 1032 2578 indoCtos
1067 2539 1337 2595 imperitosque
1366 2538 1566 2580 dicemus,
1603 2533 1763 2577 fruetus,
