<?xml version="1.0" encoding="UTF-8"?>
<!DOCTYPE html PUBLIC "-//W3C//DTD XHTML 1.0 Transitional//EN"
    "http://www.w3.org/TR/xhtml1/DTD/xhtml1-transitional.dtd">
<html xmlns="http://www.w3.org/1999/xhtml" xml:lang="en" lang="en">
 <head>
  <title>
</title>
<meta http-equiv="Content-Type" content="text/html;charset=utf-8" />
  <meta name='ocr-system' content='tesseract 3.04.00' />
  <meta name='ocr-capabilities' content='ocr_page ocr_carea ocr_par ocr_line ocrx_word'/>
</head>
<body>
  <div class='ocr_page' id='page_1' title='image "./operacumindicibu01ciceuoft_0076.png"; bbox 0 0 2176 2912; ppageno 0'>
   <div class='ocr_carea' id='block_1_1' title="bbox 420 293 1573 334">
    <p class='ocr_par' dir='ltr' id='par_1_1' title="bbox 420 293 1573 334">
     <span class='ocr_line' id='line_1_1' title="bbox 420 293 1573 334; baseline -0.001 -1"><span class='ocrx_word' id='word_1_1' title='bbox 420 294 471 333; x_wconf 87' lang='grc'>66</span> <span class='ocrx_word' id='word_1_2' title='bbox 667 293 1573 334; x_wconf 89' lang='lat' dir='ltr'>DEINVENTIONE</span> 
     </span>
    </p>
   </div>
   <div class='ocr_carea' id='block_1_2' title="bbox 408 385 1825 1479">
    <p class='ocr_par' dir='ltr' id='par_1_2' title="bbox 417 385 1825 755">
     <span class='ocr_line' id='line_1_2' title="bbox 418 385 1824 440; baseline -0.001 -15"><span class='ocrx_word' id='word_1_3' title='bbox 418 386 535 425; x_wconf 81' lang='lat' dir='ltr'>causis</span> <span class='ocrx_word' id='word_1_4' title='bbox 554 386 786 432; x_wconf 87' lang='lat' dir='ltr'>ostendetur,</span> <span class='ocrx_word' id='word_1_5' title='bbox 807 387 833 425; x_wconf 90' lang='lat' dir='ltr'><strong>fi</strong></span> <span class='ocrx_word' id='word_1_6' title='bbox 849 387 967 425; x_wconf 84' lang='lat' dir='ltr'>autin</span> <span class='ocrx_word' id='word_1_7' title='bbox 982 387 1065 440; x_wconf 89' lang='lat' dir='ltr'>ipso</span> <span class='ocrx_word' id='word_1_8' title='bbox 1079 387 1223 426; x_wconf 88' lang='lat' dir='ltr'>vitium</span> <span class='ocrx_word' id='word_1_9' title='bbox 1240 387 1325 432; x_wconf 86' lang='lat' dir='ltr'>erit,</span> <span class='ocrx_word' id='word_1_10' title='bbox 1348 396 1413 425; x_wconf 88' lang='lat' dir='ltr'>aut</span> <span class='ocrx_word' id='word_1_11' title='bbox 1428 386 1455 425; x_wconf 93' lang='grc'>[1</span> <span class='ocrx_word' id='word_1_12' title='bbox 1476 400 1554 425; x_wconf 89' lang='lat' dir='ltr'>non</span> <span class='ocrx_word' id='word_1_13' title='bbox 1573 385 1620 424; x_wconf 91' lang='lat' dir='ltr'>ad</span> <span class='ocrx_word' id='word_1_14' title='bbox 1640 385 1693 430; x_wconf 87' lang='lat' dir='ltr'>id,</span> <span class='ocrx_word' id='word_1_15' title='bbox 1716 386 1824 439; x_wconf 77' lang='lat' dir='ltr'>quod</span> 
     </span>
     <span class='ocr_line' id='line_1_3' title="bbox 418 453 1825 506; baseline -0.001 -15"><span class='ocrx_word' id='word_1_16' title='bbox 418 453 645 498; x_wconf 86' lang='lat' dir='ltr'>instituitur,</span> <span class='ocrx_word' id='word_1_17' title='bbox 661 453 1033 492; x_wconf 85' lang='lat' dir='ltr'>accommodabitur.</span> <span class='ocrx_word' id='word_1_18' title='bbox 1066 455 1198 506; x_wconf 89' lang='lat' dir='ltr'>Atque</span> <span class='ocrx_word' id='word_1_19' title='bbox 1212 455 1250 492; x_wconf 91' lang='lat' dir='ltr'>in</span> <span class='ocrx_word' id='word_1_20' title='bbox 1265 453 1344 506; x_wconf 87' lang='lat' dir='ltr'>ipso</span> <span class='ocrx_word' id='word_1_21' title='bbox 1358 454 1500 491; x_wconf 89' lang='lat' dir='ltr'>vitium</span> <span class='ocrx_word' id='word_1_22' title='bbox 1516 453 1601 498; x_wconf 87' lang='lat' dir='ltr'>erit,</span> <span class='ocrx_word' id='word_1_23' title='bbox 1619 453 1645 491; x_wconf 91' lang='lat' dir='ltr'><strong>fi</strong></span> <span class='ocrx_word' id='word_1_24' title='bbox 1658 453 1825 491; x_wconf 84' lang='lat' dir='ltr'>omnino.</span> 
     </span>
     <span class='ocr_line' id='line_1_4' title="bbox 418 518 1820 572; baseline -0.001 -15"><span class='ocrx_word' id='word_1_25' title='bbox 418 528 547 557; x_wconf 90' lang='lat' dir='ltr'>totum</span> <span class='ocrx_word' id='word_1_26' title='bbox 567 518 707 557; x_wconf 85' lang='lat' dir='ltr'>falsum</span> <span class='ocrx_word' id='word_1_27' title='bbox 728 521 813 564; x_wconf 92' lang='lat' dir='ltr'>erit,</span> <span class='ocrx_word' id='word_1_28' title='bbox 845 520 870 558; x_wconf 87' lang='lat' dir='ltr'>si</span> <span class='ocrx_word' id='word_1_29' title='bbox 892 533 1119 564; x_wconf 88' lang='lat' dir='ltr'>commune,</span> <span class='ocrx_word' id='word_1_30' title='bbox 1151 520 1176 558; x_wconf 87' lang='lat' dir='ltr'><strong>fi</strong></span> <span class='ocrx_word' id='word_1_31' title='bbox 1197 520 1366 572; x_wconf 85' lang='lat' dir='ltr'>vulgare,</span> <span class='ocrx_word' id='word_1_32' title='bbox 1395 519 1421 557; x_wconf 94' lang='grc'>[1</span> <span class='ocrx_word' id='word_1_33' title='bbox 1442 520 1542 563; x_wconf 78' lang='lat' dir='ltr'>leve,</span> <span class='ocrx_word' id='word_1_34' title='bbox 1561 519 1587 557; x_wconf 98' lang='grc'>[1</span> <span class='ocrx_word' id='word_1_35' title='bbox 1607 528 1820 562; x_wconf 86' lang='grc'>161110111111,</span> 
     </span>
     <span class='ocr_line' id='line_1_5' title="bbox 417 585 1818 639; baseline -0.001 -16"><span class='ocrx_word' id='word_1_36' title='bbox 417 585 444 623; x_wconf 91' lang='grc'>[1</span> <span class='ocrx_word' id='word_1_37' title='bbox 464 585 566 623; x_wconf 86' lang='grc'>111313</span> <span class='ocrx_word' id='word_1_38' title='bbox 583 585 772 630; x_wconf 90' lang='lat' dir='ltr'>definitio,</span> <span class='ocrx_word' id='word_1_39' title='bbox 803 586 829 623; x_wconf 92' lang='lat' dir='ltr'><strong>fi</strong></span> <span class='ocrx_word' id='word_1_40' title='bbox 846 585 1148 630; x_wconf 79' lang='lat' dir='ltr'>controversum,</span> <span class='ocrx_word' id='word_1_41' title='bbox 1179 586 1205 624; x_wconf 91' lang='lat' dir='ltr'>fi</span> <span class='ocrx_word' id='word_1_42' title='bbox 1226 585 1487 639; x_wconf 80' lang='lat' dir='ltr'>perspicuum,</span> <span class='ocrx_word' id='word_1_43' title='bbox 1519 586 1544 623; x_wconf 90' lang='grc'>[1</span> <span class='ocrx_word' id='word_1_44' title='bbox 1566 599 1643 623; x_wconf 88' lang='grc'>11011</span> <span class='ocrx_word' id='word_1_45' title='bbox 1660 585 1818 623; x_wconf 86' lang='lat' dir='ltr'>conces-</span> 
     </span>
     <span class='ocr_line' id='line_1_6' title="bbox 417 650 1817 704; baseline 0 -16"><span class='ocrx_word' id='word_1_46' title='bbox 417 650 516 695; x_wconf 85' lang='lat' dir='ltr'>sum,</span> <span class='ocrx_word' id='word_1_47' title='bbox 547 651 574 689; x_wconf 86' lang='lat' dir='ltr'><strong>fi</strong></span> <span class='ocrx_word' id='word_1_48' title='bbox 608 659 734 704; x_wconf 88' lang='lat' dir='ltr'>turpe,</span> <span class='ocrx_word' id='word_1_49' title='bbox 765 651 792 689; x_wconf 89' lang='grc'>[1</span> <span class='ocrx_word' id='word_1_50' title='bbox 819 650 1022 696; x_wconf 82' lang='lat' dir='ltr'>offensum,</span> <span class='ocrx_word' id='word_1_51' title='bbox 1055 652 1080 689; x_wconf 91' lang='grc'>[1</span> <span class='ocrx_word' id='word_1_52' title='bbox 1107 652 1360 696; x_wconf 86' lang='lat' dir='ltr'>contrarium,</span> <span class='ocrx_word' id='word_1_53' title='bbox 1392 651 1418 689; x_wconf 88' lang='lat' dir='ltr'><strong>fi</strong></span> <span class='ocrx_word' id='word_1_54' title='bbox 1440 650 1671 695; x_wconf 89' lang='lat' dir='ltr'>inconstans,</span> <span class='ocrx_word' id='word_1_55' title='bbox 1702 651 1730 688; x_wconf 89' lang='grc'>[1</span> <span class='ocrx_word' id='word_1_56' title='bbox 1749 650 1817 688; x_wconf 80' lang='lat' dir='ltr'>ad-</span> 
     </span>
     <span class='ocr_line' id='line_1_7' title="bbox 418 717 583 755; baseline 0.012 -2"><span class='ocrx_word' id='word_1_57' title='bbox 418 717 583 755; x_wconf 85' lang='lat' dir='ltr'>versum.</span> 
     </span>
    </p>

    <p class='ocr_par' dir='ltr' id='par_1_3' title="bbox 408 780 1820 1479">
     <span class='ocr_line' id='line_1_8' title="bbox 471 780 1820 835; baseline -0.001 -15"><span class='ocrx_word' id='word_1_58' title='bbox 471 781 631 820; x_wconf 89' lang='lat' dir='ltr'>Falsum</span> <span class='ocrx_word' id='word_1_59' title='bbox 645 781 712 826; x_wconf 92' lang='lat' dir='ltr'>est,</span> <span class='ocrx_word' id='word_1_60' title='bbox 732 781 774 819; x_wconf 89' lang='lat' dir='ltr'>in</span> <span class='ocrx_word' id='word_1_61' title='bbox 792 795 871 834; x_wconf 92' lang='lat' dir='ltr'>quo</span> <span class='ocrx_word' id='word_1_62' title='bbox 886 781 1083 835; x_wconf 85' lang='lat' dir='ltr'>perspicue</span> <span class='ocrx_word' id='word_1_63' title='bbox 1101 781 1349 820; x_wconf 85' lang='lat' dir='ltr'>mendacium</span> <span class='ocrx_word' id='word_1_64' title='bbox 1369 781 1434 826; x_wconf 88' lang='lat' dir='ltr'>est,</span> <span class='ocrx_word' id='word_1_65' title='bbox 1456 780 1532 819; x_wconf 91' lang='lat' dir='ltr'>hoc</span> <span class='ocrx_word' id='word_1_66' title='bbox 1548 782 1690 826; x_wconf 89' lang='lat' dir='ltr'>modo;</span> <span class='ocrx_word' id='word_1_67' title='bbox 1723 782 1820 820; x_wconf 84' lang='lat' dir='ltr'>Non</span> 
     </span>
     <span class='ocr_line' id='line_1_9' title="bbox 415 847 1819 900; baseline -0.001 -15"><span class='ocrx_word' id='word_1_68' title='bbox 415 847 538 900; x_wconf 88' lang='lat' dir='ltr'>potest</span> <span class='ocrx_word' id='word_1_69' title='bbox 553 847 624 886; x_wconf 82' lang='lat' dir='ltr'>effe</span> <span class='ocrx_word' id='word_1_70' title='bbox 639 848 800 900; x_wconf 85' lang='lat' dir='ltr'>sapiens,</span> <span class='ocrx_word' id='word_1_71' title='bbox 823 848 891 900; x_wconf 91' lang='lat' dir='ltr'>qui</span> <span class='ocrx_word' id='word_1_72' title='bbox 907 848 1114 900; x_wconf 87' lang='lat' dir='ltr'>pecuniam</span> <span class='ocrx_word' id='word_1_73' title='bbox 1131 848 1308 900; x_wconf 82' lang='lat' dir='ltr'>negligit.</span> <span class='ocrx_word' id='word_1_74' title='bbox 1360 849 1529 885; x_wconf 86' lang='lat' dir='ltr'>Socrates</span> <span class='ocrx_word' id='word_1_75' title='bbox 1551 857 1680 885; x_wconf 90' lang='lat' dir='ltr'>autem</span> <span class='ocrx_word' id='word_1_76' title='bbox 1695 860 1819 900; x_wconf 83' lang='lat' dir='ltr'>pecu·</span> 
     </span>
     <span class='ocr_line' id='line_1_10' title="bbox 414 912 1818 966; baseline 0 -16"><span class='ocrx_word' id='word_1_77' title='bbox 414 914 521 951; x_wconf 89' lang='lat' dir='ltr'>niam</span> <span class='ocrx_word' id='word_1_78' title='bbox 537 913 775 965; x_wconf 83' lang='lat' dir='ltr'>neglibebat.</span> <span class='ocrx_word' id='word_1_79' title='bbox 819 914 915 952; x_wconf 82' lang='lat' dir='ltr'>Non</span> <span class='ocrx_word' id='word_1_80' title='bbox 930 914 1050 966; x_wconf 88' lang='lat' dir='ltr'>igitur</span> <span class='ocrx_word' id='word_1_81' title='bbox 1065 913 1210 966; x_wconf 81' lang='lat' dir='ltr'>sapiens</span> <span class='ocrx_word' id='word_1_82' title='bbox 1231 923 1322 952; x_wconf 84' lang='lat' dir='ltr'>erat.</span> <span class='ocrx_word' id='word_1_83' title='bbox 1371 915 1594 952; x_wconf 86' lang='lat' dir='ltr'>Commune</span> <span class='ocrx_word' id='word_1_84' title='bbox 1615 913 1681 958; x_wconf 88' lang='lat' dir='ltr'>est,</span> <span class='ocrx_word' id='word_1_85' title='bbox 1712 912 1818 966; x_wconf 89' lang='lat' dir='ltr'>quod</span> 
     </span>
     <span class='ocr_line' id='line_1_11' title="bbox 414 977 1817 1032; baseline 0 -16"><span class='ocrx_word' id='word_1_86' title='bbox 414 977 541 1017; x_wconf 82' lang='lat' dir='ltr'>nihilo</span> <span class='ocrx_word' id='word_1_87' title='bbox 560 979 684 1032; x_wconf 88' lang='lat' dir='ltr'>magis</span> <span class='ocrx_word' id='word_1_88' title='bbox 711 980 758 1017; x_wconf 91' lang='lat' dir='ltr'>ab</span> <span class='ocrx_word' id='word_1_89' title='bbox 778 979 994 1017; x_wconf 80' lang='lat' dir='ltr'>adversariis</span> <span class='ocrx_word' id='word_1_90' title='bbox 1015 993 1134 1032; x_wconf 89' lang='lat' dir='ltr'>quam</span> <span class='ocrx_word' id='word_1_91' title='bbox 1156 994 1177 1017; x_wconf 90' lang='lat' dir='ltr'>a</span> <span class='ocrx_word' id='word_1_92' title='bbox 1196 980 1306 1018; x_wconf 87' lang='lat' dir='ltr'>nobis</span> <span class='ocrx_word' id='word_1_93' title='bbox 1327 979 1436 1025; x_wconf 86' lang='lat' dir='ltr'>facit,</span> <span class='ocrx_word' id='word_1_94' title='bbox 1466 978 1542 1017; x_wconf 91' lang='lat' dir='ltr'>hoc</span> <span class='ocrx_word' id='word_1_95' title='bbox 1573 980 1715 1024; x_wconf 87' lang='lat' dir='ltr'>modo;</span> <span class='ocrx_word' id='word_1_96' title='bbox 1748 979 1817 1017; x_wconf 90' lang='lat' dir='ltr'>Id-</span> 
     </span>
     <span class='ocr_line' id='line_1_12' title="bbox 413 1043 1817 1098; baseline 0.001 -16"><span class='ocrx_word' id='word_1_97' title='bbox 413 1044 531 1090; x_wconf 88' lang='lat' dir='ltr'>circo,</span> <span class='ocrx_word' id='word_1_98' title='bbox 549 1044 715 1097; x_wconf 86' lang='lat' dir='ltr'>judices,</span> <span class='ocrx_word' id='word_1_99' title='bbox 737 1045 829 1096; x_wconf 87' lang='lat' dir='ltr'>quia</span> <span class='ocrx_word' id='word_1_100' title='bbox 843 1058 970 1082; x_wconf 91' lang='lat' dir='ltr'>veram</span> <span class='ocrx_word' id='word_1_101' title='bbox 987 1045 1138 1083; x_wconf 85' lang='lat' dir='ltr'>causam</span> <span class='ocrx_word' id='word_1_102' title='bbox 1154 1043 1360 1090; x_wconf 82' lang='lat' dir='ltr'>habebam,</span> <span class='ocrx_word' id='word_1_103' title='bbox 1382 1045 1488 1083; x_wconf 80' lang='lat' dir='ltr'>brevi</span> <span class='ocrx_word' id='word_1_104' title='bbox 1504 1046 1690 1098; x_wconf 77' lang='lat' dir='ltr'>peroravi.</span> <span class='ocrx_word' id='word_1_105' title='bbox 1713 1044 1817 1083; x_wconf 84' lang='lat' dir='ltr'>Vul-</span> 
     </span>
     <span class='ocr_line' id='line_1_13' title="bbox 412 1110 1816 1163; baseline 0.001 -16"><span class='ocrx_word' id='word_1_106' title='bbox 412 1123 501 1162; x_wconf 87' lang='lat' dir='ltr'>gare</span> <span class='ocrx_word' id='word_1_107' title='bbox 516 1111 583 1153; x_wconf 87' lang='lat' dir='ltr'>est,</span> <span class='ocrx_word' id='word_1_108' title='bbox 605 1110 710 1162; x_wconf 87' lang='lat' dir='ltr'>quod</span> <span class='ocrx_word' id='word_1_109' title='bbox 730 1111 770 1148; x_wconf 91' lang='lat' dir='ltr'>in</span> <span class='ocrx_word' id='word_1_110' title='bbox 786 1110 900 1149; x_wconf 84' lang='lat' dir='ltr'>aliam</span> <span class='ocrx_word' id='word_1_111' title='bbox 915 1123 1071 1162; x_wconf 88' lang='lat' dir='ltr'>quoque</span> <span class='ocrx_word' id='word_1_112' title='bbox 1088 1125 1168 1148; x_wconf 87' lang='lat' dir='ltr'>rem</span> <span class='ocrx_word' id='word_1_113' title='bbox 1186 1124 1263 1148; x_wconf 88' lang='lat' dir='ltr'>non</span> <span class='ocrx_word' id='word_1_114' title='bbox 1277 1111 1534 1163; x_wconf 86' lang='lat' dir='ltr'>probabilem,</span> <span class='ocrx_word' id='word_1_115' title='bbox 1555 1112 1581 1148; x_wconf 90' lang='lat' dir='ltr'><strong>fi</strong></span> <span class='ocrx_word' id='word_1_116' title='bbox 1599 1125 1702 1149; x_wconf 89' lang='lat' dir='ltr'>nunc</span> <span class='ocrx_word' id='word_1_117' title='bbox 1717 1124 1816 1149; x_wconf 91' lang='lat' dir='ltr'>con-</span> 
     </span>
     <span class='ocr_line' id='line_1_14' title="bbox 411 1175 1816 1229; baseline 0 -16"><span class='ocrx_word' id='word_1_118' title='bbox 411 1175 556 1214; x_wconf 84' lang='lat' dir='ltr'>ceffum</span> <span class='ocrx_word' id='word_1_119' title='bbox 571 1176 630 1220; x_wconf 89' lang='lat' dir='ltr'>sit,</span> <span class='ocrx_word' id='word_1_120' title='bbox 653 1175 848 1214; x_wconf 87' lang='lat' dir='ltr'>transferri</span> <span class='ocrx_word' id='word_1_121' title='bbox 862 1176 990 1229; x_wconf 81' lang='lat' dir='ltr'>possit,</span> <span class='ocrx_word' id='word_1_122' title='bbox 1010 1175 1085 1214; x_wconf 94' lang='lat' dir='ltr'>hoc</span> <span class='ocrx_word' id='word_1_123' title='bbox 1102 1177 1244 1222; x_wconf 90' lang='lat' dir='ltr'>modo,·</span> <span class='ocrx_word' id='word_1_124' title='bbox 1278 1178 1315 1215; x_wconf 89' lang='lat' dir='ltr'>Si</span> <span class='ocrx_word' id='word_1_125' title='bbox 1332 1191 1460 1215; x_wconf 89' lang='lat' dir='ltr'>veram</span> <span class='ocrx_word' id='word_1_126' title='bbox 1480 1177 1631 1215; x_wconf 85' lang='lat' dir='ltr'>causam</span> <span class='ocrx_word' id='word_1_127' title='bbox 1649 1190 1727 1215; x_wconf 90' lang='lat' dir='ltr'>non</span> <span class='ocrx_word' id='word_1_128' title='bbox 1743 1176 1816 1214; x_wconf 83' lang='lat' dir='ltr'>ha-</span> 
     </span>
     <span class='ocr_line' id='line_1_15' title="bbox 412 1241 1818 1295; baseline 0.001 -16"><span class='ocrx_word' id='word_1_129' title='bbox 412 1241 532 1287; x_wconf 90' lang='lat' dir='ltr'>beret,</span> <span class='ocrx_word' id='word_1_130' title='bbox 563 1242 673 1280; x_wconf 89' lang='lat' dir='ltr'>vobis</span> <span class='ocrx_word' id='word_1_131' title='bbox 702 1242 751 1288; x_wconf 93' lang='lat' dir='ltr'>se,</span> <span class='ocrx_word' id='word_1_132' title='bbox 777 1257 792 1295; x_wconf 83' lang='lat' dir='ltr'>J</span> <span class='ocrx_word' id='word_1_133' title='bbox 801 1243 945 1287; x_wconf 85' lang='lat' dir='ltr'>udices,</span> <span class='ocrx_word' id='word_1_134' title='bbox 977 1256 1054 1280; x_wconf 89' lang='lat' dir='ltr'>non</span> <span class='ocrx_word' id='word_1_135' title='bbox 1086 1243 1348 1281; x_wconf 74' lang='lat' dir='ltr'>commisisset.</span> <span class='ocrx_word' id='word_1_136' title='bbox 1399 1244 1503 1280; x_wconf 90' lang='lat' dir='ltr'>Leve</span> <span class='ocrx_word' id='word_1_137' title='bbox 1521 1243 1588 1287; x_wconf 91' lang='lat' dir='ltr'>est,</span> <span class='ocrx_word' id='word_1_138' title='bbox 1619 1242 1724 1294; x_wconf 91' lang='lat' dir='ltr'>quod</span> <span class='ocrx_word' id='word_1_139' title='bbox 1750 1250 1818 1280; x_wconf 89' lang='lat' dir='ltr'>aut</span> 
     </span>
     <span class='ocr_line' id='line_1_16' title="bbox 409 1308 1815 1361; baseline 0 -15"><span class='ocrx_word' id='word_1_140' title='bbox 409 1308 494 1361; x_wconf 90' lang='lat' dir='ltr'>post</span> <span class='ocrx_word' id='word_1_141' title='bbox 510 1318 664 1361; x_wconf 89' lang='lat' dir='ltr'>tempus</span> <span class='ocrx_word' id='word_1_142' title='bbox 680 1309 839 1354; x_wconf 84' lang='lat' dir='ltr'>dicitur,</span> <span class='ocrx_word' id='word_1_143' title='bbox 859 1308 934 1346; x_wconf 91' lang='lat' dir='ltr'>hoc</span> <span class='ocrx_word' id='word_1_144' title='bbox 951 1309 1069 1347; x_wconf 93' lang='lat' dir='ltr'>modo</span> <span class='ocrx_word' id='word_1_145' title='bbox 1077 1328 1089 1354; x_wconf 80' lang='lat'>3</span> <span class='ocrx_word' id='word_1_146' title='bbox 1113 1310 1151 1347; x_wconf 89' lang='lat' dir='ltr'>Si</span> <span class='ocrx_word' id='word_1_147' title='bbox 1167 1310 1207 1346; x_wconf 91' lang='lat' dir='ltr'>in</span> <span class='ocrx_word' id='word_1_148' title='bbox 1222 1318 1396 1347; x_wconf 89' lang='lat' dir='ltr'>mentem</span> <span class='ocrx_word' id='word_1_149' title='bbox 1411 1308 1583 1354; x_wconf 83' lang='lat' dir='ltr'>veniffet,</span> <span class='ocrx_word' id='word_1_150' title='bbox 1605 1322 1684 1347; x_wconf 85' lang='lat' dir='ltr'>non</span> <span class='ocrx_word' id='word_1_151' title='bbox 1700 1322 1815 1346; x_wconf 89' lang='lat' dir='ltr'>com-</span> 
     </span>
     <span class='ocr_line' id='line_1_17' title="bbox 409 1374 1811 1428; baseline 0.001 -16"><span class='ocrx_word' id='word_1_152' title='bbox 409 1374 564 1413; x_wconf 83' lang='lat' dir='ltr'>misiffet</span> <span class='ocrx_word' id='word_1_153' title='bbox 576 1393 588 1420; x_wconf 69' lang='grc' dir='ltr'><strong><em>ς</em></strong></span> <span class='ocrx_word' id='word_1_154' title='bbox 620 1385 685 1413; x_wconf 83' lang='grc'>3111</span> <span class='ocrx_word' id='word_1_155' title='bbox 704 1375 903 1428; x_wconf 90' lang='lat' dir='ltr'>perspicue</span> <span class='ocrx_word' id='word_1_156' title='bbox 923 1388 1006 1413; x_wconf 88' lang='lat' dir='ltr'>rem</span> <span class='ocrx_word' id='word_1_157' title='bbox 1027 1384 1181 1428; x_wconf 87' lang='lat' dir='ltr'>turpem</span> <span class='ocrx_word' id='word_1_158' title='bbox 1202 1375 1277 1414; x_wconf 90' lang='lat' dir='ltr'>levi</span> <span class='ocrx_word' id='word_1_159' title='bbox 1304 1384 1432 1428; x_wconf 89' lang='lat' dir='ltr'>tegere</span> <span class='ocrx_word' id='word_1_160' title='bbox 1462 1375 1549 1413; x_wconf 90' lang='lat' dir='ltr'>vult</span> <span class='ocrx_word' id='word_1_161' title='bbox 1578 1374 1811 1420; x_wconf 76' lang='lat' dir='ltr'>defensione,</span> 
     </span>
     <span class='ocr_line' id='line_1_18' title="bbox 408 1437 648 1479; baseline 0.008 -2"><span class='ocrx_word' id='word_1_162' title='bbox 408 1437 484 1478; x_wconf 91' lang='lat' dir='ltr'>hoc</span> <span class='ocrx_word' id='word_1_163' title='bbox 505 1440 648 1479; x_wconf 83' lang='lat' dir='ltr'>modo:</span> 
     </span>
    </p>
   </div>
   <div class='ocr_carea' id='block_1_3' title="bbox 573 1505 1435 1624">
    <p class='ocr_par' dir='ltr' id='par_1_4' title="bbox 573 1505 1435 1624">
     <span class='ocr_line' id='line_1_19' title="bbox 574 1505 1352 1559; baseline 0 -15"><span class='ocrx_word' id='word_1_164' title='bbox 574 1507 666 1544; x_wconf 89' lang='lat' dir='ltr'>Cum</span> <span class='ocrx_word' id='word_1_165' title='bbox 685 1515 721 1544; x_wconf 83' lang='lat' dir='ltr'>te</span> <span class='ocrx_word' id='word_1_166' title='bbox 736 1505 946 1558; x_wconf 81' lang='lat' dir='ltr'>expetebant</span> <span class='ocrx_word' id='word_1_167' title='bbox 965 1520 1092 1550; x_wconf 81' lang='lat' dir='ltr'>omnes,</span> <span class='ocrx_word' id='word_1_168' title='bbox 1109 1506 1352 1559; x_wconf 71' lang='lat' dir='ltr'>florentffmo</span> 
     </span>
     <span class='ocr_line' id='line_1_20' title="bbox 573 1570 1435 1624; baseline 0.001 -15"><span class='ocrx_word' id='word_1_169' title='bbox 573 1572 694 1624; x_wconf 83' lang='lat' dir='ltr'>Regno</span> <span class='ocrx_word' id='word_1_170' title='bbox 714 1571 865 1623; x_wconf 83' lang='lat' dir='ltr'>reliqui:</span> <span class='ocrx_word' id='word_1_171' title='bbox 896 1585 991 1609; x_wconf 85' lang='lat' dir='ltr'>nunc</span> <span class='ocrx_word' id='word_1_172' title='bbox 1009 1570 1181 1623; x_wconf 68' lang='lat' dir='ltr'>destrtum</span> <span class='ocrx_word' id='word_1_173' title='bbox 1199 1571 1245 1609; x_wconf 82' lang='lat' dir='ltr'>ab</span> <span class='ocrx_word' id='word_1_174' title='bbox 1265 1572 1435 1617; x_wconf 76' lang='lat' dir='ltr'>omnibus,</span> 
     </span>
    </p>
   </div>
   <div class='ocr_carea' id='block_1_4' title="bbox 400 1636 1811 2678">
    <p class='ocr_par' dir='ltr' id='par_1_5' title="bbox 574 1636 1396 1690">
     <span class='ocr_line' id='line_1_21' title="bbox 574 1636 1396 1690; baseline 0 -15"><span class='ocrx_word' id='word_1_175' title='bbox 574 1638 713 1675; x_wconf 83' lang='lat' dir='ltr'>Summo</span> <span class='ocrx_word' id='word_1_176' title='bbox 725 1637 872 1688; x_wconf 82' lang='lat' dir='ltr'>periclo,</span> <span class='ocrx_word' id='word_1_177' title='bbox 890 1637 991 1689; x_wconf 78' lang='lat' dir='ltr'><em>solus</em></span> <span class='ocrx_word' id='word_1_178' title='bbox 1009 1646 1051 1674; x_wconf 86' lang='lat' dir='ltr'>ut</span> <span class='ocrx_word' id='word_1_179' title='bbox 1069 1636 1264 1689; x_wconf 57' lang='lat' dir='ltr'>restituam,</span> <span class='ocrx_word' id='word_1_180' title='bbox 1289 1646 1396 1690; x_wconf 81' lang='lat' dir='ltr'>paro.</span> 
     </span>
    </p>

    <p class='ocr_par' dir='ltr' id='par_1_6' title="bbox 406 1702 1811 2020">
     <span class='ocr_line' id='line_1_22' title="bbox 435 1702 1811 1756; baseline 0.001 -15"><span class='ocrx_word' id='word_1_181' title='bbox 435 1703 585 1741; x_wconf 91' lang='lat' dir='ltr'><strong>XLIX.</strong></span> <span class='ocrx_word' id='word_1_182' title='bbox 618 1703 835 1741; x_wconf 87' lang='lat' dir='ltr'>Remotum</span> <span class='ocrx_word' id='word_1_183' title='bbox 856 1702 921 1746; x_wconf 92' lang='lat' dir='ltr'>est,</span> <span class='ocrx_word' id='word_1_184' title='bbox 954 1702 1073 1754; x_wconf 90' lang='lat' dir='ltr'>quod,</span> <span class='ocrx_word' id='word_1_185' title='bbox 1103 1702 1202 1740; x_wconf 88' lang='lat' dir='ltr'>ultra</span> <span class='ocrx_word' id='word_1_186' title='bbox 1217 1717 1335 1755; x_wconf 85' lang='lat' dir='ltr'>quarn</span> <span class='ocrx_word' id='word_1_187' title='bbox 1356 1703 1441 1741; x_wconf 89' lang='lat' dir='ltr'>satis</span> <span class='ocrx_word' id='word_1_188' title='bbox 1461 1703 1527 1747; x_wconf 85' lang='lat' dir='ltr'>est,</span> <span class='ocrx_word' id='word_1_189' title='bbox 1555 1703 1713 1756; x_wconf 84' lang='lat' dir='ltr'>petitur,</span> <span class='ocrx_word' id='word_1_190' title='bbox 1735 1702 1811 1742; x_wconf 86' lang='lat' dir='ltr'>hoc</span> 
     </span>
     <span class='ocr_line' id='line_1_23' title="bbox 407 1768 1809 1820; baseline 0.001 -14"><span class='ocrx_word' id='word_1_191' title='bbox 407 1768 550 1813; x_wconf 82' lang='lat' dir='ltr'>mod03</span> <span class='ocrx_word' id='word_1_192' title='bbox 583 1768 703 1820; x_wconf 86' lang='lat' dir='ltr'>Qod</span> <span class='ocrx_word' id='word_1_193' title='bbox 723 1768 748 1805; x_wconf 89' lang='lat' dir='ltr'>fi</span> <span class='ocrx_word' id='word_1_194' title='bbox 771 1781 848 1805; x_wconf 88' lang='lat' dir='ltr'>non</span> <span class='ocrx_word' id='word_1_195' title='bbox 870 1769 913 1805; x_wconf 88' lang='lat' dir='ltr'>P.</span> <span class='ocrx_word' id='word_1_196' title='bbox 935 1768 1064 1820; x_wconf 87' lang='lat' dir='ltr'>Scipio</span> <span class='ocrx_word' id='word_1_197' title='bbox 1092 1769 1315 1806; x_wconf 88' lang='lat' dir='ltr'>Corneliam</span> <span class='ocrx_word' id='word_1_198' title='bbox 1348 1769 1469 1807; x_wconf 88' lang='lat' dir='ltr'>filiam</span> <span class='ocrx_word' id='word_1_199' title='bbox 1497 1769 1592 1807; x_wconf 89' lang='lat' dir='ltr'>Tib.</span> <span class='ocrx_word' id='word_1_200' title='bbox 1627 1768 1809 1808; x_wconf 90' lang='lat' dir='ltr'>Graccho</span> 
     </span>
     <span class='ocr_line' id='line_1_24' title="bbox 406 1832 1807 1887; baseline 0.001 -15"><span class='ocrx_word' id='word_1_201' title='bbox 406 1834 636 1879; x_wconf 75' lang='lat' dir='ltr'>collocasset,</span> <span class='ocrx_word' id='word_1_202' title='bbox 653 1843 766 1886; x_wconf 89' lang='lat' dir='ltr'>atque</span> <span class='ocrx_word' id='word_1_203' title='bbox 780 1847 826 1872; x_wconf 87' lang='lat' dir='ltr'>ex</span> <span class='ocrx_word' id='word_1_204' title='bbox 842 1847 884 1871; x_wconf 90' lang='lat' dir='ltr'>ea</span> <span class='ocrx_word' id='word_1_205' title='bbox 896 1833 991 1871; x_wconf 88' lang='lat' dir='ltr'>duos</span> <span class='ocrx_word' id='word_1_206' title='bbox 1006 1832 1204 1872; x_wconf 83' lang='lat' dir='ltr'>Gracchos</span> <span class='ocrx_word' id='word_1_207' title='bbox 1221 1836 1458 1887; x_wconf 76' lang='lat' dir='ltr'>procreasset,</span> <span class='ocrx_word' id='word_1_208' title='bbox 1475 1844 1587 1873; x_wconf 83' lang='lat' dir='ltr'>tantae</span> <span class='ocrx_word' id='word_1_209' title='bbox 1604 1835 1807 1874; x_wconf 90' lang='lat' dir='ltr'>seditiones</span> 
     </span>
     <span class='ocr_line' id='line_1_25' title="bbox 406 1898 1807 1954; baseline 0.002 -16"><span class='ocrx_word' id='word_1_210' title='bbox 406 1909 502 1938; x_wconf 84' lang='lat' dir='ltr'>natae</span> <span class='ocrx_word' id='word_1_211' title='bbox 519 1914 596 1939; x_wconf 90' lang='lat' dir='ltr'>non</span> <span class='ocrx_word' id='word_1_212' title='bbox 612 1900 741 1938; x_wconf 86' lang='lat' dir='ltr'>effent.</span> <span class='ocrx_word' id='word_1_213' title='bbox 776 1901 904 1952; x_wconf 83' lang='lat' dir='ltr'>Qare</span> <span class='ocrx_word' id='word_1_214' title='bbox 916 1898 992 1938; x_wconf 93' lang='lat' dir='ltr'>hoc</span> <span class='ocrx_word' id='word_1_215' title='bbox 1008 1900 1308 1939; x_wconf 89' lang='lat' dir='ltr'>incommodum</span> <span class='ocrx_word' id='word_1_216' title='bbox 1326 1902 1496 1954; x_wconf 89' lang='lat' dir='ltr'>Scipioni</span> <span class='ocrx_word' id='word_1_217' title='bbox 1513 1901 1807 1941; x_wconf 87' lang='lat' dir='ltr'>adscribendum</span> 
     </span>
     <span class='ocr_line' id='line_1_26' title="bbox 406 1965 1446 2020; baseline 0.004 -18"><span class='ocrx_word' id='word_1_218' title='bbox 406 1965 568 2004; x_wconf 80' lang='lat' dir='ltr'>videtur.</span> <span class='ocrx_word' id='word_1_219' title='bbox 601 1966 840 2017; x_wconf 84' lang='lat' dir='ltr'>Hujusmodi</span> <span class='ocrx_word' id='word_1_220' title='bbox 861 1965 912 2003; x_wconf 93' lang='lat' dir='ltr'>est</span> <span class='ocrx_word' id='word_1_221' title='bbox 932 1966 998 2003; x_wconf 87' lang='lat' dir='ltr'>illa</span> <span class='ocrx_word' id='word_1_222' title='bbox 1018 1980 1173 2019; x_wconf 91' lang='lat' dir='ltr'>quoque</span> <span class='ocrx_word' id='word_1_223' title='bbox 1194 1967 1418 2020; x_wconf 87' lang='lat' dir='ltr'>conquestio</span> <span class='ocrx_word' id='word_1_224' title='bbox 1435 1986 1446 2013; x_wconf 76' lang='lat'>³</span> 
     </span>
    </p>

    <p class='ocr_par' dir='ltr' id='par_1_7' title="bbox 571 2032 1295 2085">
     <span class='ocr_line' id='line_1_27' title="bbox 571 2032 1295 2085; baseline 0.001 -15"><span class='ocrx_word' id='word_1_225' title='bbox 571 2032 717 2071; x_wconf 79' lang='lat' dir='ltr'>Utinam</span> <span class='ocrx_word' id='word_1_226' title='bbox 735 2047 777 2070; x_wconf 84' lang='lat' dir='ltr'>ne</span> <span class='ocrx_word' id='word_1_227' title='bbox 792 2033 829 2070; x_wconf 81' lang='lat' dir='ltr'>in</span> <span class='ocrx_word' id='word_1_228' title='bbox 848 2047 984 2071; x_wconf 86' lang='lat' dir='ltr'>nemore</span> <span class='ocrx_word' id='word_1_229' title='bbox 1004 2033 1101 2071; x_wconf 86' lang='lat' dir='ltr'>Pelio</span> <span class='ocrx_word' id='word_1_230' title='bbox 1106 2033 1295 2085; x_wconf 57' lang='lat' dir='ltr'>securibus</span> 
     </span>
    </p>

    <p class='ocr_par' dir='ltr' id='par_1_8' title="bbox 400 2097 1805 2678">
     <span class='ocr_line' id='line_1_28' title="bbox 570 2097 1411 2151; baseline 0 -15"><span class='ocrx_word' id='word_1_231' title='bbox 570 2099 671 2150; x_wconf 79' lang='lat' dir='ltr'><em>Caestz</em></span> <span class='ocrx_word' id='word_1_232' title='bbox 689 2097 852 2151; x_wconf 71' lang='lat' dir='ltr'>cecidffit</span> <span class='ocrx_word' id='word_1_233' title='bbox 869 2098 1020 2150; x_wconf 74' lang='lat' dir='ltr'>abiegna</span> <span class='ocrx_word' id='word_1_234' title='bbox 1039 2097 1089 2135; x_wconf 82' lang='lat' dir='ltr'>ad</span> <span class='ocrx_word' id='word_1_235' title='bbox 1104 2107 1243 2136; x_wconf 79' lang='lat' dir='ltr'>terram</span> <span class='ocrx_word' id='word_1_236' title='bbox 1263 2098 1411 2136; x_wconf 83' lang='lat' dir='ltr'>trabes!</span> 
     </span>
     <span class='ocr_line' id='line_1_29' title="bbox 404 2163 1805 2217; baseline 0.001 -16"><span class='ocrx_word' id='word_1_237' title='bbox 404 2163 579 2215; x_wconf 86' lang='lat' dir='ltr'>Longius</span> <span class='ocrx_word' id='word_1_238' title='bbox 600 2164 706 2201; x_wconf 87' lang='lat' dir='ltr'>enim</span> <span class='ocrx_word' id='word_1_239' title='bbox 727 2164 886 2216; x_wconf 88' lang='lat' dir='ltr'>repetita</span> <span class='ocrx_word' id='word_1_240' title='bbox 905 2163 971 2208; x_wconf 89' lang='lat' dir='ltr'>est,</span> <span class='ocrx_word' id='word_1_241' title='bbox 1002 2176 1120 2215; x_wconf 87' lang='lat' dir='ltr'>quam</span> <span class='ocrx_word' id='word_1_242' title='bbox 1142 2177 1198 2201; x_wconf 85' lang='lat' dir='ltr'>res</span> <span class='ocrx_word' id='word_1_243' title='bbox 1220 2163 1447 2217; x_wconf 86' lang='lat' dir='ltr'>postulabat.</span> <span class='ocrx_word' id='word_1_244' title='bbox 1498 2163 1607 2201; x_wconf 92' lang='lat' dir='ltr'>Mala</span> <span class='ocrx_word' id='word_1_245' title='bbox 1628 2163 1805 2203; x_wconf 87' lang='lat' dir='ltr'>definitio</span> 
     </span>
     <span class='ocr_line' id='line_1_30' title="bbox 403 2228 1801 2275; baseline 0.001 -9"><span class='ocrx_word' id='word_1_246' title='bbox 403 2228 468 2272; x_wconf 91' lang='lat' dir='ltr'>est,</span> <span class='ocrx_word' id='word_1_247' title='bbox 500 2242 592 2266; x_wconf 88' lang='lat' dir='ltr'>cum</span> <span class='ocrx_word' id='word_1_248' title='bbox 612 2238 677 2266; x_wconf 88' lang='lat' dir='ltr'>aut</span> <span class='ocrx_word' id='word_1_249' title='bbox 696 2229 922 2267; x_wconf 89' lang='lat' dir='ltr'>communia</span> <span class='ocrx_word' id='word_1_250' title='bbox 952 2228 1144 2273; x_wconf 88' lang='lat' dir='ltr'>describit,</span> <span class='ocrx_word' id='word_1_251' title='bbox 1176 2228 1251 2267; x_wconf 91' lang='lat' dir='ltr'>hoc</span> <span class='ocrx_word' id='word_1_252' title='bbox 1273 2229 1414 2274; x_wconf 82' lang='lat' dir='ltr'>modo;</span> <span class='ocrx_word' id='word_1_253' title='bbox 1458 2228 1662 2266; x_wconf 89' lang='lat' dir='ltr'>Seditiosus</span> <span class='ocrx_word' id='word_1_254' title='bbox 1683 2229 1735 2267; x_wconf 89' lang='lat' dir='ltr'>est</span> <span class='ocrx_word' id='word_1_255' title='bbox 1756 2230 1801 2275; x_wconf 89' lang='lat' dir='ltr'>is,</span> 
     </span>
     <span class='ocr_line' id='line_1_31' title="bbox 403 2294 1800 2347; baseline 0.001 -16"><span class='ocrx_word' id='word_1_256' title='bbox 403 2295 471 2346; x_wconf 89' lang='lat' dir='ltr'>qui</span> <span class='ocrx_word' id='word_1_257' title='bbox 488 2295 612 2332; x_wconf 82' lang='lat' dir='ltr'>malus</span> <span class='ocrx_word' id='word_1_258' title='bbox 640 2304 754 2346; x_wconf 90' lang='lat' dir='ltr'>atque</span> <span class='ocrx_word' id='word_1_259' title='bbox 773 2294 923 2332; x_wconf 86' lang='lat' dir='ltr'>inutilis</span> <span class='ocrx_word' id='word_1_260' title='bbox 944 2294 995 2332; x_wconf 89' lang='lat' dir='ltr'>est</span> <span class='ocrx_word' id='word_1_261' title='bbox 1015 2295 1134 2340; x_wconf 72' lang='lat' dir='ltr'>civis,</span> <span class='ocrx_word' id='word_1_262' title='bbox 1169 2296 1277 2347; x_wconf 87' lang='lat' dir='ltr'>(nam</span> <span class='ocrx_word' id='word_1_263' title='bbox 1297 2294 1373 2333; x_wconf 92' lang='lat' dir='ltr'>hoc</span> <span class='ocrx_word' id='word_1_264' title='bbox 1390 2308 1466 2333; x_wconf 89' lang='lat' dir='ltr'>non</span> <span class='ocrx_word' id='word_1_265' title='bbox 1484 2295 1606 2347; x_wconf 85' lang='lat' dir='ltr'>magis</span> <span class='ocrx_word' id='word_1_266' title='bbox 1622 2295 1800 2340; x_wconf 87' lang='lat' dir='ltr'>seditiosi,</span> 
     </span>
     <span class='ocr_line' id='line_1_32' title="bbox 402 2361 1801 2414; baseline 0.001 -17"><span class='ocrx_word' id='word_1_267' title='bbox 402 2374 521 2412; x_wconf 87' lang='lat' dir='ltr'>quam</span> <span class='ocrx_word' id='word_1_268' title='bbox 555 2361 760 2405; x_wconf 79' lang='lat' dir='ltr'>ambitiosi,</span> <span class='ocrx_word' id='word_1_269' title='bbox 792 2374 908 2413; x_wconf 87' lang='lat' dir='ltr'>quam</span> <span class='ocrx_word' id='word_1_270' title='bbox 941 2361 1244 2407; x_wconf 85' lang='lat' dir='ltr'>calumniatoris,</span> <span class='ocrx_word' id='word_1_271' title='bbox 1287 2375 1404 2414; x_wconf 86' lang='lat' dir='ltr'>quam</span> <span class='ocrx_word' id='word_1_272' title='bbox 1437 2361 1599 2412; x_wconf 84' lang='lat' dir='ltr'>alicujus</span> <span class='ocrx_word' id='word_1_273' title='bbox 1631 2361 1801 2414; x_wconf 87' lang='lat' dir='ltr'>improbi</span> 
     </span>
     <span class='ocr_line' id='line_1_33' title="bbox 402 2425 1799 2479; baseline 0.001 -16"><span class='ocrx_word' id='word_1_274' title='bbox 402 2425 574 2464; x_wconf 84' lang='lat' dir='ltr'>hominis</span> <span class='ocrx_word' id='word_1_275' title='bbox 596 2427 675 2463; x_wconf 85' lang='lat' dir='ltr'>vim</span> <span class='ocrx_word' id='word_1_276' title='bbox 709 2426 906 2478; x_wconf 82' lang='lat' dir='ltr'>describit)</span> <span class='ocrx_word' id='word_1_277' title='bbox 938 2436 1002 2464; x_wconf 88' lang='lat' dir='ltr'>aut</span> <span class='ocrx_word' id='word_1_278' title='bbox 1033 2425 1172 2464; x_wconf 89' lang='lat' dir='ltr'>falsum</span> <span class='ocrx_word' id='word_1_279' title='bbox 1203 2427 1390 2479; x_wconf 88' lang='lat' dir='ltr'>quiddam</span> <span class='ocrx_word' id='word_1_280' title='bbox 1421 2426 1530 2471; x_wconf 87' lang='lat' dir='ltr'>dicit,</span> <span class='ocrx_word' id='word_1_281' title='bbox 1562 2425 1636 2464; x_wconf 91' lang='lat' dir='ltr'>hoc</span> <span class='ocrx_word' id='word_1_282' title='bbox 1665 2429 1799 2479; x_wconf 65' lang='lat' dir='ltr'>paet05</span> 
     </span>
     <span class='ocr_line' id='line_1_34' title="bbox 402 2492 1798 2545; baseline 0 -15"><span class='ocrx_word' id='word_1_283' title='bbox 402 2493 592 2544; x_wconf 85' lang='lat' dir='ltr'>Sapientia</span> <span class='ocrx_word' id='word_1_284' title='bbox 611 2492 662 2529; x_wconf 89' lang='lat' dir='ltr'>est</span> <span class='ocrx_word' id='word_1_285' title='bbox 682 2492 854 2545; x_wconf 84' lang='lat' dir='ltr'>pecuniae</span> <span class='ocrx_word' id='word_1_286' title='bbox 875 2492 1114 2544; x_wconf 75' lang='lat' dir='ltr'>acquirendae</span> <span class='ocrx_word' id='word_1_287' title='bbox 1134 2493 1413 2545; x_wconf 83' lang='lat' dir='ltr'>intelligentia;</span> <span class='ocrx_word' id='word_1_288' title='bbox 1447 2494 1529 2530; x_wconf 88' lang='lat' dir='ltr'>Aut</span> <span class='ocrx_word' id='word_1_289' title='bbox 1549 2492 1696 2544; x_wconf 88' lang='lat' dir='ltr'>aliquid</span> <span class='ocrx_word' id='word_1_290' title='bbox 1721 2507 1798 2530; x_wconf 88' lang='lat' dir='ltr'>non</span> 
     </span>
     <span class='ocr_line' id='line_1_35' title="bbox 400 2559 1799 2611; baseline 0 -15"><span class='ocrx_word' id='word_1_291' title='bbox 400 2572 526 2611; x_wconf 85' lang='lat' dir='ltr'>grave,</span> <span class='ocrx_word' id='word_1_292' title='bbox 555 2573 623 2597; x_wconf 86' lang='lat' dir='ltr'>nec</span> <span class='ocrx_word' id='word_1_293' title='bbox 644 2572 831 2611; x_wconf 85' lang='lat' dir='ltr'>magnum</span> <span class='ocrx_word' id='word_1_294' title='bbox 848 2559 1065 2603; x_wconf 86' lang='lat' dir='ltr'>continens,</span> <span class='ocrx_word' id='word_1_295' title='bbox 1088 2559 1162 2603; x_wconf 90' lang='lat' dir='ltr'>s1c;</span> <span class='ocrx_word' id='word_1_296' title='bbox 1194 2560 1365 2597; x_wconf 87' lang='lat' dir='ltr'>Stultitia</span> <span class='ocrx_word' id='word_1_297' title='bbox 1384 2559 1435 2596; x_wconf 88' lang='lat' dir='ltr'>est</span> <span class='ocrx_word' id='word_1_298' title='bbox 1456 2559 1651 2596; x_wconf 63' lang='lat' dir='ltr'>immensae</span> <span class='ocrx_word' id='word_1_299' title='bbox 1668 2559 1799 2611; x_wconf 77' lang='lat' dir='ltr'>gloriae</span> 
     </span>
     <span class='ocr_line' id='line_1_36' title="bbox 400 2623 1800 2678; baseline 0.001 -17"><span class='ocrx_word' id='word_1_300' title='bbox 400 2624 606 2678; x_wconf 86' lang='lat' dir='ltr'>cupiditas.</span> <span class='ocrx_word' id='word_1_301' title='bbox 656 2625 723 2663; x_wconf 84' lang='lat' dir='ltr'>Est</span> <span class='ocrx_word' id='word_1_302' title='bbox 749 2623 830 2663; x_wconf 82' lang='lat' dir='ltr'>haec</span> <span class='ocrx_word' id='word_1_303' title='bbox 851 2624 1011 2677; x_wconf 87' lang='lat' dir='ltr'>quidem</span> <span class='ocrx_word' id='word_1_304' title='bbox 1031 2624 1204 2670; x_wconf 87' lang='lat' dir='ltr'>stultitia,</span> <span class='ocrx_word' id='word_1_305' title='bbox 1234 2625 1297 2664; x_wconf 92' lang='lat' dir='ltr'>sed</span> <span class='ocrx_word' id='word_1_306' title='bbox 1316 2638 1363 2663; x_wconf 87' lang='lat' dir='ltr'>ex</span> <span class='ocrx_word' id='word_1_307' title='bbox 1383 2633 1488 2678; x_wconf 86' lang='lat' dir='ltr'>parte</span> <span class='ocrx_word' id='word_1_308' title='bbox 1508 2624 1688 2677; x_wconf 86' lang='lat' dir='ltr'>quadam,</span> <span class='ocrx_word' id='word_1_309' title='bbox 1719 2637 1800 2662; x_wconf 85' lang='lat' dir='ltr'>non</span> 
     </span>
    </p>
   </div>
  </div>
 </body>
</html>
