2176 2912
1049 190 1276 246 [420]

651 521 1655 598 ORATOR

743 759 870 804 AD
940 759 1007 805 M.
1083 758 1545 804 BRUTUM.

458 1017 492 1056 1.
529 1013 709 1147 UT
723 1015 808 1054 RU
823 1015 871 1053 M
898 1013 1110 1059 difficilius,
1141 1022 1206 1052 aut
1225 1014 1348 1066 majus
1369 1011 1455 1051 esset
1476 1026 1610 1065 negare
1630 1011 1703 1051 tibi
1723 1011 1856 1065 saepius

693 1083 798 1120 idem
819 1083 982 1135 roganti,
1017 1095 1064 1119 an
1085 1081 1234 1119 efficere
1253 1081 1308 1125 id,
1336 1080 1442 1132 quod
1462 1093 1624 1132 rogares,
1660 1079 1726 1118 diu
1747 1078 1856 1117 mul-

691 1159 870 1201 tumque,
907 1149 1036 1193 Brute,
1069 1147 1255 1185 dubitavi.
1303 1145 1410 1184 Nam
1441 1154 1479 1183 et
1499 1158 1635 1198 negare
1655 1146 1704 1190 ei,
1737 1156 1855 1197 quem

444 1218 558 1257 unice
579 1216 794 1268 diligerem,
815 1215 958 1266 cuique
989 1227 1053 1252 me
1073 1213 1308 1251 cariffimum
1329 1211 1398 1250 effe
1420 1211 1613 1257 sentirem,
1646 1210 1854 1264 praesertim

448 1293 486 1322 et
500 1283 601 1336 justa
619 1281 780 1335 petenti,
809 1289 847 1318 et
873 1280 1049 1333 praeclara
1068 1279 1255 1332 cupienti,
1278 1279 1420 1316 durum
1441 1278 1651 1316 admodum
1672 1275 1774 1314 mihi
1792 1277 1853 1314 vi-

447 1349 606 1388 debatur
618 1366 629 1393 3
664 1356 702 1385 et
722 1346 908 1399 suscipere
929 1354 1075 1384 tantam
1096 1359 1191 1390 rem,
1223 1354 1408 1397 quantam
1435 1358 1512 1382 non
1533 1343 1651 1382 modo
1672 1342 1853 1381 facultate

446 1415 627 1469 consequi
648 1413 807 1453 difficile
826 1412 927 1458 effer,
956 1412 1017 1451 sed
1037 1413 1154 1450 etiam
1185 1412 1418 1465 cogitatione
1439 1411 1662 1464 complecti,
1693 1411 1758 1448 vix
1790 1423 1852 1448 ar-

445 1482 611 1521 bitrabar
630 1481 699 1519 esse
719 1480 813 1532 erS‚
845 1480 914 1531 qui
933 1488 1123 1517 vereretur
1140 1477 1471 1531 reprehensionem
1493 1477 1709 1522 do&orum,
1737 1485 1852 1528 atque

445 1549 710 1602 prudentium.
762 1547 871 1597 Qid
890 1547 994 1590 enim
1021 1545 1074 1583 est
1105 1546 1242 1597 majus,
1271 1559 1389 1597 quam
1419 1558 1512 1582 cum
1545 1553 1649 1582 tanta
1682 1543 1726 1581 s1t
1752 1544 1852 1580 inter

444 1624 607 1653 oratores
628 1615 749 1652 bonos
769 1612 1051 1655 diffimilitudo,
1079 1612 1264 1663 judicare,
1291 1625 1375 1663 quae
1396 1611 1440 1648 fit
1461 1610 1608 1663 optima
1628 1609 1782 1662 species,
1811 1619 1852 1647 et

444 1682 545 1735 quafi
566 1681 687 1734 figura
706 1679 886 1718 dicendi?
956 1678 1031 1716 uod
1051 1678 1236 1731 quoniam
1257 1691 1319 1715 me
1340 1677 1472 1730 saepius
1494 1690 1614 1729 rogas,
1637 1676 1846 1729 aggrediar,

443 1763 520 1788 non
543 1759 621 1787 tam
642 1746 865 1801 perficiendi
885 1746 960 1799 spe,
983 1759 1099 1799 quam
1121 1745 1342 1798 experiendi
1359 1745 1566 1783 voluntate.
1600 1745 1710 1782 Malo
1726 1744 1846 1788 enim,

442 1814 533 1853 cum
553 1815 678 1853 studio
699 1823 766 1852 tuo
786 1813 856 1851 fim
876 1812 1094 1856 obsecutus,
1117 1811 1313 1849 desiderari
1333 1825 1353 1849 a
1373 1820 1409 1849 te
1430 1810 1675 1864 prudentiam
1703 1823 1845 1856 meam,

441 1880 574 1934 quam,
596 1881 623 1919 fi
642 1880 683 1918 id
703 1893 781 1918 non
801 1878 975 1923 fecerim,
999 1877 1320 1916 benevolentiam.

496 1938 647 2000 Qaeris
682 1947 815 2000 igitur,
858 1946 975 1998 idque
1001 1946 1084 1998 jam
1119 1944 1265 1998 ἠερίης,
1310 1944 1415 1997 quod
1452 1944 1679 1996 eloquentiae
1724 1955 1845 1994 genus

438 2015 600 2069 probem
626 2014 811 2059 maxime,
842 2023 880 2052 et
911 2013 1023 2065 quale
1056 2011 1156 2051 mihi
1188 2012 1358 2050 videatur
1388 2010 1500 2055 illud,
1533 2010 1596 2048 cui
1628 2008 1727 2047 nihil
1758 2008 1844 2046 addi

439 2082 564 2135 poffit,
601 2081 706 2135 quod
729 2094 801 2133 ego
821 2079 1022 2119 summum
1052 2088 1089 2118 et
1119 2078 1435 2132 perfeftiffimum
1461 2076 1650 2129 judicem.
1698 2076 1742 2113 In
1764 2089 1844 2127 quo

438 2162 581 2193 vereor,
613 2162 674 2192 ne,
698 2147 731 2198 ⁵s1
763 2146 816 2192 id,
854 2146 958 2199 quod
988 2146 1058 2191 vis,
1086 2144 1261 2189 effecero,
1292 2156 1460 2195 eumque
1486 2152 1686 2187 oratorem,
1724 2156 1843 2194 quem

438 2215 590 2268 quaeris,
622 2213 844 2266 expreffero,
889 2212 1035 2250 tardem
1070 2211 1192 2250 studia
1223 2210 1454 2254 multorum,
1491 2209 1557 2262 qui
1585 2209 1844 2261 desperatione

437 2281 625 2319 debilitati
645 2279 807 2332 experiri
828 2278 868 2316 id
888 2278 1035 2323 nolent,
1074 2277 1178 2330 quod
1200 2276 1233 2314 se
1254 2276 1391 2328 assequi
1412 2275 1512 2328 poffe
1533 2275 1723 2313 diffidant.
1770 2275 1842 2313 Sed

438 2362 504 2401 par
523 2347 574 2385 est
595 2359 729 2385 omnes
750 2345 881 2384 omnia
911 2344 1088 2397 experiri,
1125 2344 1193 2396 qui
1214 2356 1270 2380 res
1292 2356 1462 2395 magnas,
1499 2350 1536 2379 et
1567 2355 1709 2394 magno
1730 2354 1842 2394 opere

436 2414 676 2468 expetendas,
712 2412 1030 2465 concupiverunt.
1091 2411 1209 2462 Qod
1240 2412 1265 2448 fi
1286 2423 1404 2462 quem
1425 2419 1489 2448 aut
1510 2419 1642 2447 natura
1669 2408 1744 2453 sua,
1775 2417 1840 2446 aut

436 2482 501 2520 illa
520 2481 728 2535 praestantis
750 2479 895 2532 ingenii
915 2479 970 2517 vis
991 2477 1090 2516 forte
1110 2476 1276 2522 deficiet,
1299 2486 1362 2514 aut
1384 2477 1513 2514 minus
1535 2476 1739 2513 instructus
1768 2475 1839 2512 erit

436 2563 663 2604 magnarum
684 2547 822 2587 artium
846 2545 1058 2600 disciplinis
1075 2564 1087 2592 ς
1119 2554 1242 2584 teneat
1270 2555 1397 2583 tamen
1417 2558 1507 2583 eum
1528 2542 1696 2588 cursum,
1719 2555 1839 2594 quem
