2176 2912
819 134 1351 178 ORATOR.
1716 149 1794 190 423

387 250 426 280 et
456 238 575 278 doctis
597 234 816 288 eloquentia
836 231 1046 286 populari5‚
1082 239 1120 268 et
1151 228 1298 268 disertis
1331 227 1481 281 elegans
1509 227 1693 274 doctrina,
1727 230 1796 267 de-

388 307 477 347 fuit.

445 373 516 411 IV.
540 368 713 409 Pofitum
730 367 774 406 sit
795 366 914 420 igitur
930 366 969 403 in
988 364 1138 418 primis,
1159 363 1284 416 (quod
1297 362 1380 416 post
1396 363 1517 415 magis
1539 362 1796 415 intelligetur)

388 440 465 478 fine
485 434 730 491 philosophia
751 447 828 472 non
850 432 951 486 poffe
970 431 1087 475 effici,
1116 444 1235 483 quem
1268 430 1492 482 quaerimus‚
1523 429 1769 481 eloquentem
1785 447 1797 473 ;

391 519 469 545 non
507 513 549 542 ut
583 503 623 541 in
644 515 687 540 ea
707 511 836 540 tamen
857 499 989 538 omnia
1009 499 1095 543 sint,
1132 497 1194 535 sed
1221 505 1264 535 ut
1284 496 1332 534 fic
1364 496 1530 548 adjuvet,
1572 504 1614 533 ut
1634 495 1801 548 palaestra

389 571 631 611 histrionem.
689 570 809 607 Parva
838 566 944 604 enim
979 565 1129 618 magnis
1161 563 1256 617 saepe
1287 562 1487 601 rectissime
1518 560 1799 600 conferuntur:

391 653 483 678 nam
504 651 574 676 nec
596 636 722 681 latius,
765 648 834 673 nec
865 633 1054 686 copiosius
1086 631 1132 669 de
1165 631 1330 684 magnis,
1360 629 1545 682 variisque
1581 628 1692 666 rebus
1726 627 1802 665 fine

392 703 638 759 philosophia
657 702 779 756 potest
803 700 1008 753 quisquam
1029 699 1168 737 dicere.
1219 697 1420 750 Siquidem
1440 697 1558 734 etiam
1580 695 1619 733 in
1641 693 1803 733 Phaedro

394 772 567 812 Platonis
587 769 662 808 hoc
679 767 868 808 Periclem
886 765 1094 819 praestitisse
1113 765 1257 803 caeteris
1279 764 1375 801 dicit
1386 762 1600 801 oratoribus
1617 763 1802 805 Socrates,

394 839 500 893 quod
535 839 566 876 is
588 839 824 888 Anaxagorae
858 833 1005 887 phyfici
1036 832 1153 870 fuerit
1172 832 1349 876 auditor,
1378 844 1399 868 a
1424 844 1502 882 quo
1523 829 1661 874 censet,
1697 842 1803 872 eum,

393 919 486 944 cum
521 904 593 942 alia
625 901 803 954 praeclara
836 898 1012 951 quaedam
1045 907 1083 935 et
1103 897 1310 949 magnifica
1338 895 1540 940 didicisset,
1578 896 1736 932 uberem
1767 903 1806 932 et

395 970 628 1010 foecundum
661 967 782 1012 fuiffe,
811 977 1055 1018 gnarumque
1087 963 1211 1016 (quod
1230 963 1282 1000 est
1313 962 1542 1014 eloquentiae
1564 961 1802 1011 maximum)

397 1038 540 1091 quibus
572 1034 754 1074 orationis
787 1032 912 1070 modis
947 1044 1109 1084 quaeque
1143 1030 1363 1067 animorum
1399 1037 1523 1081 partes
1556 1027 1803 1080 pellerentur.

399 1104 519 1157 Qod
532 1103 635 1140 idem
649 1101 695 1138 de
710 1098 972 1138 Demosthene
985 1097 1192 1136 existimari
1207 1096 1327 1149 potest
1340 1114 1351 1140 ς
1372 1096 1481 1147 cujus
1498 1109 1545 1132 ex
1558 1093 1725 1146 epistolis
1743 1093 1805 1130 in-

399 1170 524 1224 telligi
547 1169 652 1213 licet,
675 1180 794 1219 quam
815 1164 994 1217 frequens
1009 1163 1124 1201 fuerit
1146 1163 1317 1201 Platonis
1334 1162 1497 1200 auditor.
1522 1161 1608 1199 Nec
1630 1174 1718 1197 vero
1732 1159 1809 1197 ‘fine

400 1234 729 1289 Philosophorum
750 1232 962 1285 disciplina,
977 1244 1097 1284 genus
1118 1239 1157 1268 et
1174 1229 1340 1282 speciem
1360 1228 1546 1280 cujusque
1568 1227 1619 1265 rei
1640 1239 1809 1270 cernere,

401 1318 525 1357 neque
544 1317 627 1342 eam
650 1300 868 1340 definiendo
887 1299 1092 1353 explicare,
1110 1311 1179 1336 nec
1201 1298 1369 1335 tribuere
1388 1296 1428 1333 in
1446 1305 1568 1349 partes
1585 1293 1780 1347 possumus
1794 1311 1808 1337 ς

402 1387 471 1412 nec
487 1372 673 1425 judicare,
697 1383 780 1422 quae
800 1382 898 1412 vera,
921 1381 1005 1420 quae
1026 1365 1115 1404 falsa
1131 1365 1226 1409 fint;
1254 1377 1378 1416 neque
1398 1375 1549 1401 cernere
1570 1361 1809 1412 consequen-

402 1441 467 1485 tia,
491 1437 741 1492 repugnantia
761 1435 901 1479 videre,
921 1433 1104 1486 ambigua
1123 1432 1365 1483 distinguere.
1399 1429 1508 1481 Qid
1528 1429 1654 1466 dicam
1675 1427 1720 1464 de
1741 1440 1811 1464 na-

402 1516 488 1545 tura
508 1519 649 1549 rerum,
671 1504 780 1555 cujus
797 1502 970 1554 cognitio
990 1513 1172 1552 magnam
1193 1497 1375 1536 orationis
1396 1496 1611 1549 suppeditat
1631 1494 1809 1547 copiam?

404 1574 450 1612 de
470 1573 561 1617 vita,
580 1572 625 1609 de
646 1570 798 1614 officiis,
820 1568 866 1606 de
886 1568 1041 1612 virtute,
1064 1567 1111 1604 de
1130 1565 1319 1609 moribus,
1351 1564 1426 1601 fine
1446 1562 1572 1601 multa
1592 1575 1721 1599 earum
1750 1561 1812 1613 ip-

405 1641 530 1679 sarum
551 1651 677 1676 rerum
698 1635 911 1688 disciplina,
933 1642 998 1671 aut
1019 1633 1111 1677 dici,
1143 1641 1207 1670 aut
1228 1631 1394 1683 intelligi
1412 1629 1533 1683 potest
1551 1630 1563 1667 ?

460 1708 512 1744 V.
545 1705 608 1743 Ad
627 1703 695 1742 has
717 1711 773 1740 tot
795 1701 989 1752 tantasque
1021 1713 1076 1738 res
1098 1698 1314 1737 adhibenda
1334 1698 1420 1735 sunt
1451 1704 1674 1734 ornamenta
1694 1694 1812 1731 innu-

408 1771 620 1814 merabilia,
653 1782 736 1821 quae
758 1767 834 1805 sola
854 1776 939 1804 tum
960 1765 1120 1818 quidem
1141 1765 1387 1803 tradebantur
1407 1763 1453 1801 ab
1481 1763 1542 1807 iis,
1573 1762 1641 1813 qui
1661 1758 1816 1798 dicendi

410 1836 709 1877 numerabantur
739 1832 922 1885 magistri.
983 1833 1075 1882 Qo
1096 1830 1154 1876 fit,
1183 1839 1226 1867 ut
1246 1843 1373 1868 veram
1394 1829 1516 1873 illam,
1538 1838 1574 1865 et
1601 1826 1814 1864 absolutam

408 1903 672 1957 eloquentiam
695 1914 810 1938 nemo
844 1899 1109 1950 consequatur,
1140 1897 1246 1949 quod
1272 1896 1344 1934 alia
1364 1894 1620 1947 intelligendi,
1651 1893 1724 1930 alia
1753 1892 1816 1929 di·-

408 1972 523 2011 cendi
554 1968 752 2022 disciplina
772 1966 851 2012 est;
883 1975 922 2004 et
941 1966 987 2003 ab
1008 1965 1091 2003 aliis
1111 1978 1254 2008 rerum,
1286 1963 1333 2000 ab
1354 1963 1436 2000 aliis
1469 1962 1689 2005 verborum,
1721 1959 1815 1997 doc-

411 2039 509 2077 trina
529 2036 727 2090 quaeritur.
779 2035 911 2086 Itaque
932 2033 995 2070 M.
1019 2032 1227 2075 Antonius,
1259 2030 1323 2068 cui
1344 2029 1402 2067 vcl
1424 2029 1565 2082 primas
1586 2026 1817 2078 eloquentiae

411 2115 565 2159 patrum
587 2101 802 2141 nostrorum
825 2100 1016 2138 tribuebat
1047 2108 1148 2143 aetas,
1182 2098 1239 2135 vir
1261 2107 1392 2134 natura
1423 2104 1623 2149 peracutus
1655 2103 1692 2131 et
1723 2106 1816 2145 pru-

410 2172 518 2216 dens,
541 2172 581 2208 in
602 2183 646 2207 eo
663 2169 777 2213 libro,
800 2181 918 2220 quem
939 2180 1063 2204 unum
1086 2165 1256 2217 reliquit,
1273 2164 1417 2217 dfirtos
1437 2164 1488 2200 ait
1510 2162 1545 2200 se
1564 2160 1694 2199 vidisse
1712 2159 1816 2198 mul-

412 2247 486 2282 tos,
516 2238 725 2289 eloquentem
762 2234 925 2272 omnino
959 2232 1172 2270 neminem.
1234 2230 1421 2269 Insidebat
1454 2229 1633 2267 videlicet
1668 2227 1706 2263 in
1738 2226 1817 2276 ejus

415 2313 545 2342 mente
578 2302 718 2354 species
748 2300 990 2351 eloquentiae,
1023 2312 1141 2351 quam
1175 2297 1353 2335 cernebat
1387 2297 1529 2340 animo,
1562 2308 1600 2332 re
1635 2292 1711 2344 ipsa
1741 2303 1817 2327 non

414 2370 582 2407 videbat.
642 2368 712 2405 Vir
732 2376 860 2404 autem
881 2366 1066 2404 acerrimo
1086 2365 1240 2416 ingenio
1273 2364 1340 2415 (fic
1373 2364 1477 2401 enim
1504 2361 1596 2411 fuit)
1630 2357 1753 2396 multa
1782 2365 1817 2392 ct

417 2438 457 2475 in
478 2435 511 2473 se
532 2444 569 2472 et
600 2434 640 2471 in
666 2434 748 2471 aliis
780 2433 1002 2478 defiderans,
1039 2431 1237 2470 neminem
1258 2431 1383 2483 plane,
1421 2430 1486 2480 qui
1508 2428 1605 2464 recte
1638 2422 1823 2476 appellari.

415 2502 598 2555 eloquens
620 2499 749 2552 poffet,
772 2498 938 2537 videbat.
