2176 2912
564 187 884 226 LIBER
961 187 1379 227 PRIMUS„
1625 194 1676 245 67

268 297 314 321 ex
334 281 443 321 omni
471 293 622 332 genere,
654 278 825 317 definita.
859 279 1157 318 Controversum
1178 279 1244 324 est,
1277 280 1318 318 in
1340 295 1418 333 quo
1444 282 1490 319 ad
1510 282 1676 322 dubium

267 345 606 387 demonstrandum
627 345 746 383 dubia
765 345 874 383 causa
894 344 1062 390 affertur,
1085 344 1160 384 hoc
1182 346 1324 390 modo;

402 412 482 451 Eho
502 422 557 457 tu,
578 411 640 456 dii,
662 412 787 465 quibus
806 412 850 467 cst
863 411 1016 465 potestas
1035 413 1327 466 motz‘c'ssttperffim
1345 424 1454 467 atque
1480 415 1515 452 in
1536 417 1647 460 emim,

405 479 538 517 Pacem
557 479 654 517 inter
659 479 735 532 ſs’st’
754 478 957 524 conciliant,
989 479 1180 532 cmgferunt
1195 479 1428 518 concordiam.

322 545 574 598 Perspicuum
595 544 660 588 est,
692 544 739 582 de
757 559 835 597 quo
855 559 932 583 non
952 545 1005 583 est
1025 546 1303 591 controverfia3
1335 556 1393 591 ut,
1417 546 1442 584 fi
1460 548 1561 599 quis,
1584 561 1677 587 cum

270 611 446 649 Orestem
477 610 638 655 accuset,
681 611 843 664 planum
875 609 1004 655 faciat,
1047 611 1094 649 ab
1124 625 1169 650 eo
1200 621 1365 650 matrem
1395 611 1467 650 effe
1496 613 1675 651 occisam.

268 678 363 716 Non
384 676 604 715 conceffum
624 677 689 722 est,
721 691 814 715 cum
835 677 888 721 id,
922 677 1028 730 quod
1049 688 1222 731 augetur,
1254 679 1294 716 in
1321 679 1573 717 controversia
1599 680 1676 725 est,

269 754 326 789 ut,
349 745 375 782 fi
396 745 498 796 quis,
532 758 625 782 cum
646 743 820 796 Ulyffem
847 743 1009 789 accuset,
1038 746 1077 782 in
1098 743 1174 783 hoc
1201 746 1373 784 maxime
1399 757 1678 790 commoretur,

270 811 484 864 Indignum
504 810 589 855 effe,
620 810 667 848 ab
687 809 848 848 homine
868 810 1111 862 ignaviffimo
1129 813 1258 850 virum
1284 811 1552 857 fortiffimum,
1584 814 1679 865 Aja-

264 890 370 921 cem,
393 886 587 914 necatum.
619 873 755 928 Turpe
775 875 842 920 est,
864 876 970 928 quod
990 886 1055 915 aut
1075 891 1120 915 eo
1140 878 1242 923 loco,
1272 878 1313 916 in
1330 892 1409 930 quo
1425 878 1570 917 dicitur
1581 897 1593 924 3
1616 890 1681 917 aut

266 957 313 981 eo
332 942 507 988 homine,
530 943 599 995 qui
619 943 722 981 dicat
735 961 746 987 ;
779 953 844 980 aut
864 957 909 981 eo
929 953 1119 997 tempore,
1141 958 1221 997 quo
1242 945 1386 983 dicitur
1398 964 1410 990 3
1444 955 1509 984 aut
1530 947 1590 991 iis,
1613 947 1681 998 qui

267 1011 430 1049 audiunt
443 1030 454 1056 5
477 1020 543 1049 aut
562 1024 604 1048 ea
623 1024 677 1055 re,
696 1011 743 1048 de
763 1023 840 1063 qua
859 1011 999 1064 agitur,
1018 1012 1242 1065 indignum,
1261 1022 1419 1066 propter
1438 1011 1680 1050 inhonestam

268 1091 367 1122 rem,
389 1077 554 1116 videtur.
615 1076 823 1115 Offensum
843 1077 909 1123 est,
941 1079 1048 1130 quod
1067 1092 1218 1124 eorum,
1250 1079 1319 1131 qui
1340 1079 1516 1124 audiunt,
1538 1079 1680 1117 volun-

270 1153 391 1182 tatem
408 1144 510 1182 laedit
526 1163 538 1189 ς
561 1153 618 1189 ut,
640 1145 666 1182 fi
688 1145 774 1197 quis
795 1145 897 1198 apud
916 1146 1066 1198 equites
1087 1147 1301 1191 Romanos,
1320 1146 1482 1199 cupidos
1496 1146 1680 1199 judican-

268 1210 324 1254 di,
348 1211 541 1262 Caepionis
563 1211 691 1262 legem
706 1210 954 1262 judiciariam
975 1212 1118 1250 laudet.

328 1277 376 1314 L.
401 1277 652 1314 Contrarium
673 1277 739 1321 est,
758 1277 863 1329 quod
883 1287 1016 1316 contra
1028 1292 1070 1316 ea
1083 1279 1240 1324 dicitur,
1259 1293 1345 1332 quae
1361 1279 1403 1324 ii,
1421 1279 1491 1331 qui
1507 1279 1683 1323 audiunt,

271 1341 475 1387 fecerunt,
508 1352 565 1387 ut,
588 1343 614 1381 s1
635 1343 722 1395 quis
744 1343 845 1396 apud
872 1343 1141 1382 Alexandrum
1168 1345 1430 1383 Macedonem
1449 1354 1584 1382 contra
1610 1345 1682 1382 ali-

272 1423 391 1462 quem
413 1409 518 1447 urbis
538 1419 843 1462 expugnatorem
864 1410 1022 1455 diceret,
1047 1410 1147 1448 nihil
1168 1410 1239 1449 effe
1259 1411 1454 1449 crudelius
1475 1425 1594 1463 quam
1615 1425 1682 1448 ur-

273 1475 338 1514 bes
359 1476 522 1520 diruere,
542 1476 728 1529 cumipse
749 1476 968 1515 Alexander
984 1476 1140 1515 Thebas
1157 1477 1341 1515 diruiffet.
1376 1478 1598 1515 Inconstans
1615 1479 1681 1522 est,

272 1543 378 1594 quod
398 1543 445 1581 ab
465 1543 602 1580 eodem
622 1542 668 1580 de
694 1543 828 1580 eadem
860 1557 899 1580 re
930 1543 1072 1581 diverse
1103 1544 1273 1588 dicitur;
1308 1552 1364 1588 ut,
1398 1544 1423 1581 fi
1457 1545 1559 1597 quis,
1591 1558 1684 1582 cum

273 1609 425 1654 dixerit,
448 1611 516 1662 qui
538 1610 722 1647 virtutem
742 1608 881 1647 habeat
915 1623 1006 1648 eum
1036 1610 1182 1648 nullius
1211 1611 1264 1648 rei
1286 1610 1332 1648 ad
1353 1610 1451 1648 bene
1470 1611 1682 1648 vivendum

273 1674 458 1728 indigere,
490 1685 603 1729 neget
636 1675 764 1728 postea
798 1676 874 1714 fine
909 1676 1009 1714 bona
1029 1677 1248 1715 valetudine
1276 1676 1379 1729 poffe
1399 1677 1496 1714 bene
1529 1677 1655 1714 vivere
1671 1696 1684 1721 ;

273 1751 338 1779 aut
359 1742 394 1780 se
414 1743 542 1780 arnico
561 1742 680 1781 adeffe
701 1752 856 1795 propter
878 1743 1187 1781 benevolentiam
1204 1762 1216 1789 3
1249 1743 1392 1796 sperare
1408 1744 1515 1781 enim
1537 1743 1685 1795 aliquid

274 1809 475 1846 commodi
496 1809 542 1846 ad
562 1809 597 1846 se
619 1819 908 1861 perventurum.
942 1809 1158 1847 Adversum
1179 1809 1245 1854 est,
1263 1809 1369 1862 quod
1386 1809 1454 1862 ips1
1475 1809 1593 1847 causae
1614 1809 1686 1846 ali-

275 1887 351 1925 qua
370 1888 418 1911 ex
438 1884 543 1927 parte
576 1875 725 1918 officit;
759 1884 802 1911 ut
822 1875 847 1912 fi
869 1875 955 1926 quis
977 1874 1148 1913 hostium
1168 1876 1249 1913 vim
1277 1885 1316 1913 et
1337 1876 1466 1929 copias
1493 1885 1530 1913 et
1556 1875 1686 1914 felici-

275 1949 395 1978 tatem
415 1950 564 1993 augeat‚
596 1954 688 1978 cum
709 1941 754 1978 ad
775 1954 947 1993 pugnam
969 1941 1113 1978 milites
1133 1941 1324 1979 hortetur.

331 2007 369 2044 Si
404 2021 481 2045 non
513 2007 559 2044 ad
590 2007 643 2052 id,
675 2008 780 2059 quod
808 2007 1030 2045 institutum
1064 2008 1130 2052 est,
1163 2007 1525 2046 accommodabitur
1558 2008 1685 2060 aliqua

275 2087 359 2126 pars
375 2074 735 2126 argumentationis,
757 2072 900 2111 horum
928 2074 1059 2126 aliquo
1076 2074 1114 2112 in
1138 2074 1233 2112 vitio
1254 2075 1475 2126 reperietur.
1537 2075 1574 2112 Si
1595 2075 1685 2127 plu-

277 2153 315 2177 ra
340 2140 554 2193 pollicitus,
586 2141 764 2193 pauciora
793 2140 1098 2186 demonstrabit3
1131 2150 1195 2179 aut
1218 2141 1257 2186 fi,
1288 2155 1381 2178 cum
1417 2149 1546 2179 totum
1567 2141 1684 2180 debe-

279 2207 338 2244 bit
367 2206 576 2251 ostendere,
608 2207 655 2245 de
674 2217 780 2259 parte
807 2207 935 2259 aliqua
954 2207 1149 2260 loquatur,
1181 2206 1256 2245 hoc
1278 2207 1424 2252 modo3
1462 2208 1683 2246 Mulierum

277 2286 398 2326 genus
419 2287 575 2311 avarum
595 2274 672 2318 est;
706 2288 795 2311 nam
817 2272 1006 2326 Eriphyle
1026 2288 1118 2312 auro
1138 2275 1209 2312 viri
1231 2275 1350 2312 vitam
1367 2274 1555 2312 vendidit.
1588 2276 1683 2319 Aut,

278 2339 304 2377 fi
321 2353 398 2378 non
419 2340 472 2385 id,
495 2340 601 2392 quod
621 2340 874 2385 accusabitur,
897 2339 1105 2386 defendet,
1143 2350 1199 2385 ut,
1231 2340 1257 2378 fi
1279 2340 1380 2393 quis,
1403 2354 1495 2378 cum
1517 2339 1686 2378 ambitfis

278 2406 531 2452 accusabitur,
548 2421 667 2445 manu
683 2407 718 2445 se
734 2406 877 2445 fortem
893 2407 964 2445 effe
980 2406 1159 2445 defendet
1173 2426 1184 2452 ;
1209 2417 1251 2445 ut
1264 2406 1470 2460 Amphion
1487 2408 1587 2460 apud
1603 2408 1685 2444 Eu-

280 2471 469 2523 ripidem:
502 2474 598 2511 item
619 2473 719 2526 apud
751 2473 980 2518 Pacuvium,
1015 2474 1098 2525 qui,
1127 2474 1338 2526 vituperata
1358 2474 1515 2518 mufica,
1539 2472 1686 2525 sapien-

280 2538 374 2576 tiam
395 2537 537 2578 laudat.
569 2541 653 2577 Aut
668 2539 694 2578 si
712 2553 769 2578 res
790 2554 837 2578 ex
857 2538 1030 2577 hominis
1048 2540 1144 2578 vitio
1164 2539 1460 2593 vituperabitur,
1484 2547 1539 2583 ut,
1559 2538 1583 2576 fi
1601 2536 1687 2591 quis

927 2605 999 2643 12
