2176 2912
433 194 511 233 514
824 182 1459 222 ORATORIAE

428 277 562 312 eadem
583 274 699 312 etiam
720 273 797 312 huc
818 285 1000 327 poterunt
1019 278 1118 314 recte
1139 275 1283 315 referri.
1316 278 1375 314 Ut
1394 284 1536 314 attente
1556 284 1684 315 autem
1704 276 1836 315 audia-

429 330 531 386 mur,
554 343 673 379 trium
687 356 815 380 rerum
829 342 955 394 aliqua
975 343 1267 395 consequemur.
1291 344 1397 382 Nam
1415 353 1480 381 aut
1499 356 1638 395 magna
1659 344 1835 395 quaedam

428 421 704 461 proponemus,
741 418 806 446 aut
826 408 1036 454 neceffaria,
1073 419 1139 447 aut
1158 411 1362 462 conjuncta
1382 423 1473 448 cum
1493 409 1594 462 ipfis,
1616 410 1717 462 apud
1737 422 1834 461 quos

429 487 485 511 res
521 483 665 525 agetur.
728 475 782 511 Sit
817 484 946 512 autem
976 474 1052 512 hoc
1080 476 1196 512 etiam
1223 477 1262 513 in
1284 476 1497 527 praeceptis,
1530 484 1585 519 ut,
1616 475 1643 512 fi
1679 475 1836 527 quando

429 550 581 592 tempus
602 540 744 592 ipsum,
779 550 844 578 aut
865 554 935 585 res,
972 549 1036 577 aut
1056 541 1179 585 locus,
1211 551 1276 579 aut
1296 541 1530 578 interventus
1563 541 1738 591 alicujus,
1770 549 1859 578 aut·

428 606 699 657 interpellatio,
733 616 797 643 aut
828 607 874 643 ab
906 606 1112 643 adver-sario
1146 606 1295 643 dictum
1321 606 1492 658 aliquod,
1522 615 1560 643 et
1590 607 1760 644 maxime
1793 606 1835 643 in

427 673 650 725 perorando,
680 672 825 709 dederit
845 671 1083 709 occafionem
1118 672 1229 709 nobis
1260 672 1446 724 aliquam,
1480 681 1523 709 ut
1557 672 1734 709 dicamus
1760 672 1833 709 ali-

427 739 522 791 quid
556 739 601 776 ad
633 747 786 790 tempus
820 747 922 790 apte,
953 751 1000 774 ne
1019 737 1363 790 derelinquamus3
1395 747 1446 783 et,
1480 752 1565 790 quae
1585 738 1651 776 suo
1670 738 1759 776 loco
1789 737 1837 776 de

426 805 726 857 amplificatione
746 804 935 849 dicemus,
972 803 1095 842 multa
1115 817 1162 842 ex
1191 803 1252 841 his
1274 812 1456 857 poterunt
1483 804 1529 842 ad
1550 804 1835 857 principiorum

424 880 613 924 praecepta
632 870 839 909 transferri.

482 939 554 976 IX.
598 939 771 976 F1L1us.
805 937 941 989 Qid?
986 938 1026 975 in
1062 938 1274 975 narratione
1305 951 1390 989 quae
1421 937 1576 975 tandem
1603 936 1835 975 observanda

424 1004 543 1042 sunt?
593 1005 772 1042 PATER.
805 1005 1004 1056 Qoniam
1027 1005 1187 1042 narratio
1207 1004 1259 1042 est
1281 1017 1408 1042 rerum
1425 1004 1646 1056 explicatio,
1667 1013 1704 1041 et
1724 1017 1837 1055 quae-

425 1071 514 1109 dam
533 1071 636 1124 quafi
658 1071 773 1115 sedes,
805 1084 846 1108 ac
866 1070 1167 1108 fundamentum
1188 1070 1588 1115 conststuendaefflei,
1616 1084 1658 1108 ea
1677 1070 1764 1108 sunt
1790 1070 1834 1108 in

423 1151 465 1175 ea
484 1138 660 1176 servanda
680 1137 865 1182 maxime,
883 1151 968 1189 quae
987 1137 1104 1175 etiam
1125 1138 1165 1174 in
1181 1137 1338 1189 reliquis
1359 1135 1439 1174 fere
1456 1137 1610 1175 dicendi
1630 1136 1830 1189 partibus5

424 1218 510 1256 quae
543 1204 686 1258 partim
721 1203 808 1242 sunt
839 1203 1050 1249 necessaria,
1091 1204 1234 1257 partim
1268 1203 1356 1242 sunt
1386 1203 1573 1257 assumpta
1605 1203 1653 1242 ad
1688 1216 1837 1241 ornan-

422 1271 533 1311 dum.
594 1272 701 1310 Nam
732 1280 775 1308 ut
806 1271 976 1310 dilucide
1002 1271 1328 1324 probabiliterque
1349 1284 1559 1316 narremus,
1582 1270 1835 1309 necessarium-

421 1337 474 1375 est
488 1356 499 1382 3
532 1338 593 1376 sed
613 1337 837 1376 assumimus
857 1338 974 1376 etiam
995 1337 1233 1377 suavitatem.
1289 1339 1395 1391 Ergo
1415 1338 1461 1376 ad
1481 1338 1652 1376 dilucide
1672 1351 1831 1375 narran-

421 1404 531 1449 dum,
563 1404 695 1442 eadem
716 1404 782 1441 illa
816 1404 1006 1457 superiora
1025 1404 1245 1457 explicandi
1263 1414 1300 1442 et
1320 1404 1533 1442 illustrandi
1560 1412 1748 1457 praecepta
1766 1416 1833 1440 re-

418 1480 609 1522 petemuS,
643 1471 683 1508 in
714 1471 855 1523 quibus
876 1470 928 1508 est
958 1471 1150 1515 brevitas;
1182 1485 1301 1524 eaque
1332 1471 1592 1524 saepi-ffime-in
1614 1471 1833 1508 narratione

418 1536 606 1581 laudatur,
629 1537 674 1574 de
694 1551 769 1588 qua
789 1536 898 1588 supra
914 1537 1063 1574 dictum
1083 1537 1148 1575 est.
1201 1537 1415 1576 Probabilis
1436 1547 1567 1575 autem
1583 1537 1669 1581 erit,
1692 1536 1717 1573 fi
1737 1549 1828 1588 per-

419 1602 533 1647 sonis,
565 1603 591 1640 fi
612 1602 869 1655 temporibus,
901 1602 926 1639 fi
946 1603 1040 1640 locis
1060 1617 1119 1647 ea,
1152 1617 1236 1655 quae
1257 1603 1525 1647 narrabuntur,
1556 1602 1796 1640 consentient
1812 1620 1839 1647 3-

418 1668 445 1705 fi
466 1669 652 1720 cujusque
681 1668 785 1712 facti,
816 1678 853 1705 et
880 1669 1005 1706 eventi
1039 1669 1147 1706 causa
1167 1679 1358 1721 ponetur3
1391 1669 1417 1706 fi
1448 1669 1577 1706 testata
1608 1668 1686 1706 dici
1716 1668 1825 1705 vide-

419 1735 591 1779 buntur;
624 1735 650 1772 fi
676 1748 768 1772 cum
802 1733 1013 1773 hominum
1048 1736 1246 1788 opinione,
1275 1736 1512 1780 auctoritate,
1543 1735 1569 1772 fi
1604 1748 1696 1773 cum
1727 1734 1830 1786 lege„

418 1814 511 1839 cum
546 1814 666 1846 more,
701 1815 792 1838 cum
814 1801 997 1854 religione
1027 1802 1254 1854 conjunct&
1292 1802 1318 1840 fi
1349 1802 1517 1854 probitas
1539 1801 1722 1839 narrantis
1750 1800 1829 1853 fig·

418 1867 651 1912 nificabitur,
681 1867 707 1905 fi
728 1867 968 1919 antiquitatis
999 1869 1201 1912 memoria,
1232 1868 1263 1906 fi·
1278 1869 1459 1906 orationis
1489 1868 1640 1912 veritas,
1672 1876 1709 1905 et
1737 1867 1826 1905 vitae

416 1933 523 1972 fides.
566 1935 715 1971 Suavis
747 1943 877 1972 autem
909 1935 1072 1973 narratio
1099 1935 1164 1980 est,
1197 1949 1281 1987 quae
1302 1934 1417 1973 habet
1437 1935 1721 1979 admirationes,
1754 1947 1838 1971 ex·-

416 2000 672 2051 peffationes,
713 2000 838 2037 exitus
874 2000 1106 2053 inopinatos,
1149 2001 1388 2054 interpositos
1420 2010 1550 2039 motus
1586 2000 1822 2044 animorum,

415 2065 610 2117 colloquia
636 2065 896 2118 personarum,
930 2066 1095 2111 dolores,
1126 2067 1353 2111 iracundias,
1385 2076 1526 2111 metus,
1558 2066 1721 2110 laetitias,
1750 2078 1822 2102 cu-

414 2131 607 2183 piditates.
668 2132 740 2169 Sed
761 2132 844 2183 jam
864 2132 910 2169 ad
944 2132 1089 2184 reliqua
1109 2145 1326 2184 pergamus.
1387 2133 1561 2170 F21L1us.
1594 2132 1751 2183 Nempe
1781 2145 1823 2169 ea

414 2196 637 2249 sequuntur,
670 2211 755 2249 quae
774 2198 820 2234 ad
840 2197 1056 2235 faciendam
1078 2198 1195 2236 fidem
1216 2199 1421 2251 pertinent.
1465 2199 1642 2248 PATER.
1667 2199 1723 2235 Ita
1742 2198 1793 2235 est
1809 2210 1839 2236 ε·
1894 2198 1897 2200 ’

412 2276 498 2314 quae
529 2262 688 2314 quidem
719 2264 758 2300 in
779 2262 1131 2308 confirmationem,
1161 2273 1197 2302 et
1224 2263 1556 2317 reprehensionem
1577 2264 1819 2303 dividuntur.

413 2330 519 2367 Nam
546 2330 586 2366 in
618 2329 882 2367 confirmando
912 2330 1035 2368 nostra
1054 2331 1213 2383 probare
1233 2331 1413 2369 volumus
1430 2350 1442 2376 ;
1474 2332 1514 2369 in
1536 2330 1819 2384 reprehenden-

411 2395 475 2440 do,
508 2395 729 2448 redarguere
749 2397 947 2434 contraria.
1008 2398 1207 2448 aniam
1230 2398 1348 2450 igitur
1367 2411 1498 2442 omne,
1535 2397 1640 2449 quod
1661 2397 1700 2434 in
1722 2410 1839 2435 con-—

411 2461 628 2499 troverfiam
649 2463 766 2507 venit,
801 2463 839 2500 id
860 2472 923 2500 aut
944 2462 1002 2507 fit,
1034 2477 1153 2501 necne
1174 2464 1245 2508 s1t;
1278 2473 1342 2502 aut
1377 2465 1472 2516 quid
1506 2464 1576 2508 sit;
1608 2473 1672 2501 aut
1706 2463 1819 2515 quale

411 2527 469 2573 fit,
492 2529 700 2581 quaeritur5
733 2529 773 2567 in
807 2530 934 2582 primo
969 2530 1186 2581 conjectura
1206 2530 1317 2576 valet,
1346 2531 1387 2568 in
1417 2531 1536 2568 altero
1555 2529 1743 2574 definitio,
1775 2529 1816 2566 in
