2176 2912
761 153 1290 196 ORATOR.
1650 158 1728 208 469

330 253 516 295 observari
550 265 619 291 nec
654 250 789 303 potest,
821 262 890 288 nec
911 246 1054 287 neceffe
1074 247 1139 285 est.
1201 246 1271 285 Sed
1294 255 1420 284 tamen
1442 245 1507 285 hic
1528 250 1730 294 correoor,

331 323 371 359 in
403 335 447 359 eo
481 319 561 372 ipso
594 318 694 361 loco,
728 330 806 368 quo
827 313 1084 367 reprehendit,
1115 313 1177 364 (ut
1207 326 1227 350 a
1246 326 1309 350 me
1339 313 1645 352 animadversum
1681 315 1732 353 est

330 386 489 425 studiose
523 384 742 435 inquirente
776 382 816 420 in
850 381 958 432 eum)
991 380 1138 418 emittit
1172 379 1396 432 imprudens
1427 380 1504 432 ipse
1528 380 1730 420 senarium.

331 453 386 490 Sit
406 452 524 503 igitur
543 448 618 487 hoc
639 448 857 501 cognitum,
892 446 931 484 in
953 446 1084 484 solutis
1111 445 1228 483 etiam
1248 445 1372 483 verbis
1402 445 1515 483 inesse
1536 460 1728 491 numeros,

330 517 560 568 eosdemque
580 515 650 553 effe
670 514 868 558 oratorios,
890 513 957 565 qui
978 512 1050 550 sint
1070 511 1226 564 poetici.

386 584 516 622 LVII.
549 581 729 633 Sequitur
762 593 865 632 ergo,
903 588 959 623 ut,
996 578 1064 630 qui
1099 578 1269 616 maxime
1296 577 1433 616 cadant
1463 578 1502 615 in
1523 579 1734 617 orationem

331 661 460 703 aptam
481 648 647 692 numeri,
679 646 889 685 videndum
909 645 966 683 fit.
1014 647 1109 682 Sunt
1129 644 1235 682 enim
1256 644 1324 695 qui
1345 644 1559 682 iambicum
1581 653 1733 697 putent,

332 715 437 768 quod
458 715 502 753 fit
521 713 684 753 orationi
704 712 923 750 fimillimus
939 730 949 756 ;
972 724 1047 762 qua
1066 711 1111 748 de
1138 709 1246 748 causa
1265 709 1360 755 fieri,
1383 719 1426 748 ut
1445 710 1476 747 is
1493 710 1735 762 potiffimum

333 792 490 836 propter
510 780 804 819 fimilitudincm
825 778 992 816 veritatis
1013 776 1237 815 adhibeatur
1267 778 1306 814 in
1332 776 1473 814 fabulis
1491 795 1502 822 ς
1535 776 1640 829 quod
1670 777 1736 815 ille

334 848 542 900 dactylicus
575 859 757 884 numerus
789 844 1101 882 hexametrorum
1132 843 1471 895 magniloquentiae
1505 843 1549 880 fit
1578 857 1738 881 accom-

334 913 538 953 modatIOr.
598 910 778 964 Ephorus
813 919 957 954 autem,
988 909 1081 947 levis
1113 909 1192 960 ipse
1218 917 1357 953 orator,
1389 908 1450 946 scd
1479 908 1669 961 profectus
1690 923 1738 948 ex

335 980 484 1034 optima
514 977 728 1030 disciplina,
760 989 891 1029 paeona
922 975 1105 1027 sequitur,
1138 983 1203 1012 aut
1223 973 1450 1025 dactylum3
1482 973 1738 1026 fugitantem

336 1045 562 1099 spondeum,
597 1052 635 1080 et
656 1041 882 1080 trochaeum.
935 1040 1053 1092 Qod
1073 1041 1178 1078 enim
1200 1053 1308 1093 paeon
1329 1039 1466 1077 habeat
1497 1049 1569 1077 tres
1591 1040 1736 1085 breves,

337 1111 508 1162 dactylus
547 1118 675 1147 autem
714 1108 820 1152 duas,
851 1107 1048 1151 brevitate,
1097 1115 1135 1143 et
1168 1106 1359 1144 celeritate
1393 1105 1622 1156 syllabarum
1662 1106 1740 1142 labi

338 1187 448 1231 putat
476 1176 589 1214 verba
619 1175 826 1228 proclivius
842 1193 854 1219 3
886 1172 1095 1225 contraque
1125 1172 1294 1210 accidere
1321 1172 1360 1209 in
1381 1172 1560 1224 spondeo,
1591 1180 1629 1209 et
1659 1180 1739 1209 tro-

339 1243 460 1288 chaeo,
497 1241 602 1295 quod
637 1242 731 1279 alter
761 1254 781 1278 e
811 1240 936 1293 longis
971 1239 1169 1283 constaret,
1214 1239 1306 1276 alter
1339 1252 1359 1275 e
1390 1238 1570 1276 brevibus
1602 1237 1708 1275 fieret
1725 1255 1738 1282 ;

339 1311 497 1348 alteram
517 1309 634 1347 nimis
654 1308 865 1351 incitatam,
896 1307 1054 1344 alteram
1075 1305 1190 1343 nimis
1213 1305 1357 1342 tardam
1378 1304 1605 1348 orationem,
1642 1317 1739 1341 neu-

339 1387 444 1415 tram
460 1384 723 1428 temperatam.
775 1374 846 1412 Sed
866 1382 903 1411 et
923 1373 981 1410 illi
1000 1373 1142 1425 priores
1163 1381 1300 1416 errant,
1331 1380 1368 1408 et
1390 1369 1570 1423 Ephorus
1591 1371 1630 1407 in
1652 1370 1738 1407 cul-

341 1457 387 1497 pa
406 1443 470 1482 est.
514 1443 634 1486 Nam,
655 1450 693 1478 et
713 1440 780 1492 qui
805 1453 935 1492 paeona
954 1447 1195 1492 praetereunt,
1219 1451 1296 1475 non
1317 1437 1449 1475 vident
1470 1436 1740 1474 molliflimum

340 1524 360 1548 a
380 1509 451 1547 sese
470 1521 693 1551 numerum,
715 1506 958 1557 eundemque
974 1504 1251 1556 ampliffimum
1272 1502 1465 1555 praeteriri.
1513 1502 1632 1553 Qod
1653 1501 1740 1538 lon-

341 1589 387 1629 ge
408 1573 604 1614 Aristoteli
624 1573 774 1611 videtur
792 1572 909 1616 secus,
931 1571 999 1623 qui
1013 1570 1177 1622 judicat,
1209 1568 1372 1607 heroum
1402 1581 1607 1606 numerum
1627 1581 1742 1620 gran-

342 1642 502 1686 diorem,
533 1653 651 1692 quam
671 1638 852 1676 defideret
882 1637 1003 1675 soluta
1033 1636 1153 1673 oratio
1169 1654 1180 1680 ς
1213 1635 1388 1673 iambum
1408 1644 1537 1672 autem
1573 1634 1688 1671 nimis
1722 1647 1743 1670 e

343 1707 490 1759 vulgari
519 1705 591 1743 effe
626 1705 810 1742 sermone.
870 1703 928 1740 Ita
958 1714 1080 1753 neque
1099 1700 1308 1745 humilem,
1341 1713 1410 1737 nec
1439 1700 1623 1751 abjectam
1657 1711 1742 1735 ora-

343 1773 511 1816 tionem,
538 1784 608 1808 nec
643 1770 758 1807 nimis
790 1768 907 1806 altam
943 1777 980 1805 et
1010 1777 1274 1819 exaggeratam
1304 1767 1438 1819 probat
1454 1784 1466 1810 ς
1498 1765 1652 1818 plenam
1684 1773 1742 1802 ta-

345 1851 440 1877 men.v
469 1849 555 1874 eam
584 1835 669 1873 vult
702 1834 771 1873 esse
801 1833 1007 1886 gravitatis,
1052 1842 1096 1870 ut
1128 1847 1204 1877 eos,
1237 1833 1305 1884 qui
1338 1833 1505 1876 audient,
1541 1831 1586 1868 ad
1620 1831 1745 1882 majo-

346 1918 429 1943 rem
460 1901 753 1940 admirationem
785 1899 896 1952 poflit
920 1899 1125 1937 traducere.
1185 1896 1421 1936 Trochaeum
1442 1906 1584 1941 autem,
1607 1897 1673 1948 qui
1694 1895 1746 1932 est

347 1970 484 2009 eodem
519 1967 652 2020 spatio,
683 1980 762 2018 quo
796 1964 970 2010 choreus,
1009 1965 1208 2002 cordacem
1235 1964 1414 2016 appellat,
1450 1963 1539 2013 quia
1569 1970 1744 1998 contrac-

348 2037 403 2075 tio
437 2045 475 2074 et
506 2034 666 2072 brevitas
695 2032 923 2085 dignitatem
954 2045 1030 2069 non
1051 2030 1200 2068 habeat.
1262 2031 1318 2067 Ita
1344 2042 1474 2081 paeona
1495 2028 1643 2079 probat,
1677 2040 1744 2063 co-

349 2116 423 2155 que
443 2102 494 2139 ait
515 2101 572 2138 uti
592 2113 739 2144 omnes,
770 2098 832 2137 sed
864 2098 964 2151 ipsos
985 2111 1062 2135 non
1084 2097 1217 2134 sentire
1246 2110 1339 2133 cum
1360 2104 1515 2132 utantur
1533 2108 1540 2131 :
1573 2093 1644 2130 effe
1677 2106 1745 2130 au-

350 2176 431 2207 tem
462 2167 633 2210 tertium,
666 2179 709 2203 ac
737 2165 911 2203 medium
944 2165 1041 2202 inter
1071 2163 1182 2208 illos,
1215 2162 1275 2200 sed
1308 2162 1359 2199 ita
1388 2160 1505 2198 factos
1540 2173 1602 2197 eos
1634 2159 1746 2211 pedes

350 2233 434 2278 effe,
471 2242 512 2270 ut
538 2233 578 2270 in
609 2232 661 2269 eis
695 2231 852 2283 fingulis
873 2229 1011 2268 modus
1033 2229 1119 2267 infit
1150 2238 1214 2266 aut
1241 2227 1462 2280 sesquiplex,
1494 2234 1557 2263 aut
1589 2225 1745 2276 duplex,

352 2308 416 2337 aut
437 2312 514 2350 par.
575 2298 707 2348 Itaque
727 2296 799 2341 illi,
821 2295 867 2333 de
887 2296 1028 2348 quibus
1049 2304 1134 2332 ante
1154 2294 1248 2338 dixi,
1278 2292 1548 2331 tantummodo
1567 2302 1745 2327 commo-

353 2365 480 2402 ditatis
501 2362 716 2400 habuerunt
737 2362 936 2406 rationem,
970 2361 1117 2401 nullam
1137 2360 1349 2412 dignitatis.
1410 2358 1565 2396 Iambus
1586 2355 1688 2391 enim
1709 2362 1745 2389 ct

353 2429 523 2482 daCtylus
557 2428 597 2466 in
618 2427 765 2466 versum
785 2426 927 2466 cadunt
947 2426 1134 2464 maxime.
1179 2425 1312 2477 Itaque
1334 2434 1375 2462 ut
1396 2422 1542 2462 versum
1573 2418 1746 2470 fugimus
