2176 2912
487 206 805 247 LIBER
882 204 1458 244 SECUNDUS.
1623 220 1675 261 93

276 298 428 354 praecisa
439 298 505 342 est,
528 296 772 349 injuriarum.
796 295 966 334 Postulat
988 295 1033 340 is,
1051 295 1215 348 quicum
1235 295 1373 347 agitur,
1388 309 1408 333 a
1423 296 1585 334 Praetore
1606 311 1675 336 exn

277 364 511 417 ceptionem,
543 364 668 401 Extra
687 376 791 415 quam
811 361 847 399 in
866 376 965 400 reum
983 361 1111 414 capitis
1129 360 1378 414 praejudicium
1393 361 1486 412 fiat.
1528 362 1608 400 Hic
1630 363 1676 407 is,

277 430 346 482 qui
365 429 457 482 agit,
473 429 670 481 judicium
691 441 835 481 purum
851 427 1029 480 postulat.
1077 427 1162 472 Ille,
1185 427 1349 479 quicum
1368 427 1508 478 agitur,
1536 441 1678 481 excep-

278 496 427 534 tionem
447 494 535 533 addi
554 495 607 532 ait
622 502 811 547 oportere.
844 493 1015 545 Qaestio
1034 493 1100 539 est,
1124 493 1414 546 Excipiendum
1430 493 1488 538 fit,
1511 507 1557 530 an
1574 507 1650 531 non
1667 495 1680 530 ,Ρ

279 562 410 606 Ratio,
446 561 541 600 Non
561 561 668 599 enim
688 569 854 614 oportet,
891 560 931 598 in
962 560 1244 613 recuperatorio
1259 559 1424 611 judici0‚
1456 560 1536 611 ejus
1558 560 1680 597 male-

277 627 372 672 ficii,
391 628 437 666 de
453 641 531 680 quo
547 628 647 665 inter
659 627 806 665 ficarios
823 627 1020 678 quaeritur,
1044 626 1312 679 praejudicium
1326 625 1421 663 ficri.
1465 625 1683 664 Infirmatio

279 694 451 739 rationis,
466 694 671 746 Ejusmodi
684 693 770 732 sunt
788 694 949 745 injuriae,
966 702 1008 731 ut
1024 693 1070 730 de
1087 692 1147 731 his
1169 693 1376 745 indignum
1395 693 1439 730 fit
1459 706 1536 730 non
1553 692 1683 745 primo

279 773 437 813 quoque
458 769 630 813 tempore
644 759 824 811 judicari.
857 759 1066 810 Judicatio,
1089 760 1282 797 Atrocitas
1300 758 1529 810 injuriarum
1549 758 1683 795 satisne

280 827 398 864 causae
419 826 476 871 fit,
498 839 627 878 quare,
658 825 754 862 dum
774 825 1041 877 eajudicetur,
1074 826 1121 863 de
1148 826 1279 877 aliquo
1309 826 1453 876 majore
1474 819 1681 868 maleficio,

281 892 328 930 de
343 891 426 943 quo
431 891 628 943 judicium
641 900 907 947 comparatum
924 891 982 935 sit,
998 891 1281 943 praejudicetur.
1310 893 1441 942 Atque
1454 889 1682 942 exemplum

281 957 441 1010 quidem
460 956 536 995 hoc
556 956 623 995 est.
674 957 720 994 In
736 957 846 994 omni
865 966 996 995 autem
1015 957 1125 995 causa
1143 957 1190 995 ab
1207 966 1371 1009 utroque
1387 957 1507 1008 quaeri
1526 966 1683 1009 oporte-

281 1023 354 1068 bit,
376 1037 397 1061 a
416 1037 508 1076 quo,
531 1032 569 1060 et
589 1036 656 1076 per
675 1036 786 1075 quos,
818 1031 857 1061 et
885 1037 964 1076 quo
993 1023 1127 1068 modo,
1161 1032 1199 1061 et
1228 1036 1306 1075 quo
1327 1031 1502 1075 tempore
1522 1030 1588 1060 aut
1607 1021 1683 1074 agi,

281 1100 347 1128 aut
361 1090 542 1142 judicari,
564 1099 628 1128 aut
648 1090 744 1142 quid
762 1090 875 1128 statui
895 1091 940 1128 de
960 1104 1002 1128 ea
1022 1104 1074 1135 re,
1096 1091 1314 1129 conveniat.

338 1157 384 1195 Id
403 1170 451 1194 ex
472 1156 642 1209 partibus
656 1156 770 1208 juris,
802 1156 848 1194 de
864 1157 1006 1209 quibus
1027 1157 1110 1210 post
1130 1157 1339 1195 dicendum
1359 1155 1425 1201 est,
1448 1155 1548 1194 sumi
1567 1168 1686 1208 opor-

283 1222 397 1267 tebit,
428 1232 466 1260 et
486 1222 718 1267 ratiocinari,
740 1222 835 1274 quid
857 1223 897 1261 in
922 1223 1112 1262 similibus
1134 1223 1349 1262 rebus-fieri
1370 1223 1499 1267 soleat,
1521 1231 1559 1260 et
1579 1222 1688 1260 vide-

285 1303 338 1335 re,
360 1298 493 1327 utrum
514 1288 663 1326 malitia
682 1289 777 1341 quid
797 1288 902 1327 aliud
918 1299 1062 1342 agatur,
1079 1290 1185 1328 aliud
1205 1290 1405 1328 simuletur
1417 1308 1428 1335 3
1451 1303 1498 1327 an
1511 1288 1687 1333 stultitia,

284 1369 332 1394 an
366 1354 654 1399 neceffitudine,
677 1354 782 1407 quod
813 1355 887 1393 alio
922 1356 1039 1393 modo
1071 1356 1131 1408 agi
1158 1369 1236 1393 non
1266 1355 1392 1408 poffit,
1424 1369 1472 1392 an
1491 1354 1688 1392 occafione

284 1422 422 1475 agendi
441 1421 491 1459 fic
511 1421 556 1460 fit
569 1421 792 1474 judicium;
824 1431 889 1459 aut
915 1423 1012 1460 aetio
1032 1422 1250 1467 constituta,
1272 1436 1319 1459 an
1340 1423 1439 1460 reete
1460 1421 1535 1459 fine
1551 1420 1630 1458 ulla
1649 1434 1689 1458 re

285 1487 473 1541 ejusmodi
493 1501 549 1525 res
570 1497 716 1540 agatur.
776 1489 904 1526 Locus
931 1497 1061 1525 autem
1080 1488 1303 1526 communiS
1330 1496 1462 1525 contra
1481 1501 1585 1531 eum,
1617 1487 1687 1539 qui

286 1553 569 1593 transsationem
600 1553 771 1598 inducet,
799 1552 932 1606 fugere
958 1554 1155 1606 judicium
1176 1567 1218 1591 ac
1249 1566 1419 1605 poenam,
1451 1553 1541 1604 quia
1571 1552 1689 1590 causae

286 1620 448 1658 diffidat.
490 1621 527 1657 A
548 1619 787 1657 transsatione
815 1630 959 1664 autem,
981 1620 1163 1657 omnium
1187 1618 1266 1656 fore
1287 1619 1630 1671 perturbationem,
1662 1618 1690 1656 fi

288 1701 365 1725 non
396 1687 449 1724 ita
479 1699 536 1724 res
556 1696 689 1738 agatur
717 1695 754 1724 et
785 1687 825 1724 in
853 1687 1050 1739 judicium
1085 1687 1225 1731 veniat,
1258 1700 1335 1738 quo
1356 1687 1465 1738 paeto
1486 1694 1686 1738 oporteat;

288 1752 363 1791 hoc
396 1753 462 1798 est,
493 1753 519 1791 fi
539 1762 604 1791 aut
638 1767 729 1791 cum
761 1767 806 1791 eo
836 1764 982 1806 agatur,
1014 1754 1176 1805 quicum
1204 1767 1281 1791 non
1307 1761 1493 1805 oporteat,
1525 1761 1589 1789 aut
1617 1752 1689 1789 alia

289 1832 415 1872 poena,
447 1819 522 1856 alio
538 1819 715 1863 crimine,
737 1819 812 1856 alio
833 1828 1029 1871 tempore;
1062 1829 1175 1870 atque
1197 1818 1295 1856 hanc
1317 1819 1503 1856 rationem
1534 1818 1579 1855 ad
1602 1832 1688 1869 per-

289 1884 799 1935 turbationemjudiciorum
815 1885 994 1921 omnium
1010 1885 1213 1936 pertinere.
1236 1886 1333 1922 Tres
1350 1885 1468 1936 igitur
1482 1898 1533 1921 eae
1546 1883 1689 1921 consti-

289 1950 471 1993 tutiones,
503 1963 587 2001 quae
608 1958 730 2001 partes
751 1963 829 1987 non
849 1948 1007 1994 habent,
1039 1949 1084 1986 ad
1100 1947 1205 1986 hunc
1226 1950 1390 1986 modum
1411 1950 1687 1987 traetabuntur.

290 2017 410 2057 Nunc
430 2015 647 2068 generalem
666 2015 983 2053 constitutionem
1003 2025 1040 2052 et
1061 2024 1183 2068 partes
1204 2016 1284 2067 ejus
1305 2015 1599 2053 confideremus.

335 2083 448 2121 XXI.
465 2083 584 2126 Cum,
599 2091 637 2118 et
652 2080 752 2119 faeto
768 2091 805 2119 et
818 2080 907 2119 faeti
927 2082 1084 2119 nomine
1103 2081 1288 2125 concesso,
1304 2095 1428 2133 neque
1441 2081 1520 2118 ull-3
1532 2081 1690 2119 aetionis

291 2148 395 2186 illata
414 2147 677 2192 controversia,
688 2148 758 2192 vis,
781 2157 819 2185 et
840 2157 985 2192 natura,
1003 2156 1040 2185 et
1060 2161 1180 2200 genus
1195 2147 1339 2200 negotii
1360 2147 1474 2200 ipfius
1494 2148 1689 2198 quaeritur,

290 2214 604 2252 constitutionem
620 2214 836 2266 generalem
857 2214 1109 2266 appellamus.
1161 2214 1293 2265 Hujus
1314 2214 1456 2266 primas
1477 2213 1547 2251 effe
1568 2222 1690 2265 partes

292 2281 383 2318 duas
404 2280 514 2318 nobis
538 2280 656 2317 videri
679 2280 863 2325 diximus,
887 2280 1115 2332 negotialem
1137 2289 1175 2317 et
1189 2280 1463 2332 juridicialem.
1500 2279 1690 2331 Negotia-

288 2345 335 2383 lis
355 2345 421 2390 est,
444 2359 528 2398 quae
548 2345 587 2383 in
609 2345 688 2397 ipso
709 2347 865 2397 negotio
879 2347 977 2398 juris
998 2345 1121 2383 civilis
1142 2344 1258 2383 habet
1279 2346 1512 2398 implicitam
1533 2354 1689 2382 contro-

292 2411 462 2449 verslam.
512 2412 569 2449 Ea
587 2411 639 2449 est
663 2410 886 2464 hujusmodi
903 2431 914 2456 ;
947 2412 1119 2463 Qidam
1141 2412 1337 2464 pupillum
1358 2411 1538 2449 heredem
1570 2409 1661 2447 fecit
1675 2427 1687 2454 3

294 2477 465 2530 pupillus
485 2486 615 2515 autem
635 2486 722 2515 ante
738 2486 914 2515 mortuus
934 2478 1001 2522 est,
1022 2491 1140 2529 quam
1160 2478 1200 2514 in
1221 2478 1326 2515 suam
1348 2477 1509 2514 turelam
1530 2476 1688 2513 veniret.

294 2543 357 2584 De
376 2541 582 2582 hereditate
601 2556 658 2589 ea,
691 2557 775 2596 quae
801 2543 953 2596 pupillo
972 2543 1091 2588 venit,
1122 2543 1221 2581 inter
1240 2549 1302 2581 eos
1324 2543 1391 2595 qui
1412 2541 1526 2594 patris
1548 2539 1689 2592 pupilli
