2176 2912
761 184 1264 224 TOPICA.
1634 204 1713 245 493

311 286 358 317 ut
376 286 461 317 ante
492 276 587 323 dixi,
617 285 655 316 et
685 277 725 315 in
746 277 941 323 maximis,
972 285 1010 316 et
1042 277 1083 315 in
1105 277 1280 316 minimis
1307 278 1578 331 quaestionibus
1599 296 1713 336 argu-

313 354 443 383 menta
462 346 670 383 ducuntur.

366 411 439 448 XI.
473 410 652 462 Sequitur
682 408 974 448 similitudinem
995 409 1208 449 differentia
1238 411 1306 456 rei,
1338 413 1506 452 maxime
1526 418 1714 455 contraria

311 475 492 527 superiori
508 493 519 519 3
552 474 613 512 sed
633 474 685 512 est
704 474 874 527 ejusdem
893 475 1072 513 diffimile
1092 485 1129 514 et
1149 476 1271 514 fimile
1293 477 1475 517 invenire.
1527 481 1622 532 Ejus
1643 496 1711 535 ge-

310 541 408 578 neris
429 540 510 578 haec
531 540 642 585 sunt3
674 541 768 579 Non
784 541 1115 593 quemadmodum
1136 542 1240 595 quod
1260 543 1415 581 mulieri
1435 545 1583 591 debeas,
1615 550 1714 586 redte

310 607 380 660 ipfi
401 607 556 645 mulieri
577 607 653 645 fine
683 616 810 646 tutore
835 610 986 646 auctore
1012 608 1158 654 solvas,
1191 610 1244 647 ita
1263 609 1368 662 quod
1388 619 1452 648 aut
1471 612 1629 664 pupillae
1649 624 1714 652 aut

310 674 461 726 pupillo
480 674 632 718 debeas,
655 675 754 712 reete
773 673 884 727 poffis
904 674 1040 713 eodem
1060 675 1178 713 modo
1199 675 1353 714 solvere.

367 740 561 792 Deinceps
582 740 689 778 locus
724 740 790 785 est,
822 741 890 793 qui
921 755 940 778 a
970 742 1160 780 contrario
1191 742 1358 781 ducitur.
1420 744 1714 784 Contrariorum

310 814 440 843 autem
459 819 595 858 genera
616 805 701 844 sunt
727 806 849 858 plura.
910 808 1047 845 Unum
1067 821 1215 853 eorum,
1247 823 1334 860 quae
1352 809 1392 846 in
1413 809 1547 848 eodem
1575 824 1715 863 genere

310 871 527 924 plurimum
561 871 757 916 differunt,
796 881 845 910 ut·
869 873 1063 925 sapientia,
1096 883 1134 912 et
1166 875 1339 912 stultitia.
1400 876 1548 914 Eodem
1584 887 1714 916 autem

310 951 446 990 genere
473 938 669 982 dicuntur,
703 938 845 990 quibus
866 939 1066 991 propofitis
1086 950 1294 978 occurrunt
1315 950 1498 993 tanquam
1519 956 1539 980 e
1559 945 1714 996 regione

308 1003 484 1055 quaedam
505 1003 705 1048 contraria,
738 1013 780 1041 ut
800 1003 985 1046 celeritati
1010 1005 1177 1050 tarditas,
1209 1020 1286 1044 non
1307 1006 1496 1045 debilitas
1541 1009 1602 1046 Ex
1623 1011 1713 1061 qui-

310 1069 382 1108 bus
403 1070 602 1107 contrariis
633 1079 858 1122 argumenta
891 1070 980 1107 talia
998 1071 1197 1124 existunt,
1226 1073 1263 1110 Si
1289 1071 1492 1110 stultitiam
1523 1073 1711 1126 fugimus,

310 1135 531 1188 sapientiam
553 1134 780 1186 sequa1nur;
813 1144 851 1172 et
871 1135 1098 1182 bonitatem,
1130 1137 1157 1174 fi
1177 1137 1381 1176 malitiam.
1427 1139 1539 1184 Haec,
1562 1154 1647 1192 quae
1666 1155 1714 1180 ex

311 1201 447 1239 eodem
467 1214 603 1254 genere
623 1201 811 1238 contraria
833 1200 933 1246 sunt,
955 1202 1196 1255 appellantur
1215 1202 1380 1257 advcvssz.

365 1270 462 1306 Sunt
496 1267 605 1305 enim
633 1266 705 1304 alia
740 1268 941 1312 contraria,
991 1283 1075 1320 qua:
1117 1269 1316 1321 privantia
1349 1270 1441 1308 licet
1475 1272 1712 1325 appellemus

309 1334 462 1378 Latine,
494 1334 628 1371 Graece
658 1332 898 1385 appellantur
920 1346 1083 1382 ςὲρητικοι.
1143 1335 1361 1387 Praepofitio
1392 1336 1498 1374 enim
1521 1351 1566 1375 IN
1589 1338 1714 1390 privat

310 1401 474 1439 verbum
501 1413 543 1437 ea
563 1400 614 1444 vi,
647 1412 765 1451 quam
792 1398 963 1443 haberet,
995 1399 1020 1437 s1
1044 1414 1089 1438 IN
1117 1401 1361 1453 praepositum
1383 1415 1459 1439 non
1482 1401 1635 1448 fuiffet;
1669 1414 1712 1442 ut

308 1466 479 1520 dignitas,
510 1466 730 1518 zndzgrzit1255
762 1465 981 1510 hnmanitas,
1016 1467 1285 1512 znhunmnitas;
1328 1477 1365 1505 et
1399 1478 1530 1506 caetcra
1564 1472 1711 1522 generis

309 1532 493 1584 ejusdem.
526 1532 706 1584 Qorum
725 1532 896 1569 tractatio
916 1530 968 1569 est
987 1532 1133 1577 eadem,
1153 1546 1236 1585 qua:
1257 1532 1508 1586 superiorum,
1538 1548 1622 1587 quae
1642 1537 1710 1574 ad-

309 1598 411 1636 versa
429 1598 533 1638 dixi„

364 1665 471 1704 Nam
506 1665 578 1703 alia
607 1678 763 1718 quoque
797 1664 884 1703 sunt
918 1666 1200 1705 contrariorum
1233 1679 1382 1719 genera,
1419 1667 1535 1705 velut>
1556 1681 1597 1705 ea
1627 1682 1713 1720 quae

308 1744 402 1769 cum
422 1732 552 1783 aliquo
572 1730 825 1769 conferuntur
842 1750 852 1776 3
886 1741 929 1769 ut
949 1732 1129 1784 duplum,
1150 1733 1361 1786 fimplum,
1394 1734 1530 1778 multa,
1562 1747 1682 1786 pauca
1696 1753 1709 1780 3

310 1796 487 1849 longum,
510 1797 649 1842 breve;
682 1799 819 1849 majus,
849 1798 993 1836 minus.
1054 1799 1150 1836 Sunt
1167 1800 1282 1837 etiam
1304 1800 1411 1838 valde
1437 1801 1625 1838 contraria
1645 1801 1711 1838 illa

311 1875 395 1914 quae
426 1861 667 1915 appellantur
696 1863 880 1915 negantia.
941 1864 998 1900 Ea
1019 1861 1213 1910 ἀποφατικὰ
1233 1865 1375 1910 Graeci,
1400 1866 1587 1904 contraria
1607 1866 1712 1904 aien-

309 1929 442 1973 tibus,
477 1937 532 1972 ut,
566 1928 604 1966 Si
635 1927 711 1966 hoc
743 1929 807 1973 est,
840 1929 938 1967 illud
958 1943 1035 1967 non
1056 1929 1121 1968 est.
1165 1931 1274 1983 Qid
1293 1932 1398 1969 enim
1419 1945 1514 1984 opus
1534 1933 1713 1986 exemplo

309 1994 363 2033 est
381 1996 394 2032 ?
425 1993 601 2032 Tantum
621 1995 870 2046 intelligatur,
903 2005 1130 2048 argumento
1151 1997 1367 2048 quaerendo,
1402 1999 1599 2036 contrariis
1621 2012 1710 2036 om—

310 2062 423 2100 nibus
445 2062 632 2100 contraria
653 2075 729 2099 non
751 2063 967 2100 convenire.

366 2128 431 2166 Ab
465 2128 652 2180 adjunetis
687 2138 815 2166 autem
849 2128 957 2181 posui
991 2129 1172 2181 equidem
1206 2130 1432 2183 exemplum
1467 2131 1580 2183 paulo
1610 2141 1710 2177 ante,

311 2195 436 2233 multa
469 2195 613 2233 scilicet
644 2195 814 2248 adjungi,
847 2210 931 2248 quae
952 2195 1186 2248 suscipienda
1220 2197 1348 2242 effent,
1385 2198 1409 2235 fi
1445 2197 1710 2243 statuissemus,

311 2274 358 2298 ex
385 2261 508 2299 edicto
544 2259 751 2300 secundum
783 2275 841 2300 eas
874 2263 1018 2300 tabulas
1050 2261 1311 2315 poffeffionem
1341 2264 1435 2309 dari,
1467 2277 1559 2316 quas
1590 2265 1620 2301 is
1648 2266 1711 2302 in-

311 2327 499 2371 stituiffet,
535 2328 598 2365 cui
621 2327 834 2366 testamenti
855 2328 969 2367 factio
1001 2329 1107 2367 nulla
1126 2330 1227 2368 effet.
1275 2331 1344 2368 Sed
1365 2331 1472 2369 locus
1503 2329 1568 2367 hic
1588 2331 1710 2382 magis

313 2392 358 2430 ad
390 2393 661 2444 conjecturales
691 2393 830 2438 causas,
861 2409 946 2446 quae
967 2395 1157 2432 versantur
1191 2396 1229 2433 in
1246 2397 1418 2448 judiciis,
1450 2396 1574 2439 valet;
1617 2410 1710 2434 cum

313 2459 509 2510 quaerstur,
541 2458 636 2511 quid
656 2469 720 2496 aut
741 2458 798 2504 fit,
830 2470 895 2497 aut
926 2461 1106 2504 evenerit,
1138 2470 1202 2498 aut
1234 2461 1410 2500 futurum
1444 2461 1501 2505 fit,
1532 2470 1596 2498 aut
1617 2461 1710 2513 quid

313 2525 475 2563 omnino
496 2524 576 2563 fieri
596 2524 722 2578 poffit.
755 2526 814 2563 Ac
835 2526 910 2564 loci
932 2526 1090 2578 quidem
1114 2527 1226 2579 ipsius
1244 2526 1369 2566 forma
1390 2526 1471 2565 talis
1493 2526 1557 2564 est.
