2176 2912
517 197 837 237 LIBER
913 197 1328 236 PRIMUS.
1560 196 1627 235 161

231 290 295 329 sed
328 289 447 328 etiam
479 298 682 328 momento
713 289 896 342 quodam,
928 299 1043 342 atque
1067 289 1219 341 judicio
1250 288 1474 341 dispensare,
1516 296 1632 339 atque

233 355 459 409 disponere3
491 364 577 394 turn
603 369 645 394 ea
675 355 842 407 denique
864 355 995 394 vestire
1027 364 1141 407 atque
1161 368 1293 393 ornare
1322 355 1519 398 oratione3
1553 353 1635 406 post

233 422 421 460 memoria
440 421 557 475 sepire
572 440 584 467 3
615 422 662 460 ad
681 431 903 460 extremum
922 435 1030 475 agere
1049 436 1143 460 cum
1162 421 1349 474 dignitate
1369 430 1407 458 et
1426 420 1631 458 venustate.

233 488 365 526 Etiam
399 488 466 526 illa
493 502 703 541 cognoram
734 497 772 526 et
806 501 1041 541 acceperam,
1072 497 1158 526 ante
1190 500 1307 540 quam
1340 486 1386 524 de
1420 499 1458 523 re
1490 486 1634 523 dicere-

234 568 336 599 mus,
351 554 464 592 initio
483 554 745 593 conciliandos
765 568 900 593 eorum
920 554 990 593 effe
1006 554 1169 599 animos,
1191 553 1259 606 qui
1278 553 1476 590 audirent:
1499 551 1636 589 deinde

236 633 318 658 rem
337 620 673 658 demonstrandam
688 639 700 665 3
733 620 859 672 postea
877 620 1170 659 controverslam
1190 617 1498 657 constituendam
1514 636 1526 663 ‚-
1550 627 1637 655 tum

234 685 289 731 id,
321 686 427 738 quod
458 700 527 725 nos
556 686 856 730 intenderemus,
889 685 1200 724 confirmandum
1217 704 1229 730 3
1262 684 1358 738 post,
1391 698 1475 737 quae
1506 693 1638 723 contra

235 751 466 797 dicerentur,
489 751 696 790 refellenda
702 770 714 797 3
736 751 908 790 extrema
927 761 1057 790 autem
1073 752 1244 790 oratione
1263 764 1318 795 ea,
1338 764 1423 802 quae
1442 763 1512 803 pro
1527 749 1637 788 nobis

237 817 366 862 effent,
388 817 657 870 amplificanda
686 826 725 855 et
753 817 927 869 augenda
941 836 953 863 3
986 830 1148 869 quaeque
1168 816 1284 855 ess‘ent
1316 829 1387 869 pro
1407 815 1636 859 adversariis,

235 882 465 921 infirmanda
483 892 598 935 atque
617 881 838 936 frangenda.

290 949 467 986 XXXII.
499 948 710 987 Audieram
731 949 863 994 etiam,
895 962 980 1001 quae
1000 949 1046 987 de
1065 948 1248 987 orationis
1270 947 1384 1000 ipsius
1405 948 1639 986 ornamentis

236 1014 474 1053 traderentur
485 1033 497 1060 ς
519 1016 560 1052 in
580 1028 658 1067 qua
674 1016 896 1068 praecipitur
914 1015 1104 1068 primum,
1123 1024 1165 1053 ut
1185 1028 1279 1068 pure
1299 1024 1337 1053 et
1350 1015 1488 1052 Latine
1504 1014 1639 1066 loqua-

236 1095 328 1120 mur
343 1099 354 1126 3
386 1081 522 1120 deinde
539 1090 582 1120 ut
601 1081 714 1135 plane
733 1091 772 1119 et
791 1082 984 1127 dilucide3
1007 1091 1093 1120 tum
1110 1092 1153 1120 ut
1167 1091 1297 1120 ornate
1310 1099 1321 1125 3
1344 1081 1427 1134 post
1446 1081 1493 1119 ad
1511 1094 1642 1119 rerum

237 1147 468 1199 dignitatem
488 1156 587 1200 apte,
609 1157 647 1186 et
664 1147 766 1200 quafi
782 1147 916 1186 decore
931 1166 943 1193 3
975 1147 1288 1201 singularumque
1307 1160 1436 1185 rerum
1456 1155 1643 1200 praecepta

236 1226 462 1266 cognoram.

296 1281 540 1332 Qinetiam,
562 1293 647 1332 quae
667 1281 836 1319 maxime
856 1282 1008 1334 propria
1022 1280 1138 1319 effent
1154 1290 1309 1325 naturae,
1328 1290 1457 1319 tamen
1473 1279 1534 1318 his
1555 1279 1642 1332 ipsis

238 1355 362 1385 artem
383 1344 558 1384 adhiberi
577 1347 759 1385 videram.
804 1348 910 1386 Nam
931 1348 976 1385 de
996 1348 1156 1392 afflone,
1189 1357 1226 1385 et
1252 1347 1297 1385 de
1318 1347 1507 1385 memoria
1537 1359 1643 1398 quae-

241 1413 331 1451 dam
348 1412 488 1457 brevia,
511 1412 573 1450 sed
590 1427 729 1466 magna
745 1427 837 1451 curn
853 1414 1138 1457 exercitatione,
1156 1422 1344 1466 praecepta
1363 1412 1566 1465 gustatam.
1598 1412 1645 1450 In

240 1477 301 1517 his
322 1479 430 1517 enim
449 1478 528 1517 fere
548 1480 660 1517 rebus
685 1480 813 1518 omnis
840 1480 1000 1517 istorum
1030 1479 1225 1517 artificum
1259 1479 1432 1516 doetrina
1465 1479 1643 1522 versatur,

239 1559 360 1598 quam
379 1559 452 1598 ego
472 1546 498 1584 fi
519 1544 619 1583 nihil
639 1546 766 1584 dicam
784 1546 972 1598 adjuvare,
987 1546 1163 1583 mentiar.
1198 1545 1330 1583 Habet
1343 1545 1448 1583 enim
1469 1545 1646 1596 quaedam

241 1613 345 1666 quafi
365 1613 411 1651 ad
430 1613 764 1651 commonendum
785 1622 987 1657 oratorem,
1019 1613 1098 1665 quo
1129 1612 1301 1664 quidque
1327 1611 1475 1656 referat,
1510 1621 1547 1649 et
1567 1611 1646 1663 quo

242 1679 410 1723 intuens,
432 1678 479 1716 ab
500 1691 558 1722 eo,
582 1678 859 1730 quodcumque
875 1678 944 1715 fibi
964 1678 1215 1731 proposuerit,
1238 1678 1367 1714 minus
1389 1677 1546 1715 aberret.

243 1770 249 1773 -
298 1745 446 1782 Verum
466 1758 538 1796 ego
557 1744 656 1782 hanc
676 1745 758 1782 vim
778 1744 957 1796 intelligo
977 1744 1047 1782 effe
1068 1745 1106 1782 in
1128 1744 1327 1796 praeceptis
1348 1743 1544 1788 omnibus,
1567 1757 1645 1781 non

243 1820 289 1850 ut
308 1824 350 1848 ea
378 1811 496 1848 secuti
530 1820 695 1848 oratores
730 1810 959 1862 eloquentiae
992 1811 1147 1848 laudem
1179 1811 1251 1848 s1nt
1281 1810 1422 1862 adepti,
1454 1810 1529 1854 sed,
1563 1824 1645 1862 quae

244 1877 309 1915 sua
327 1876 461 1929 sponte
481 1874 660 1914 homines
681 1876 904 1928 eloquentes
925 1875 1107 1920 facerent,
1138 1889 1180 1912 ea
1211 1875 1396 1927 quosdam
1427 1875 1643 1919 observaffe,

246 1953 361 1996 atque
382 1942 421 1981 id
441 1942 554 1995 egisse
572 1957 579 1980 :
614 1943 662 1980 fic
683 1942 752 1980 ess'e
784 1956 859 1980 non
881 1942 1142 1994 eloquentiam
1172 1956 1217 1979 ex
1244 1941 1420 1986 artificio,
1442 1942 1503 1979 sed
1523 1941 1644 1980 artifi-

245 2010 354 2047 cium
373 2022 419 2047 ex
441 2009 659 2060 eloquentia
675 2017 834 2051 natum3
858 2007 962 2060 quod
980 2017 1122 2051 tamen,
1143 2017 1184 2045 ut
1203 2016 1289 2044 ante
1307 2007 1401 2051 dixi,
1424 2020 1500 2045 non
1519 2008 1643 2059 ejicio.

246 2075 314 2113 Est
332 2075 452 2119 enim,
483 2075 629 2112 etiamfi
657 2074 786 2112 minus
807 2073 1051 2111 neceffarium
1073 2073 1118 2111 ad
1139 2073 1235 2111 bene
1265 2072 1486 2118 dicendum,
1517 2082 1646 2111 tamen

246 2141 293 2179 ad
312 2140 623 2194 cognoscendum
644 2154 721 2178 non
742 2140 940 2179 illiberale.

302 2209 359 2246 Ea
389 2208 611 2245 exercitatio
642 2207 817 2260 quaedam
838 2207 1072 2260 suscipienda
1092 2206 1200 2244 vobis
1231 2206 1309 2250 est3
1342 2219 1563 2258 quanquam
1584 2219 1648 2243 vos

247 2274 406 2326 quidem
419 2274 654 2326 jampridem
670 2273 753 2311 estis
769 2274 808 2311 in
825 2274 936 2311 cursu
952 2292 963 2318 3
987 2273 1048 2311 sed
1065 2274 1124 2317 iis,
1147 2274 1214 2325 qui
1233 2273 1501 2324 ingrediuntur
1516 2273 1555 2309 in
1572 2272 1644 2309 sta-

249 2340 374 2383 dium,
405 2340 551 2391 quique
581 2353 635 2384 ea,
666 2353 751 2392 quae
782 2339 925 2392 agenda
957 2339 1042 2377 sunt
1069 2340 1108 2377 in
1141 2338 1239 2383 foro,
1272 2349 1454 2390 tanquam
1481 2339 1521 2376 in
1553 2337 1644 2381 acie,

248 2404 401 2458 possunt
431 2406 549 2443 etiam
583 2419 686 2445 nunc
721 2406 992 2444 exercitatione
1025 2405 1126 2458 quafi
1163 2405 1311 2443 ludIcra
1342 2404 1573 2458 praediscere,
1604 2415 1646 2440 ac

250 2470 441 2510 meditari.

323 2538 468 2576 TOM.
500 2537 532 2575 Ι.
1201 2537 1238 2575 Χ-
