2176 2912
481 227 562 266 404
825 215 956 255 DE
1070 217 1542 256 CLARIS

480 308 612 353 etiam,
624 307 752 354 Brute,
767 308 945 362 postulas,
959 323 1082 363 pauca·
1093 310 1279 349 dicemus.
1304 312 1539 363 Qanquam
1551 307 1725 348 facienda
1736 309 1900 349 mentia

481 375 548 420 est,
571 383 615 413 ut
634 376 793 427 quidem
813 375 914 414 mihi
932 377 1096 422 videtur,
1118 377 1619 421 duorumadolescentium,
1641 376 1724 428 qui,
1746 376 1774 415 fi
1793 375 1883 414 diu,

483 441 559 478 tius
580 441 769 487 vixifl'ent,
792 456 974 495 magnam
994 442 1116 481 essent
1129 443 1357 496 eloquentiae
1376 443 1529 481 laudem
1550 442 1760 481 consecuti.

539 508 586 544 C.
612 508 824 546 Curionem
859 518 922 553 te,
969 509 1097 560 inquit
1131 510 1298 553 Brutus,
1328 519 1364 547 et
1404 510 1451 547 C.
1475 509 1675 547 Licinium
1714 506 1907 556 Calvum,

483 571 646 610 arbitror
676 573 815 611 dicere.
875 575 1013 618 R>e6³te2
1049 575 1224 625 inquam,
1267 574 1485 618 arbitra1·is;
1528 588 1697 626 quorum
1723 573 1883 626 quidem

482 638 588 684 alter,
620 640 724 692 quod
758 640 962 677 verisimile
991 640 1154 684 dixisset,
1186 641 1237 677 ita
1254 639 1380 684 facile,
1412 640 1607 691 soluteque
1636 640 1761 678 verbis
1794 640 1881 678 vol-

448 694 451 695 ⁷
482 704 592 742 vebat
623 704 705 742 satis
738 704 933 741 interdum
967 713 1114 749 acutas,
1150 705 1298 742 crebras
1331 705 1489 757 quidem
1520 713 1635 749 certe,
1663 704 1884 750 sententias,

481 779 525 807 ut
546 769 644 808 nihil
665 770 783 822 poffet
803 770 971 808 ornatius
992 770 1076 815 effe,
1107 769 1205 808 nihil
1226 771 1454 823 expeditius.
1514 771 1645 822 Atque
1670 769 1736 808 hic
1756 784 1777 808 a
1795 784 1880 809 ma-

479 836 603 888 gistris
623 849 760 888 parum
794 836 990 874 institutus
1021 846 1196 875 naturam
1228 836 1365 875 habuit
1395 836 1660 875 admirabilem
1680 836 1729 874 ad
1746 836 1879 874 dicen-

481 901 602 947 dum,
627 902 851 940 industriam
872 916 958 940 non?
971 903 1055 940 sum
1075 912 1252 955 expertus
1270 922 1280 948 ;
1304 903 1473 941 studium
1493 912 1595 941 certe
1614 901 1690 940 suit
1708 917 1717 941 ε
1749 903 1831 955 qui,
1853 903 1881 941 fi

479 981 543 1005 me
574 968 704 1005 audire
733 967 920 1012 voluisset,
955 969 1016 1019 (ut
1040 971 1222 1021 coeperat)
1254 968 1433 1014 honores,
1464 982 1581 1021 quam
1611 982 1715 1021 opes,
1746 969 1878 1006 conse-

478 1033 547 1085 qui
567 1033 770 1072 maluiffet.
830 1033 1031 1086 Qidnam
1051 1034 1115 1079 est,
1147 1035 1289 1087 iuquit,
1320 1034 1451 1072 istud?
1488 1043 1526 1072 et
1546 1034 1879 1087 quemadmodum

479 1099 710 1152 distinguis?
743 1100 833 1138 Hoc
854 1100 986 1146 modo,
1017 1101 1191 1153 inquam.
1225 1103 1330 1140 Cum
1349 1100 1471 1139 honos
1492 1101 1537 1138 s1t
1562 1101 1768 1153 praemium
1797 1101 1879 1140 vir-

476 1166 586 1222 tutis,
611 1166 775 1218 judicio,
805 1166 1007 1219 studioque
1036 1167 1183 1204 civium
1203 1167 1373 1205 delatum
1405 1168 1451 1205 ad
1476 1167 1662 1219 aliquem,
1698 1167 1767 1219 qui
1787 1180 1879 1206 eum

477 1230 686 1276 sententiis,
718 1232 786 1284 qui
806 1230 992 1284 suffragiis
1023 1233 1180 1286 adeptus
1201 1233 1252 1271 est
1267 1252 1279 1278 3
1312 1233 1352 1271 is.
1370 1231 1471 1271 mihi
1490 1242 1527 1271 et
1547 1231 1724 1271 honestus
1745 1241 1782 1270 et
1801 1231 1877 1271 ho-

476 1307 631 1335 noratus
665 1298 828 1335 videtur.
876 1298 958 1349 Qi
978 1308 1106 1338 autem
1126 1299 1318 1338 occafione
1338 1299 1478 1352 aliqua,
1509 1299 1625 1338 etiam
1651 1299 1782 1338 invitis
1801 1299 1876 1338 suis

475 1363 639 1408 civibus,
681 1365 811 1401 naecus
846 1364 898 1401 est
931 1365 1154 1418 imperium,
1186 1375 1228 1404 ut
1261 1366 1326 1404 ille
1355 1366 1534 1419 cupiebat
1550 1383 1571 1410 ςι
1592 1364 1698 1403 hunc
1732 1379 1878 1404 nomen

472 1428 629 1468 honoris
660 1431 857 1483 adeptum,
890 1445 967 1469 non
1000 1431 1202 1478 honorem,
1230 1442 1350 1486 puto..
1400 1434 1498 1484 Qae
1518 1433 1545 1471 fi
1564 1432 1631 1470 ille
1655 1433 1785 1470 audire
1804 1446 1875 1471 vo-

473 1496 612 1541 luiffet,
643 1498 815 1535 maxima
844 1511 936 1535 cum
966 1499 1086 1551 gratia
1118 1509 1155 1537 et
1188 1500 1310 1552 gloria
1342 1499 1388 1537 ad
1421 1499 1615 1538 summam
1645 1498 1874 1552 amplitudi-

472 1575 564 1600 nem
597 1562 834 1614 perveniffet,
879 1563 1106 1602 adscendens
1140 1566 1319 1617 gradibus
1355 1565 1659 1617 magistratuum,
1697 1573 1740 1602 ut
1768 1574 1875 1617 pater

472 1629 552 1679 ejus
572 1627 726 1673 fecerat,
758 1638 801 1665 ut
820 1629 960 1680 reliqui
981 1630 1154 1668 clariores
1177 1631 1260 1669 viri.
1321 1632 1420 1682 Qae
1453 1631 1611 1683 quidem
1631 1631 1747 1668 etiam
1780 1644 1874 1669 cum

472 1695 517 1731 P.
543 1694 685 1739 Craffo,
717 1695 780 1732 M.
803 1694 899 1740 filio,
930 1693 1021 1733 cum
1056 1697 1169 1734 initio
1204 1697 1321 1735 aetatis
1353 1697 1398 1734 ad
1429 1698 1641 1735 amicitiam
1675 1697 1710 1734 se
1744 1710 1873 1735 meam

470 1760 701 1806 contulisset,
732 1760 826 1814 saepe
845 1761 958 1814 egisse
978 1777 1040 1801 me
1061 1764 1234 1808 arbitror,
1266 1777 1357 1802 cum
1392 1778 1482 1802 eum
1511 1763 1760 1802 vehementer
1778 1762 1871 1802 hor.-

470 1835 579 1871 tarer‚
612 1836 655 1864 ut
678 1839 761 1864 eam
782 1826 902 1864 laudis
924 1827 1026 1866 viam
1048 1829 1289 1868 refflffimam
1310 1828 1379 1867 esse
1407 1829 1574 1873 duceret,
1607 1842 1724 1881 quam
1745 1829 1870 1881 majo-

470 1905 526 1929 res
548 1893 626 1944 ejus
647 1893 682 1930 ei
703 1893 832 1930 tritam
855 1894 1101 1946 reliquissent.
1139 1896 1232 1933 Erat
1252 1895 1356 1933 enim
1378 1909 1470 1933 cum
1491 1895 1686 1933 institutus
1705 1895 1870 1948 optime,

469 1968 554 1996 tum
588 1958 704 1996 etiam
738 1958 916 2011 perfeete,
947 1961 1135 2013 planeque
1161 1962 1358 2000 eruditus:
1391 1962 1586 2013 ineratque
1611 1970 1647 1999 et
1667 1961 1869 2014 ingenium

467 2024 553 2062 satis
587 2039 683 2070 acre,
714 2034 752 2063 et
784 2026 965 2064 orationis
998 2041 1074 2066 non
1107 2028 1298 2080 inelegans
1333 2028 1472 2080 copia,
1504 2037 1757 2080 praetereaque
1792 2027 1868 2066 fine

467 2091 679 2142 arrogantia
696 2091 819 2143 gravis
840 2091 910 2130 esse
931 2092 1143 2138 videbatur,
1175 2102 1211 2131 et
1232 2094 1307 2131 fine
1325 2093 1481 2145 segnitia
1500 2093 1749 2131 verecundus.
1796 2093 1869 2131 Sed

466 2154 574 2193 hunc
594 2170 750 2208 quoque
769 2157 962 2195 absorbuit
983 2158 1089 2196 aestus
1110 2159 1268 2210 quidam
1289 2171 1365 2197 non
1387 2158 1545 2197 insolitae
1565 2158 1867 2198 adolescentibus

466 2222 625 2273 gloriae3
657 2223 738 2273 qui,
770 2223 859 2274 quia
893 2233 1042 2262 navarat
1074 2225 1183 2262 miles
1207 2238 1360 2277 operam
1388 2225 1623 2277 imperatori,
1656 2225 1865 2278 imperato·-

467 2301 549 2326 rem
580 2287 614 2325 se
643 2288 770 2326 statim
791 2288 860 2326 esse
891 2290 1096 2342 cupiebat3
1129 2292 1192 2328 cui
1212 2291 1365 2329 muneri
1396 2305 1480 2329 mos
1502 2292 1694 2343 majorum
1715 2300 1866 2331 aetatem

466 2362 623 2399 certam,
655 2354 792 2392 sortem
816 2356 1013 2401 incertam,
1036 2356 1204 2409 reliquit.
1253 2358 1308 2395 Ita
1326 2358 1543 2409 graviffimo
1563 2358 1628 2397 suo
1647 2357 1747 2402 casu,
1769 2358 1866 2398 dum

467 2421 559 2472 Cyri
590 2429 627 2458 et
648 2421 857 2460 Alexandri
892 2423 1024 2461 similis
1055 2423 1125 2462 csse
1161 2424 1296 2468 voluit,
1329 2424 1395 2476 qui
1423 2424 1535 2462 suurn
1562 2424 1714 2463 cursum
1743 2424 1864 2462 trans-

463 2495 670 2532 currerant,
701 2497 739 2526 et
759 2489 807 2527 L.
832 2488 948 2527 Crafl]
968 2498 1004 2528 et
1025 2490 1241 2528 multorum
1262 2489 1479 2529 Crassorum
1509 2491 1686 2530 inventus
1713 2490 1765 2528 est
1785 2489 1862 2528 dis-

463 2552 699 2594 fimillimuS.
