<?xml version="1.0" encoding="UTF-8"?>
<!DOCTYPE html PUBLIC "-//W3C//DTD XHTML 1.0 Transitional//EN"
    "http://www.w3.org/TR/xhtml1/DTD/xhtml1-transitional.dtd">
<html xmlns="http://www.w3.org/1999/xhtml" xml:lang="en" lang="en">
 <head>
  <title>
</title>
<meta http-equiv="Content-Type" content="text/html;charset=utf-8" />
  <meta name='ocr-system' content='tesseract 3.04.00' />
  <meta name='ocr-capabilities' content='ocr_page ocr_carea ocr_par ocr_line ocrx_word'/>
</head>
<body>
  <div class='ocr_page' id='page_1' title='image "./operacumindicibu01ciceuoft_0153.png"; bbox 0 0 2176 2912; ppageno 0'>
   <div class='ocr_carea' id='block_1_1' title="bbox 562 197 1671 256">
    <p class='ocr_par' dir='ltr' id='par_1_1' title="bbox 562 197 1671 256">
     <span class='ocr_line' id='line_1_1' title="bbox 562 197 1671 256; baseline 0.002 -16"><span class='ocrx_word' id='word_1_1' title='bbox 562 197 882 240; x_wconf 90' lang='lat' dir='ltr'>LIBER</span> <span class='ocrx_word' id='word_1_2' title='bbox 959 197 1378 239; x_wconf 89' lang='lat' dir='ltr'>PRIMUS.</span> <span class='ocrx_word' id='word_1_3' title='bbox 1598 215 1671 256; x_wconf 84' lang='lat'><strong>143</strong></span> 
     </span>
    </p>
   </div>
   <div class='ocr_carea' id='block_1_2' title="bbox 268 289 1683 2524">
    <p class='ocr_par' dir='ltr' id='par_1_2' title="bbox 268 289 1678 859">
     <span class='ocr_line' id='line_1_2' title="bbox 271 289 1674 345; baseline 0 -13"><span class='ocrx_word' id='word_1_4' title='bbox 271 294 428 345; x_wconf 88' lang='lat' dir='ltr'><strong>vimque</strong></span> <span class='ocrx_word' id='word_1_5' title='bbox 452 305 614 331; x_wconf 89' lang='lat' dir='ltr'><strong>omnem</strong></span> <span class='ocrx_word' id='word_1_6' title='bbox 642 290 914 336; x_wconf 83' lang='lat' dir='ltr'><strong>humanitatis,</strong></span> <span class='ocrx_word' id='word_1_7' title='bbox 946 289 1147 343; x_wconf 84' lang='lat' dir='ltr'>causasque</span> <span class='ocrx_word' id='word_1_8' title='bbox 1171 303 1245 336; x_wconf 81' lang='lat' dir='ltr'><strong>eaS,</strong></span> <span class='ocrx_word' id='word_1_9' title='bbox 1277 291 1420 343; x_wconf 83' lang='lat' dir='ltr'><strong>quibus</strong></span> <span class='ocrx_word' id='word_1_10' title='bbox 1441 303 1591 331; x_wconf 82' lang='lat' dir='ltr'><strong>mentes</strong></span> <span class='ocrx_word' id='word_1_11' title='bbox 1609 304 1674 333; x_wconf 85' lang='lat' dir='ltr'><strong>aut</strong></span> 
     </span>
     <span class='ocr_line' id='line_1_3' title="bbox 269 356 1676 411; baseline 0.001 -15"><span class='ocrx_word' id='word_1_12' title='bbox 269 359 480 396; x_wconf 86' lang='lat' dir='ltr'><strong>incitantur</strong></span> <span class='ocrx_word' id='word_1_13' title='bbox 508 367 573 395; x_wconf 91' lang='lat' dir='ltr'><strong>aut</strong></span> <span class='ocrx_word' id='word_1_14' title='bbox 605 357 868 402; x_wconf 61' lang='lat' dir='ltr'><strong>refieituntur,</strong></span> <span class='ocrx_word' id='word_1_15' title='bbox 899 356 1054 410; x_wconf 88' lang='lat' dir='ltr'><strong>penitus</strong></span> <span class='ocrx_word' id='word_1_16' title='bbox 1080 356 1325 408; x_wconf 82' lang='lat' dir='ltr'><strong>perspexerit,</strong></span> <span class='ocrx_word' id='word_1_17' title='bbox 1357 357 1534 403; x_wconf 89' lang='lat' dir='ltr'><strong>dicendo,</strong></span> <span class='ocrx_word' id='word_1_18' title='bbox 1571 359 1676 411; x_wconf 90' lang='lat' dir='ltr'><strong>quod</strong></span> 
     </span>
     <span class='ocr_line' id='line_1_4' title="bbox 269 421 1676 477; baseline 0.001 -16"><span class='ocrx_word' id='word_1_19' title='bbox 269 425 387 469; x_wconf 88' lang='lat' dir='ltr'><strong>volet,</strong></span> <span class='ocrx_word' id='word_1_20' title='bbox 412 423 595 476; x_wconf 89' lang='lat' dir='ltr'><strong>perficere</strong></span> <span class='ocrx_word' id='word_1_21' title='bbox 613 437 693 461; x_wconf 89' lang='lat' dir='ltr'><strong>non</strong></span> <span class='ocrx_word' id='word_1_22' title='bbox 714 423 871 475; x_wconf 84' lang='lat' dir='ltr'><strong>poterit.</strong></span> <span class='ocrx_word' id='word_1_23' title='bbox 917 422 1047 475; x_wconf 81' lang='lat' dir='ltr'><strong>-Atqui</strong></span> <span class='ocrx_word' id='word_1_24' title='bbox 1068 431 1171 460; x_wconf 86' lang='lat' dir='ltr'><strong>totus</strong></span> <span class='ocrx_word' id='word_1_25' title='bbox 1201 421 1267 460; x_wconf 88' lang='lat' dir='ltr'><strong>hic</strong></span> <span class='ocrx_word' id='word_1_26' title='bbox 1288 423 1396 460; x_wconf 84' lang='lat' dir='ltr'><strong>locus</strong></span> <span class='ocrx_word' id='word_1_27' title='bbox 1419 423 1676 477; x_wconf 82' lang='lat' dir='ltr'><strong>Philosopho-</strong></span> 
     </span>
     <span class='ocr_line' id='line_1_5' title="bbox 268 490 1678 543; baseline 0 -15"><span class='ocrx_word' id='word_1_28' title='bbox 268 504 357 528; x_wconf 84' lang='lat' dir='ltr'><strong>rum</strong></span> <span class='ocrx_word' id='word_1_29' title='bbox 377 500 534 543; x_wconf 88' lang='lat' dir='ltr'><strong>putatur</strong></span> <span class='ocrx_word' id='word_1_30' title='bbox 553 490 731 542; x_wconf 88' lang='lat' dir='ltr'><strong>proprius</strong></span> <span class='ocrx_word' id='word_1_31' title='bbox 744 508 756 534; x_wconf 80' lang='lat'>3</span> <span class='ocrx_word' id='word_1_32' title='bbox 780 502 905 541; x_wconf 89' lang='lat' dir='ltr'><strong>neque</strong></span> <span class='ocrx_word' id='word_1_33' title='bbox 921 498 1062 533; x_wconf 85' lang='lat' dir='ltr'><strong>orator,</strong></span> <span class='ocrx_word' id='word_1_34' title='bbox 1081 502 1143 526; x_wconf 88' lang='lat' dir='ltr'><strong>me</strong></span> <span class='ocrx_word' id='word_1_35' title='bbox 1158 490 1326 533; x_wconf 62' lang='lat' dir='ltr'><strong>auftore,</strong></span> <span class='ocrx_word' id='word_1_36' title='bbox 1341 502 1514 541; x_wconf 87' lang='lat' dir='ltr'><strong>unquam</strong></span> <span class='ocrx_word' id='word_1_37' title='bbox 1534 504 1678 542; x_wconf 67' lang='lat' dir='ltr'><strong>repug-</strong></span> 
     </span>
     <span class='ocr_line' id='line_1_6' title="bbox 269 554 1676 607; baseline -0.001 -13"><span class='ocrx_word' id='word_1_38' title='bbox 269 556 401 594; x_wconf 87' lang='lat' dir='ltr'>nabit:</span> <span class='ocrx_word' id='word_1_39' title='bbox 433 555 510 600; x_wconf 86' lang='lat' dir='ltr'><strong>sed,</strong></span> <span class='ocrx_word' id='word_1_40' title='bbox 542 569 635 593; x_wconf 89' lang='lat' dir='ltr'><strong>cum</strong></span> <span class='ocrx_word' id='word_1_41' title='bbox 666 555 743 593; x_wconf 86' lang='lat' dir='ltr'><strong>illis</strong></span> <span class='ocrx_word' id='word_1_42' title='bbox 779 555 1047 607; x_wconf 86' lang='lat' dir='ltr'><strong>cognitionem</strong></span> <span class='ocrx_word' id='word_1_43' title='bbox 1080 568 1209 592; x_wconf 89' lang='lat' dir='ltr'><strong>rerum</strong></span> <span class='ocrx_word' id='word_1_44' title='bbox 1240 554 1477 599; x_wconf 82' lang='lat' dir='ltr'><strong>concefferit,</strong></span> <span class='ocrx_word' id='word_1_45' title='bbox 1511 555 1616 607; x_wconf 76' lang='lat' dir='ltr'><strong>quod</strong></span> <span class='ocrx_word' id='word_1_46' title='bbox 1637 557 1676 594; x_wconf 79' lang='lat' dir='ltr'><strong>in</strong></span> 
     </span>
     <span class='ocr_line' id='line_1_7' title="bbox 268 620 1678 672; baseline -0.001 -12"><span class='ocrx_word' id='word_1_47' title='bbox 268 635 312 660; x_wconf 89' lang='lat' dir='ltr'><strong>ea</strong></span> <span class='ocrx_word' id='word_1_48' title='bbox 332 620 457 661; x_wconf 72' lang='lat' dir='ltr'><strong>solum</strong></span> <span class='ocrx_word' id='word_1_49' title='bbox 477 622 535 660; x_wconf 90' lang='lat' dir='ltr'><strong>illi</strong></span> <span class='ocrx_word' id='word_1_50' title='bbox 556 622 750 660; x_wconf 87' lang='lat' dir='ltr'><strong>voluerint</strong></span> <span class='ocrx_word' id='word_1_51' title='bbox 770 621 976 666; x_wconf 87' lang='lat' dir='ltr'><strong>elaborare,</strong></span> <span class='ocrx_word' id='word_1_52' title='bbox 998 622 1265 659; x_wconf 64' lang='lat' dir='ltr'><strong>traetationem</strong></span> <span class='ocrx_word' id='word_1_53' title='bbox 1282 621 1478 665; x_wconf 86' lang='lat' dir='ltr'><strong>orationis,</strong></span> <span class='ocrx_word' id='word_1_54' title='bbox 1497 635 1581 672; x_wconf 84' lang='lat' dir='ltr'><strong>quae</strong></span> <span class='ocrx_word' id='word_1_55' title='bbox 1602 622 1678 659; x_wconf 85' lang='lat' dir='ltr'><strong>fine</strong></span> 
     </span>
     <span class='ocr_line' id='line_1_8' title="bbox 270 686 1676 740; baseline -0.001 -14"><span class='ocrx_word' id='word_1_56' title='bbox 270 689 336 726; x_wconf 85' lang='lat' dir='ltr'><strong>illa</strong></span> <span class='ocrx_word' id='word_1_57' title='bbox 351 689 510 727; x_wconf 82' lang='lat' dir='ltr'><strong>scientia</strong></span> <span class='ocrx_word' id='word_1_58' title='bbox 529 689 636 726; x_wconf 88' lang='lat' dir='ltr'><strong>nulla</strong></span> <span class='ocrx_word' id='word_1_59' title='bbox 655 688 721 732; x_wconf 90' lang='lat' dir='ltr'><strong>est,</strong></span> <span class='ocrx_word' id='word_1_60' title='bbox 752 688 823 725; x_wconf 88' lang='lat' dir='ltr'><strong>fibi</strong></span> <span class='ocrx_word' id='word_1_61' title='bbox 842 686 1017 725; x_wconf 74' lang='lat' dir='ltr'><strong>assumet.</strong></span> <span class='ocrx_word' id='word_1_62' title='bbox 1061 688 1152 726; x_wconf 90' lang='lat' dir='ltr'><strong>Hoc</strong></span> <span class='ocrx_word' id='word_1_63' title='bbox 1173 687 1279 726; x_wconf 89' lang='lat' dir='ltr'><strong>enirn</strong></span> <span class='ocrx_word' id='word_1_64' title='bbox 1300 687 1352 725; x_wconf 89' lang='lat' dir='ltr'><strong>est</strong></span> <span class='ocrx_word' id='word_1_65' title='bbox 1370 689 1572 740; x_wconf 83' lang='lat' dir='ltr'><strong>proprium</strong></span> <span class='ocrx_word' id='word_1_66' title='bbox 1592 702 1676 725; x_wconf 88' lang='lat' dir='ltr'><strong>ora-</strong></span> 
     </span>
     <span class='ocr_line' id='line_1_9' title="bbox 271 753 1678 807; baseline -0.001 -15"><span class='ocrx_word' id='word_1_67' title='bbox 271 756 378 799; x_wconf 88' lang='lat' dir='ltr'><strong>toris,</strong></span> <span class='ocrx_word' id='word_1_68' title='bbox 411 755 516 807; x_wconf 89' lang='lat' dir='ltr'><strong>quod</strong></span> <span class='ocrx_word' id='word_1_69' title='bbox 537 755 630 806; x_wconf 79' lang='lat' dir='ltr'><strong>saepe</strong></span> <span class='ocrx_word' id='word_1_70' title='bbox 655 755 737 806; x_wconf 86' lang='lat' dir='ltr'><strong>jam</strong></span> <span class='ocrx_word' id='word_1_71' title='bbox 759 754 854 798; x_wconf 83' lang='lat' dir='ltr'>dixi,</span> <span class='ocrx_word' id='word_1_72' title='bbox 885 754 1008 792; x_wconf 87' lang='lat' dir='ltr'><strong>oratio</strong></span> <span class='ocrx_word' id='word_1_73' title='bbox 1029 754 1152 806; x_wconf 86' lang='lat' dir='ltr'><strong>gravis</strong></span> <span class='ocrx_word' id='word_1_74' title='bbox 1170 763 1211 792; x_wconf 84' lang='lat' dir='ltr'><strong>et</strong></span> <span class='ocrx_word' id='word_1_75' title='bbox 1231 764 1374 799; x_wconf 89' lang='lat' dir='ltr'><strong>ornata,</strong></span> <span class='ocrx_word' id='word_1_76' title='bbox 1411 764 1448 792; x_wconf 90' lang='lat' dir='ltr'><strong>et</strong></span> <span class='ocrx_word' id='word_1_77' title='bbox 1468 753 1678 792; x_wconf 86' lang='lat' dir='ltr'><strong>hominurn</strong></span> 
     </span>
     <span class='ocr_line' id='line_1_10' title="bbox 271 820 1044 859; baseline -0.001 0"><span class='ocrx_word' id='word_1_78' title='bbox 271 821 436 859; x_wconf 84' lang='lat' dir='ltr'><strong>senfibus</strong></span> <span class='ocrx_word' id='word_1_79' title='bbox 458 834 499 859; x_wconf 87' lang='lat' dir='ltr'><strong>ac</strong></span> <span class='ocrx_word' id='word_1_80' title='bbox 520 821 717 859; x_wconf 85' lang='lat' dir='ltr'><strong>mentibus</strong></span> <span class='ocrx_word' id='word_1_81' title='bbox 739 820 1044 859; x_wconf 83' lang='lat' dir='ltr'><strong>accommodata.</strong></span> 
     </span>
    </p>

    <p class='ocr_par' dir='ltr' id='par_1_3' title="bbox 269 885 1683 2180">
     <span class='ocr_line' id='line_1_11' title="bbox 326 885 1680 939; baseline -0.001 -14"><span class='ocrx_word' id='word_1_82' title='bbox 326 888 440 925; x_wconf 91' lang='lat' dir='ltr'>XIII.</span> <span class='ocrx_word' id='word_1_83' title='bbox 464 886 620 938; x_wconf 84' lang='lat' dir='ltr'><strong>Qibus</strong></span> <span class='ocrx_word' id='word_1_84' title='bbox 641 886 688 923; x_wconf 88' lang='lat' dir='ltr'><strong>de</strong></span> <span class='ocrx_word' id='word_1_85' title='bbox 707 886 820 924; x_wconf 88' lang='lat' dir='ltr'><strong>rebus</strong></span> <span class='ocrx_word' id='word_1_86' title='bbox 837 886 1087 924; x_wconf 89' lang='lat' dir='ltr'><strong>Aristotelem</strong></span> <span class='ocrx_word' id='word_1_87' title='bbox 1114 895 1152 924; x_wconf 87' lang='lat' dir='ltr'><strong>et</strong></span> <span class='ocrx_word' id='word_1_88' title='bbox 1166 885 1480 939; x_wconf 87' lang='lat' dir='ltr'><strong>Theophrastum</strong></span> <span class='ocrx_word' id='word_1_89' title='bbox 1502 886 1680 939; x_wconf 84' lang='lat' dir='ltr'><strong>scripfiffe</strong></span> 
     </span>
     <span class='ocr_line' id='line_1_12' title="bbox 271 951 1678 1006; baseline 0.001 -16"><span class='ocrx_word' id='word_1_90' title='bbox 271 951 408 992; x_wconf 89' lang='lat' dir='ltr'><strong>fateor.</strong></span> <span class='ocrx_word' id='word_1_91' title='bbox 456 953 528 991; x_wconf 87' lang='lat' dir='ltr'><strong>Sed</strong></span> <span class='ocrx_word' id='word_1_92' title='bbox 547 952 646 997; x_wconf 88' lang='lat' dir='ltr'><strong>vide,</strong></span> <span class='ocrx_word' id='word_1_93' title='bbox 675 966 722 990; x_wconf 93' lang='lat' dir='ltr'><strong>ne</strong></span> <span class='ocrx_word' id='word_1_94' title='bbox 743 951 832 997; x_wconf 90' lang='lat' dir='ltr'><strong>hoc,</strong></span> <span class='ocrx_word' id='word_1_95' title='bbox 869 953 1048 997; x_wconf 83' lang='lat' dir='ltr'><strong>Scaevola,</strong></span> <span class='ocrx_word' id='word_1_96' title='bbox 1071 962 1200 991; x_wconf 88' lang='lat' dir='ltr'><strong>totum</strong></span> <span class='ocrx_word' id='word_1_97' title='bbox 1220 953 1265 990; x_wconf 90' lang='lat' dir='ltr'><strong>fit</strong></span> <span class='ocrx_word' id='word_1_98' title='bbox 1285 967 1305 990; x_wconf 91' lang='lat' dir='ltr'><strong>a</strong></span> <span class='ocrx_word' id='word_1_99' title='bbox 1325 966 1401 991; x_wconf 90' lang='lat' dir='ltr'><strong>me.</strong></span> <span class='ocrx_word' id='word_1_100' title='bbox 1463 954 1569 992; x_wconf 87' lang='lat' dir='ltr'><strong>Nam</strong></span> <span class='ocrx_word' id='word_1_101' title='bbox 1591 966 1678 1006; x_wconf 87' lang='lat' dir='ltr'><strong>ego,</strong></span> 
     </span>
     <span class='ocr_line' id='line_1_13' title="bbox 269 1018 1677 1072; baseline -0.001 -15"><span class='ocrx_word' id='word_1_102' title='bbox 269 1032 356 1072; x_wconf 86' lang='lat' dir='ltr'><strong>quae</strong></span> <span class='ocrx_word' id='word_1_103' title='bbox 376 1019 463 1057; x_wconf 88' lang='lat' dir='ltr'><strong>sunt</strong></span> <span class='ocrx_word' id='word_1_104' title='bbox 486 1019 625 1057; x_wconf 88' lang='lat' dir='ltr'><strong>oratori</strong></span> <span class='ocrx_word' id='word_1_105' title='bbox 645 1031 739 1056; x_wconf 90' lang='lat' dir='ltr'><strong>cum</strong></span> <span class='ocrx_word' id='word_1_106' title='bbox 759 1019 836 1056; x_wconf 84' lang='lat' dir='ltr'><strong>illis</strong></span> <span class='ocrx_word' id='word_1_107' title='bbox 853 1018 1094 1063; x_wconf 86' lang='lat' dir='ltr'><strong>communia,</strong></span> <span class='ocrx_word' id='word_1_108' title='bbox 1118 1032 1196 1056; x_wconf 90' lang='lat' dir='ltr'><strong>non</strong></span> <span class='ocrx_word' id='word_1_109' title='bbox 1217 1028 1376 1056; x_wconf 89' lang='lat' dir='ltr'><strong>mutuor</strong></span> <span class='ocrx_word' id='word_1_110' title='bbox 1396 1019 1442 1056; x_wconf 89' lang='lat' dir='ltr'><strong>ab</strong></span> <span class='ocrx_word' id='word_1_111' title='bbox 1464 1019 1541 1056; x_wconf 88' lang='lat' dir='ltr'><strong>illis</strong></span> <span class='ocrx_word' id='word_1_112' title='bbox 1558 1037 1569 1064; x_wconf 89' lang='lat'>;</span> <span class='ocrx_word' id='word_1_113' title='bbox 1601 1019 1677 1064; x_wconf 89' lang='lat' dir='ltr'><strong>isti,</strong></span> 
     </span>
     <span class='ocr_line' id='line_1_14' title="bbox 271 1084 1679 1138; baseline 0 -16"><span class='ocrx_word' id='word_1_114' title='bbox 271 1099 356 1137; x_wconf 84' lang='lat' dir='ltr'><strong>quae</strong></span> <span class='ocrx_word' id='word_1_115' title='bbox 377 1085 423 1123; x_wconf 89' lang='lat' dir='ltr'><strong>de</strong></span> <span class='ocrx_word' id='word_1_116' title='bbox 442 1084 502 1123; x_wconf 84' lang='lat' dir='ltr'><strong>his</strong></span> <span class='ocrx_word' id='word_1_117' title='bbox 523 1085 636 1122; x_wconf 76' lang='lat' dir='ltr'><strong>rebus</strong></span> <span class='ocrx_word' id='word_1_118' title='bbox 657 1084 866 1138; x_wconf 89' lang='lat' dir='ltr'><strong>disputant,</strong></span> <span class='ocrx_word' id='word_1_119' title='bbox 888 1094 1085 1123; x_wconf 91' lang='lat' dir='ltr'><strong>oratorum</strong></span> <span class='ocrx_word' id='word_1_120' title='bbox 1106 1084 1176 1123; x_wconf 85' lang='lat' dir='ltr'><strong>effe</strong></span> <span class='ocrx_word' id='word_1_121' title='bbox 1193 1085 1425 1123; x_wconf 89' lang='lat' dir='ltr'><strong>concedunt.</strong></span> <span class='ocrx_word' id='word_1_122' title='bbox 1449 1086 1584 1137; x_wconf 90' lang='lat' dir='ltr'><strong>Itaque</strong></span> <span class='ocrx_word' id='word_1_123' title='bbox 1603 1099 1679 1123; x_wconf 84' lang='lat' dir='ltr'><strong>cae-</strong></span> 
     </span>
     <span class='ocr_line' id='line_1_15' title="bbox 271 1150 1680 1196; baseline 0.001 -7"><span class='ocrx_word' id='word_1_124' title='bbox 271 1161 370 1189; x_wconf 83' lang='lat' dir='ltr'><strong>teros</strong></span> <span class='ocrx_word' id='word_1_125' title='bbox 391 1151 525 1196; x_wconf 85' lang='lat' dir='ltr'><strong>libros,</strong></span> <span class='ocrx_word' id='word_1_126' title='bbox 556 1152 646 1190; x_wconf 83' lang='lat' dir='ltr'><strong>artis</strong></span> <span class='ocrx_word' id='word_1_127' title='bbox 667 1152 729 1189; x_wconf 88' lang='lat' dir='ltr'><strong>isti</strong></span> <span class='ocrx_word' id='word_1_128' title='bbox 749 1151 822 1189; x_wconf 86' lang='lat' dir='ltr'><strong>suae</strong></span> <span class='ocrx_word' id='word_1_129' title='bbox 842 1152 1014 1196; x_wconf 85' lang='lat' dir='ltr'><strong>nomine,</strong></span> <span class='ocrx_word' id='word_1_130' title='bbox 1037 1150 1123 1196; x_wconf 82' lang='lat' dir='ltr'><strong>hos,</strong></span> <span class='ocrx_word' id='word_1_131' title='bbox 1157 1150 1388 1190; x_wconf 82' lang='lat' dir='ltr'><strong>Rhetoricos</strong></span> <span class='ocrx_word' id='word_1_132' title='bbox 1406 1161 1444 1189; x_wconf 92' lang='lat' dir='ltr'><strong>et</strong></span> <span class='ocrx_word' id='word_1_133' title='bbox 1464 1151 1680 1190; x_wconf 88' lang='lat' dir='ltr'><strong>inscribunt</strong></span> 
     </span>
     <span class='ocr_line' id='line_1_16' title="bbox 271 1217 1681 1270; baseline 0.001 -16"><span class='ocrx_word' id='word_1_134' title='bbox 271 1227 310 1254; x_wconf 91' lang='lat' dir='ltr'><strong>et</strong></span> <span class='ocrx_word' id='word_1_135' title='bbox 330 1217 538 1270; x_wconf 86' lang='lat' dir='ltr'><strong>appellant.</strong></span> <span class='ocrx_word' id='word_1_136' title='bbox 589 1218 749 1255; x_wconf 87' lang='lat' dir='ltr'><strong>Etenim</strong></span> <span class='ocrx_word' id='word_1_137' title='bbox 770 1231 862 1255; x_wconf 88' lang='lat' dir='ltr'><strong>cum</strong></span> <span class='ocrx_word' id='word_1_138' title='bbox 894 1218 953 1255; x_wconf 91' lang='lat' dir='ltr'><strong>illi</strong></span> <span class='ocrx_word' id='word_1_139' title='bbox 974 1218 1013 1255; x_wconf 90' lang='lat' dir='ltr'><strong>in</strong></span> <span class='ocrx_word' id='word_1_140' title='bbox 1034 1218 1199 1256; x_wconf 88' lang='lat' dir='ltr'><strong>dicendo</strong></span> <span class='ocrx_word' id='word_1_141' title='bbox 1220 1219 1426 1256; x_wconf 89' lang='lat' dir='ltr'><strong>inciderint</strong></span> <span class='ocrx_word' id='word_1_142' title='bbox 1447 1218 1525 1256; x_wconf 88' lang='lat' dir='ltr'><strong>loci</strong></span> <span class='ocrx_word' id='word_1_143' title='bbox 1557 1217 1681 1270; x_wconf 87' lang='lat' dir='ltr'><strong>(quod</strong></span> 
     </span>
     <span class='ocr_line' id='line_1_17' title="bbox 274 1283 1680 1336; baseline 0.001 -16"><span class='ocrx_word' id='word_1_144' title='bbox 274 1283 437 1336; x_wconf 82' lang='lat' dir='ltr'><strong>persaepe</strong></span> <span class='ocrx_word' id='word_1_145' title='bbox 457 1283 601 1334; x_wconf 83' lang='lat' dir='ltr'><strong>evenit)</strong></span> <span class='ocrx_word' id='word_1_146' title='bbox 635 1292 677 1321; x_wconf 92' lang='lat' dir='ltr'><strong>ut</strong></span> <span class='ocrx_word' id='word_1_147' title='bbox 698 1283 744 1320; x_wconf 90' lang='lat' dir='ltr'><strong>de</strong></span> <span class='ocrx_word' id='word_1_148' title='bbox 759 1284 847 1321; x_wconf 85' lang='lat' dir='ltr'><strong>Diis</strong></span> <span class='ocrx_word' id='word_1_149' title='bbox 867 1284 1171 1329; x_wconf 83' lang='lat' dir='ltr'><strong>immortalibus,</strong></span> <span class='ocrx_word' id='word_1_150' title='bbox 1203 1284 1250 1322; x_wconf 90' lang='lat' dir='ltr'><strong>de</strong></span> <span class='ocrx_word' id='word_1_151' title='bbox 1270 1285 1424 1336; x_wconf 88' lang='lat' dir='ltr'><strong>pietate,</strong></span> <span class='ocrx_word' id='word_1_152' title='bbox 1448 1284 1495 1322; x_wconf 91' lang='lat' dir='ltr'><strong>de</strong></span> <span class='ocrx_word' id='word_1_153' title='bbox 1515 1297 1680 1322; x_wconf 84' lang='lat' dir='ltr'><strong>concor-</strong></span> 
     </span>
     <span class='ocr_line' id='line_1_18' title="bbox 271 1349 1680 1403; baseline 0.001 -17"><span class='ocrx_word' id='word_1_154' title='bbox 271 1350 348 1394; x_wconf 81' lang='lat' dir='ltr'><strong>dia,</strong></span> <span class='ocrx_word' id='word_1_155' title='bbox 381 1349 427 1386; x_wconf 94' lang='lat' dir='ltr'><strong>de</strong></span> <span class='ocrx_word' id='word_1_156' title='bbox 461 1349 644 1394; x_wconf 81' lang='lat' dir='ltr'><strong>amicitia,</strong></span> <span class='ocrx_word' id='word_1_157' title='bbox 677 1350 723 1387; x_wconf 91' lang='lat' dir='ltr'><strong>de</strong></span> <span class='ocrx_word' id='word_1_158' title='bbox 753 1350 956 1388; x_wconf 85' lang='lat' dir='ltr'><strong>communi</strong></span> <span class='ocrx_word' id='word_1_159' title='bbox 990 1350 1151 1394; x_wconf 88' lang='lat' dir='ltr'><strong>civium,</strong></span> <span class='ocrx_word' id='word_1_160' title='bbox 1183 1351 1229 1387; x_wconf 92' lang='lat' dir='ltr'><strong>de</strong></span> <span class='ocrx_word' id='word_1_161' title='bbox 1248 1349 1473 1395; x_wconf 90' lang='lat' dir='ltr'><strong>hominum,</strong></span> <span class='ocrx_word' id='word_1_162' title='bbox 1505 1350 1551 1388; x_wconf 90' lang='lat' dir='ltr'><strong>de</strong></span> <span class='ocrx_word' id='word_1_163' title='bbox 1582 1364 1680 1403; x_wconf 87' lang='lat' dir='ltr'><strong>gen-</strong></span> 
     </span>
     <span class='ocr_line' id='line_1_19' title="bbox 273 1415 1680 1468; baseline 0.001 -15"><span class='ocrx_word' id='word_1_164' title='bbox 273 1417 374 1453; x_wconf 89' lang='lat' dir='ltr'><strong>tium</strong></span> <span class='ocrx_word' id='word_1_165' title='bbox 389 1417 488 1467; x_wconf 86' lang='lat' dir='ltr'><strong>jure,</strong></span> <span class='ocrx_word' id='word_1_166' title='bbox 520 1415 567 1452; x_wconf 90' lang='lat' dir='ltr'><strong>de</strong></span> <span class='ocrx_word' id='word_1_167' title='bbox 594 1416 784 1467; x_wconf 87' lang='lat' dir='ltr'><strong>aequitate,</strong></span> <span class='ocrx_word' id='word_1_168' title='bbox 817 1416 862 1453; x_wconf 91' lang='lat' dir='ltr'><strong>de</strong></span> <span class='ocrx_word' id='word_1_169' title='bbox 883 1417 1148 1468; x_wconf 85' lang='lat' dir='ltr'><strong>temperantia,</strong></span> <span class='ocrx_word' id='word_1_170' title='bbox 1180 1416 1227 1454; x_wconf 89' lang='lat' dir='ltr'><strong>de</strong></span> <span class='ocrx_word' id='word_1_171' title='bbox 1247 1416 1516 1468; x_wconf 84' lang='lat' dir='ltr'><strong>magnitudine</strong></span> <span class='ocrx_word' id='word_1_172' title='bbox 1543 1416 1680 1461; x_wconf 90' lang='lat' dir='ltr'><strong>animi,</strong></span> 
     </span>
     <span class='ocr_line' id='line_1_20' title="bbox 273 1482 1679 1534; baseline 0.001 -15"><span class='ocrx_word' id='word_1_173' title='bbox 273 1483 320 1519; x_wconf 90' lang='lat' dir='ltr'><strong>de</strong></span> <span class='ocrx_word' id='word_1_174' title='bbox 349 1482 458 1520; x_wconf 86' lang='lat' dir='ltr'><strong>omni</strong></span> <span class='ocrx_word' id='word_1_175' title='bbox 479 1482 631 1519; x_wconf 84' lang='lat' dir='ltr'><strong>virtutis</strong></span> <span class='ocrx_word' id='word_1_176' title='bbox 652 1495 789 1534; x_wconf 84' lang='lat' dir='ltr'><strong>genere</strong></span> <span class='ocrx_word' id='word_1_177' title='bbox 816 1482 860 1519; x_wconf 87' lang='lat' dir='ltr'><strong>fit</strong></span> <span class='ocrx_word' id='word_1_178' title='bbox 890 1482 1128 1526; x_wconf 85' lang='lat' dir='ltr'><strong>dicendum;</strong></span> <span class='ocrx_word' id='word_1_179' title='bbox 1161 1482 1398 1527; x_wconf 88' lang='lat' dir='ltr'><strong>clamabunt,</strong></span> <span class='ocrx_word' id='word_1_180' title='bbox 1430 1483 1558 1527; x_wconf 88' lang='lat' dir='ltr'><strong>credo,</strong></span> <span class='ocrx_word' id='word_1_181' title='bbox 1590 1496 1679 1521; x_wconf 93' lang='lat' dir='ltr'><strong>om-</strong></span> 
     </span>
     <span class='ocr_line' id='line_1_21' title="bbox 273 1547 1683 1601; baseline 0.001 -15"><span class='ocrx_word' id='word_1_182' title='bbox 273 1549 337 1586; x_wconf 83' lang='lat' dir='ltr'><strong>nia</strong></span> <span class='ocrx_word' id='word_1_183' title='bbox 355 1548 563 1601; x_wconf 76' lang='lat' dir='ltr'><strong>gymnasia,</strong></span> <span class='ocrx_word' id='word_1_184' title='bbox 586 1558 700 1600; x_wconf 87' lang='lat' dir='ltr'><strong>atque</strong></span> <span class='ocrx_word' id='word_1_185' title='bbox 721 1561 857 1585; x_wconf 89' lang='lat' dir='ltr'><strong>omnes</strong></span> <span class='ocrx_word' id='word_1_186' title='bbox 880 1547 1207 1600; x_wconf 86' lang='lat' dir='ltr'><strong>Philosophorum</strong></span> <span class='ocrx_word' id='word_1_187' title='bbox 1236 1548 1387 1592; x_wconf 80' lang='lat' dir='ltr'><strong>scholae,</strong></span> <span class='ocrx_word' id='word_1_188' title='bbox 1423 1549 1486 1586; x_wconf 86' lang='lat' dir='ltr'><strong>sua</strong></span> <span class='ocrx_word' id='word_1_189' title='bbox 1506 1548 1587 1587; x_wconf 84' lang='lat' dir='ltr'><strong>haec</strong></span> <span class='ocrx_word' id='word_1_190' title='bbox 1611 1548 1683 1587; x_wconf 82' lang='lat' dir='ltr'><strong>effe</strong></span> 
     </span>
     <span class='ocr_line' id='line_1_22' title="bbox 273 1614 1681 1667; baseline 0 -15"><span class='ocrx_word' id='word_1_191' title='bbox 273 1616 404 1653; x_wconf 84' lang='lat' dir='ltr'><strong>omnia</strong></span> <span class='ocrx_word' id='word_1_192' title='bbox 440 1615 604 1667; x_wconf 82' lang='lat' dir='ltr'><strong>propria,</strong></span> <span class='ocrx_word' id='word_1_193' title='bbox 637 1614 737 1652; x_wconf 92' lang='lat' dir='ltr'><strong>nihil</strong></span> <span class='ocrx_word' id='word_1_194' title='bbox 772 1615 934 1652; x_wconf 90' lang='lat' dir='ltr'><strong>omnino</strong></span> <span class='ocrx_word' id='word_1_195' title='bbox 966 1614 1012 1651; x_wconf 86' lang='lat' dir='ltr'><strong>ad</strong></span> <span class='ocrx_word' id='word_1_196' title='bbox 1043 1624 1232 1652; x_wconf 83' lang='lat' dir='ltr'><strong>oratorem</strong></span> <span class='ocrx_word' id='word_1_197' title='bbox 1260 1615 1462 1667; x_wconf 88' lang='lat' dir='ltr'><strong>pertinere.</strong></span> <span class='ocrx_word' id='word_1_198' title='bbox 1524 1615 1681 1666; x_wconf 85' lang='lat' dir='ltr'><strong>Qibus</strong></span> 
     </span>
     <span class='ocr_line' id='line_1_23' title="bbox 274 1680 1682 1733; baseline 0 -15"><span class='ocrx_word' id='word_1_199' title='bbox 274 1695 360 1733; x_wconf 82' lang='lat' dir='ltr'><strong>ego,</strong></span> <span class='ocrx_word' id='word_1_200' title='bbox 392 1692 435 1719; x_wconf 88' lang='lat' dir='ltr'><strong>ut</strong></span> <span class='ocrx_word' id='word_1_201' title='bbox 455 1681 500 1718; x_wconf 85' lang='lat' dir='ltr'><strong>de</strong></span> <span class='ocrx_word' id='word_1_202' title='bbox 520 1680 580 1718; x_wconf 84' lang='lat' dir='ltr'><strong>his</strong></span> <span class='ocrx_word' id='word_1_203' title='bbox 613 1682 727 1719; x_wconf 86' lang='lat' dir='ltr'><strong>rebus</strong></span> <span class='ocrx_word' id='word_1_204' title='bbox 757 1681 940 1719; x_wconf 88' lang='lat' dir='ltr'><strong>omnibus</strong></span> <span class='ocrx_word' id='word_1_205' title='bbox 960 1681 999 1719; x_wconf 89' lang='lat' dir='ltr'><strong>in</strong></span> <span class='ocrx_word' id='word_1_206' title='bbox 1027 1682 1176 1733; x_wconf 82' lang='lat' dir='ltr'><strong>angulis</strong></span> <span class='ocrx_word' id='word_1_207' title='bbox 1198 1681 1449 1719; x_wconf 85' lang='lat' dir='ltr'><strong>consumendi</strong></span> <span class='ocrx_word' id='word_1_208' title='bbox 1480 1682 1551 1719; x_wconf 85' lang='lat' dir='ltr'><strong>otii</strong></span> <span class='ocrx_word' id='word_1_209' title='bbox 1572 1680 1682 1719; x_wconf 67' lang='lat' dir='ltr'><strong>causa</strong></span> 
     </span>
     <span class='ocr_line' id='line_1_24' title="bbox 272 1747 1678 1791; baseline 0 -7"><span class='ocrx_word' id='word_1_210' title='bbox 272 1747 464 1791; x_wconf 81' lang='lat' dir='ltr'><strong>differant,</strong></span> <span class='ocrx_word' id='word_1_211' title='bbox 498 1760 591 1784; x_wconf 89' lang='lat' dir='ltr'><strong>cum</strong></span> <span class='ocrx_word' id='word_1_212' title='bbox 611 1747 839 1791; x_wconf 73' lang='lat' dir='ltr'><strong>concessero,</strong></span> <span class='ocrx_word' id='word_1_213' title='bbox 876 1747 975 1784; x_wconf 90' lang='lat' dir='ltr'><strong>illud</strong></span> <span class='ocrx_word' id='word_1_214' title='bbox 996 1756 1125 1784; x_wconf 90' lang='lat' dir='ltr'><strong>tamen</strong></span> <span class='ocrx_word' id='word_1_215' title='bbox 1146 1748 1286 1785; x_wconf 89' lang='lat' dir='ltr'><strong>oratori</strong></span> <span class='ocrx_word' id='word_1_216' title='bbox 1306 1748 1474 1785; x_wconf 83' lang='lat' dir='ltr'><strong>tribuam</strong></span> <span class='ocrx_word' id='word_1_217' title='bbox 1504 1756 1542 1784; x_wconf 90' lang='lat' dir='ltr'><strong>et</strong></span> <span class='ocrx_word' id='word_1_218' title='bbox 1565 1747 1678 1791; x_wconf 90' lang='lat' dir='ltr'><strong>dabo,</strong></span> 
     </span>
     <span class='ocr_line' id='line_1_25' title="bbox 278 1811 1678 1866; baseline 0.001 -16"><span class='ocrx_word' id='word_1_219' title='bbox 278 1822 319 1850; x_wconf 82' lang='lat' dir='ltr'><strong>ut</strong></span> <span class='ocrx_word' id='word_1_220' title='bbox 339 1813 486 1857; x_wconf 88' lang='lat' dir='ltr'><strong>eadem,</strong></span> <span class='ocrx_word' id='word_1_221' title='bbox 508 1813 554 1850; x_wconf 88' lang='lat' dir='ltr'><strong>de</strong></span> <span class='ocrx_word' id='word_1_222' title='bbox 576 1814 716 1864; x_wconf 84' lang='lat' dir='ltr'><strong>quibus</strong></span> <span class='ocrx_word' id='word_1_223' title='bbox 738 1813 795 1850; x_wconf 92' lang='lat' dir='ltr'><strong>illi</strong></span> <span class='ocrx_word' id='word_1_224' title='bbox 815 1813 919 1850; x_wconf 87' lang='lat' dir='ltr'><strong>tenui</strong></span> <span class='ocrx_word' id='word_1_225' title='bbox 941 1813 1124 1864; x_wconf 86' lang='lat' dir='ltr'><strong>quodam,</strong></span> <span class='ocrx_word' id='word_1_226' title='bbox 1143 1814 1387 1866; x_wconf 81' lang='lat' dir='ltr'><strong>exanguique</strong></span> <span class='ocrx_word' id='word_1_227' title='bbox 1408 1813 1581 1851; x_wconf 87' lang='lat' dir='ltr'><strong>sermone</strong></span> <span class='ocrx_word' id='word_1_228' title='bbox 1602 1811 1678 1850; x_wconf 88' lang='lat' dir='ltr'><strong>dis-</strong></span> 
     </span>
     <span class='ocr_line' id='line_1_26' title="bbox 276 1878 1680 1932; baseline 0 -16"><span class='ocrx_word' id='word_1_229' title='bbox 276 1889 426 1932; x_wconf 86' lang='lat' dir='ltr'><strong>putant,</strong></span> <span class='ocrx_word' id='word_1_230' title='bbox 445 1878 509 1915; x_wconf 88' lang='lat' dir='ltr'><strong>hic</strong></span> <span class='ocrx_word' id='word_1_231' title='bbox 531 1892 622 1915; x_wconf 90' lang='lat' dir='ltr'><strong>cum</strong></span> <span class='ocrx_word' id='word_1_232' title='bbox 638 1879 746 1915; x_wconf 91' lang='lat' dir='ltr'><strong>omni</strong></span> <span class='ocrx_word' id='word_1_233' title='bbox 763 1879 945 1930; x_wconf 83' lang='lat' dir='ltr'><strong>gravitate</strong></span> <span class='ocrx_word' id='word_1_234' title='bbox 960 1888 997 1915; x_wconf 92' lang='lat' dir='ltr'><strong>et</strong></span> <span class='ocrx_word' id='word_1_235' title='bbox 1012 1880 1257 1930; x_wconf 83' lang='lat' dir='ltr'><strong>jucunditate</strong></span> <span class='ocrx_word' id='word_1_236' title='bbox 1277 1880 1456 1932; x_wconf 78' lang='lat' dir='ltr'><strong>explicet.</strong></span> <span class='ocrx_word' id='word_1_237' title='bbox 1491 1881 1588 1917; x_wconf 87' lang='lat' dir='ltr'><strong>Haec</strong></span> <span class='ocrx_word' id='word_1_238' title='bbox 1608 1892 1680 1932; x_wconf 89' lang='lat' dir='ltr'><strong>ego</strong></span> 
     </span>
     <span class='ocr_line' id='line_1_27' title="bbox 274 1942 1681 1997; baseline 0 -15"><span class='ocrx_word' id='word_1_239' title='bbox 274 1958 368 1982; x_wconf 87' lang='lat' dir='ltr'><strong>cum</strong></span> <span class='ocrx_word' id='word_1_240' title='bbox 383 1944 467 1996; x_wconf 84' lang='lat' dir='ltr'><strong>ipfis</strong></span> <span class='ocrx_word' id='word_1_241' title='bbox 486 1942 730 1996; x_wconf 80' lang='lat' dir='ltr'><strong>philosophis</strong></span> <span class='ocrx_word' id='word_1_242' title='bbox 748 1954 834 1981; x_wconf 90' lang='lat' dir='ltr'><strong>tum</strong></span> <span class='ocrx_word' id='word_1_243' title='bbox 850 1942 1017 1981; x_wconf 81' lang='lat' dir='ltr'><strong>Athenis</strong></span> <span class='ocrx_word' id='word_1_244' title='bbox 1035 1944 1270 1982; x_wconf 83' lang='lat' dir='ltr'><strong>differebam.</strong></span> <span class='ocrx_word' id='word_1_245' title='bbox 1303 1945 1478 1997; x_wconf 85' lang='lat' dir='ltr'><strong>Cogebat</strong></span> <span class='ocrx_word' id='word_1_246' title='bbox 1494 1946 1601 1983; x_wconf 82' lang='lat' dir='ltr'><strong>enim</strong></span> <span class='ocrx_word' id='word_1_247' title='bbox 1617 1956 1681 1982; x_wconf 84' lang='lat' dir='ltr'><strong>me</strong></span> 
     </span>
     <span class='ocr_line' id='line_1_28' title="bbox 276 2008 1677 2062; baseline 0 -14"><span class='ocrx_word' id='word_1_248' title='bbox 276 2011 340 2048; x_wconf 90' lang='lat' dir='ltr'><strong>M.</strong></span> <span class='ocrx_word' id='word_1_249' title='bbox 357 2009 566 2047; x_wconf 87' lang='lat' dir='ltr'><strong>Marcellus</strong></span> <span class='ocrx_word' id='word_1_250' title='bbox 580 2008 644 2046; x_wconf 90' lang='lat' dir='ltr'><strong>hic</strong></span> <span class='ocrx_word' id='word_1_251' title='bbox 661 2009 797 2053; x_wconf 89' lang='lat' dir='ltr'><strong>noster,</strong></span> <span class='ocrx_word' id='word_1_252' title='bbox 813 2010 880 2061; x_wconf 91' lang='lat' dir='ltr'><strong>qui</strong></span> <span class='ocrx_word' id='word_1_253' title='bbox 901 2023 1005 2046; x_wconf 90' lang='lat' dir='ltr'><strong>nunc</strong></span> <span class='ocrx_word' id='word_1_254' title='bbox 1019 2009 1159 2047; x_wconf 78' lang='lat' dir='ltr'><strong>AEdilis</strong></span> <span class='ocrx_word' id='word_1_255' title='bbox 1178 2010 1336 2047; x_wconf 84' lang='lat' dir='ltr'><strong>Curulis</strong></span> <span class='ocrx_word' id='word_1_256' title='bbox 1354 2010 1419 2054; x_wconf 89' lang='lat' dir='ltr'><strong>est,</strong></span> <span class='ocrx_word' id='word_1_257' title='bbox 1437 2019 1475 2047; x_wconf 89' lang='lat' dir='ltr'><strong>et</strong></span> <span class='ocrx_word' id='word_1_258' title='bbox 1492 2009 1677 2062; x_wconf 62' lang='lat' dir='ltr'><strong>profecto,</strong></span> 
     </span>
     <span class='ocr_line' id='line_1_29' title="bbox 277 2073 1680 2127; baseline 0 -14"><span class='ocrx_word' id='word_1_259' title='bbox 277 2075 345 2114; x_wconf 87' lang='lat' dir='ltr'><strong>nifi</strong></span> <span class='ocrx_word' id='word_1_260' title='bbox 366 2075 476 2113; x_wconf 88' lang='lat' dir='ltr'><strong>ludos</strong></span> <span class='ocrx_word' id='word_1_261' title='bbox 498 2088 602 2113; x_wconf 88' lang='lat' dir='ltr'><strong>nunc</strong></span> <span class='ocrx_word' id='word_1_262' title='bbox 622 2073 776 2119; x_wconf 89' lang='lat' dir='ltr'><strong>faceret,</strong></span> <span class='ocrx_word' id='word_1_263' title='bbox 808 2074 902 2112; x_wconf 89' lang='lat' dir='ltr'><strong>huic</strong></span> <span class='ocrx_word' id='word_1_264' title='bbox 932 2074 1058 2112; x_wconf 85' lang='lat' dir='ltr'><strong>nostro</strong></span> <span class='ocrx_word' id='word_1_265' title='bbox 1078 2075 1242 2112; x_wconf 89' lang='lat' dir='ltr'><strong>sermoni</strong></span> <span class='ocrx_word' id='word_1_266' title='bbox 1274 2074 1489 2119; x_wconf 83' lang='lat' dir='ltr'><strong>intercffet3</strong></span> <span class='ocrx_word' id='word_1_267' title='bbox 1523 2087 1566 2112; x_wconf 86' lang='lat' dir='ltr'><strong>ac</strong></span> <span class='ocrx_word' id='word_1_268' title='bbox 1595 2077 1680 2127; x_wconf 85' lang='lat' dir='ltr'><strong>jam</strong></span> 
     </span>
     <span class='ocr_line' id='line_1_30' title="bbox 277 2139 1386 2180; baseline -0.001 0"><span class='ocrx_word' id='word_1_269' title='bbox 277 2151 363 2180; x_wconf 88' lang='lat' dir='ltr'><strong>tum</strong></span> <span class='ocrx_word' id='word_1_270' title='bbox 383 2151 460 2179; x_wconf 86' lang='lat' dir='ltr'><strong>erat</strong></span> <span class='ocrx_word' id='word_1_271' title='bbox 480 2140 784 2179; x_wconf 86' lang='lat' dir='ltr'><strong>adolescentulus</strong></span> <span class='ocrx_word' id='word_1_272' title='bbox 802 2139 862 2178; x_wconf 86' lang='lat' dir='ltr'><strong>his</strong></span> <span class='ocrx_word' id='word_1_273' title='bbox 883 2140 1016 2178; x_wconf 83' lang='lat' dir='ltr'><strong>studiis</strong></span> <span class='ocrx_word' id='word_1_274' title='bbox 1038 2140 1200 2179; x_wconf 89' lang='lat' dir='ltr'><strong>mirifice</strong></span> <span class='ocrx_word' id='word_1_275' title='bbox 1221 2141 1386 2179; x_wconf 86' lang='lat' dir='ltr'><strong>deditus.</strong></span> 
     </span>
    </p>

    <p class='ocr_par' dir='ltr' id='par_1_4' title="bbox 275 2205 1681 2524">
     <span class='ocr_line' id='line_1_31' title="bbox 332 2205 1679 2259; baseline 0 -15"><span class='ocrx_word' id='word_1_276' title='bbox 332 2208 421 2258; x_wconf 85' lang='lat' dir='ltr'><strong>Jam</strong></span> <span class='ocrx_word' id='word_1_277' title='bbox 441 2220 529 2244; x_wconf 89' lang='lat' dir='ltr'><strong>vero</strong></span> <span class='ocrx_word' id='word_1_278' title='bbox 549 2206 596 2244; x_wconf 90' lang='lat' dir='ltr'><strong>de</strong></span> <span class='ocrx_word' id='word_1_279' title='bbox 616 2207 766 2259; x_wconf 86' lang='lat' dir='ltr'><strong>legibus</strong></span> <span class='ocrx_word' id='word_1_280' title='bbox 787 2207 1044 2251; x_wconf 88' lang='lat' dir='ltr'><strong>instituendis,</strong></span> <span class='ocrx_word' id='word_1_281' title='bbox 1076 2207 1122 2244; x_wconf 92' lang='lat' dir='ltr'><strong>de</strong></span> <span class='ocrx_word' id='word_1_282' title='bbox 1144 2206 1260 2251; x_wconf 89' lang='lat' dir='ltr'><strong>bello,</strong></span> <span class='ocrx_word' id='word_1_283' title='bbox 1292 2207 1338 2244; x_wconf 91' lang='lat' dir='ltr'><strong>de</strong></span> <span class='ocrx_word' id='word_1_284' title='bbox 1358 2219 1464 2259; x_wconf 90' lang='lat' dir='ltr'><strong>pace,</strong></span> <span class='ocrx_word' id='word_1_285' title='bbox 1486 2206 1532 2244; x_wconf 91' lang='lat' dir='ltr'><strong>de</strong></span> <span class='ocrx_word' id='word_1_286' title='bbox 1553 2205 1679 2250; x_wconf 86' lang='lat' dir='ltr'><strong>sociis,</strong></span> 
     </span>
     <span class='ocr_line' id='line_1_32' title="bbox 275 2272 1681 2325; baseline -0.001 -15"><span class='ocrx_word' id='word_1_287' title='bbox 275 2273 325 2310; x_wconf 87' lang='lat' dir='ltr'><strong>de</strong></span> <span class='ocrx_word' id='word_1_288' title='bbox 344 2273 607 2324; x_wconf 64' lang='lat' dir='ltr'><strong>vectigalibus,</strong></span> <span class='ocrx_word' id='word_1_289' title='bbox 643 2274 690 2310; x_wconf 87' lang='lat' dir='ltr'><strong>de</strong></span> <span class='ocrx_word' id='word_1_290' title='bbox 709 2274 796 2325; x_wconf 89' lang='lat' dir='ltr'><strong>jure</strong></span> <span class='ocrx_word' id='word_1_291' title='bbox 815 2273 962 2310; x_wconf 89' lang='lat' dir='ltr'><strong>civium</strong></span> <span class='ocrx_word' id='word_1_292' title='bbox 982 2274 1192 2325; x_wconf 88' lang='lat' dir='ltr'><strong>generatim</strong></span> <span class='ocrx_word' id='word_1_293' title='bbox 1221 2273 1261 2311; x_wconf 91' lang='lat' dir='ltr'><strong>in</strong></span> <span class='ocrx_word' id='word_1_294' title='bbox 1282 2273 1448 2317; x_wconf 88' lang='lat' dir='ltr'><strong>ordines,</strong></span> <span class='ocrx_word' id='word_1_295' title='bbox 1481 2272 1681 2324; x_wconf 82' lang='lat' dir='ltr'><strong>aetatesque</strong></span> 
     </span>
     <span class='ocr_line' id='line_1_33' title="bbox 277 2338 1678 2392; baseline -0.001 -16"><span class='ocrx_word' id='word_1_296' title='bbox 277 2339 481 2391; x_wconf 84' lang='lat' dir='ltr'><strong>descripto,</strong></span> <span class='ocrx_word' id='word_1_297' title='bbox 513 2339 641 2377; x_wconf 91' lang='lat' dir='ltr'><strong>dicant</strong></span> <span class='ocrx_word' id='word_1_298' title='bbox 675 2339 733 2377; x_wconf 92' lang='lat' dir='ltr'><strong>vel</strong></span> <span class='ocrx_word' id='word_1_299' title='bbox 770 2340 912 2384; x_wconf 85' lang='lat' dir='ltr'><strong>Graeci,</strong></span> <span class='ocrx_word' id='word_1_300' title='bbox 953 2339 980 2377; x_wconf 91' lang='lat' dir='ltr'><strong>fi</strong></span> <span class='ocrx_word' id='word_1_301' title='bbox 1011 2340 1162 2385; x_wconf 83' lang='lat' dir='ltr'><strong>volunt,</strong></span> <span class='ocrx_word' id='word_1_302' title='bbox 1193 2341 1435 2392; x_wconf 87' lang='lat' dir='ltr'><strong>Lycurgum,</strong></span> <span class='ocrx_word' id='word_1_303' title='bbox 1477 2348 1542 2377; x_wconf 88' lang='lat' dir='ltr'><strong>aut</strong></span> <span class='ocrx_word' id='word_1_304' title='bbox 1568 2338 1678 2376; x_wconf 88' lang='lat' dir='ltr'><strong>Solo·</strong></span> 
     </span>
     <span class='ocr_line' id='line_1_34' title="bbox 279 2404 1679 2458; baseline -0.003 -15"><span class='ocrx_word' id='word_1_305' title='bbox 279 2417 371 2443; x_wconf 84' lang='lat' dir='ltr'><strong>nem</strong></span> <span class='ocrx_word' id='word_1_306' title='bbox 404 2405 643 2457; x_wconf 85' lang='lat' dir='ltr'><strong>(quanquam</strong></span> <span class='ocrx_word' id='word_1_307' title='bbox 664 2405 749 2443; x_wconf 89' lang='lat' dir='ltr'><strong>illos</strong></span> <span class='ocrx_word' id='word_1_308' title='bbox 771 2405 931 2458; x_wconf 90' lang='lat' dir='ltr'><strong>quidem</strong></span> <span class='ocrx_word' id='word_1_309' title='bbox 951 2405 1149 2444; x_wconf 88' lang='lat' dir='ltr'><strong>censemus</strong></span> <span class='ocrx_word' id='word_1_310' title='bbox 1170 2406 1210 2443; x_wconf 92' lang='lat' dir='ltr'><strong>in</strong></span> <span class='ocrx_word' id='word_1_311' title='bbox 1231 2418 1393 2443; x_wconf 88' lang='lat' dir='ltr'><strong>numero</strong></span> <span class='ocrx_word' id='word_1_312' title='bbox 1411 2404 1679 2457; x_wconf 86' lang='lat' dir='ltr'><strong>eloquentium</strong></span> 
     </span>
     <span class='ocr_line' id='line_1_35' title="bbox 277 2468 1676 2524; baseline 0 -15"><span class='ocrx_word' id='word_1_313' title='bbox 277 2469 537 2522; x_wconf 75' lang='lat' dir='ltr'><strong>reponendos)</strong></span> <span class='ocrx_word' id='word_1_314' title='bbox 574 2469 675 2508; x_wconf 79' lang='lat' dir='ltr'><strong>sciffe</strong></span> <span class='ocrx_word' id='word_1_315' title='bbox 694 2471 848 2515; x_wconf 90' lang='lat' dir='ltr'><strong>melius,</strong></span> <span class='ocrx_word' id='word_1_316' title='bbox 867 2484 989 2523; x_wconf 87' lang='lat' dir='ltr'><strong>quam</strong></span> <span class='ocrx_word' id='word_1_317' title='bbox 1008 2471 1253 2524; x_wconf 87' lang='lat' dir='ltr'><strong>Hyperidem</strong></span> <span class='ocrx_word' id='word_1_318' title='bbox 1272 2480 1337 2509; x_wconf 82' lang='lat' dir='ltr'><strong>aut</strong></span> <span class='ocrx_word' id='word_1_319' title='bbox 1357 2468 1676 2509; x_wconf 76' lang='lat' dir='ltr'><strong>Demosthenem,</strong></span> 
     </span>
    </p>
   </div>
  </div>
 </body>
</html>
