2176 2912
413 271 463 310 54
658 259 1559 299 DEINVENTIONE

407 359 589 402 oportere,
620 349 695 388 hoc
727 352 868 395 modo;
902 352 1054 390 Domus
1085 365 1139 396 ea,
1171 365 1254 404 quae
1276 352 1417 390 ratione
1437 353 1592 405 regitur,
1623 353 1804 392 omnibus

407 416 621 454 instruftior
658 417 709 454 est
750 417 859 454 rebus
899 427 937 454 et
971 418 1192 470 apparatior,
1235 432 1351 469 quam
1387 431 1439 462 ea,
1483 433 1567 470 quae
1599 429 1738 457 temere
1768 429 1806 457 et

407 482 514 519 nullo
534 482 690 520 consilio
710 482 1002 520 administratur.
1055 484 1255 521 Exercitus
1280 484 1325 528 is,
1357 485 1419 521 cui
1439 486 1657 536 praepofitus
1677 485 1729 523 est
1749 485 1803 522 sa-

406 548 512 599 piens
533 558 569 585 et
589 548 748 586 callidus
770 549 985 601 imperator,
1017 549 1198 587 omnibus
1226 550 1396 602 partibus
1428 551 1670 589 commodius
1703 552 1803 603 regi·
1826 582 1829 583 γ

407 622 481 657 tur,
513 627 629 665 quam
661 615 706 658 is,
739 615 805 666 qui
831 614 989 652 stultitia
1014 624 1051 652 et
1082 615 1291 652 temeritate
1323 616 1481 667 alicujus
1510 617 1803 655 administratur.

407 679 553 716 Eadem
574 680 713 732 navigii
736 681 828 717 ratio
848 680 922 717 est:
956 694 1043 717 nam
1065 681 1173 718 navis
1200 682 1347 732 optime
1378 682 1531 720 cursum
1562 682 1717 720 conficit
1748 696 1801 727 ea&

406 758 490 795 quae
511 743 752 781 scientiffimo
773 745 1022 796 gubernathe
1043 745 1175 782 utitur.

461 811 565 847 Cum
586 810 791 861 propofitio
810 810 856 847 sit
881 809 955 848 hoc
986 812 1095 862 pa6to
1126 811 1341 863 approbata,
1373 821 1409 848 et
1440 812 1523 849 duae
1553 822 1673 864 partes
1700 823 1803 851 tran-

405 875 532 912 sierint
556 876 864 919 ratiocinationis,
898 876 1006 912 tertia
1035 877 1075 913 in
1106 886 1209 928 parte
1240 877 1360 920 aiunt,
1392 877 1495 929 quod
1526 878 1717 917 ostendere
1736 892 1803 916 ve-

405 940 466 983 lis,
490 940 527 977 id
544 954 589 977 ex
606 941 643 978 vi
662 941 927 993 propositionis
946 952 1117 994 oportere
1133 942 1328 987 assumere,
1350 941 1424 980 hoc
1438 945 1567 995 Ραξὶος
1600 943 1716 982 Nihil
1734 959 1801 982 au-

406 1015 485 1043 tem
507 1009 685 1044 omnium
700 1019 829 1044 rerum
847 1007 1000 1052 melius,
1023 1021 1138 1060 quam
1156 1009 1282 1046 omnis
1301 1009 1483 1053 munduS,
1506 1010 1800 1049 administratur.

460 1073 590 1123 Hujus
611 1072 874 1124 aisumptionis
895 1083 1028 1125 quarto
1049 1074 1088 1110 in
1116 1074 1201 1112 loco
1227 1075 1340 1112 aliam
1372 1089 1485 1127 porro
1516 1076 1704 1114 inducunt
1733 1091 1801 1129 ap-

404 1138 684 1189 probationem,
706 1137 782 1176 hoc
804 1140 921 1177 modo
934 1158 944 1183 ;
978 1140 1083 1177 Nam
1105 1150 1142 1177 et
1163 1140 1355 1193 signorum
1378 1151 1480 1179 ortus
1501 1152 1538 1179 et
1557 1143 1684 1180 obitus
1706 1142 1801 1180 defi-

406 1204 532 1241 nitum
553 1205 743 1255 quendam
762 1206 937 1243 ordinem
959 1205 1126 1250 servant3
1159 1215 1196 1244 et
1216 1220 1348 1244 annuae
1374 1209 1696 1245 commutationes
1724 1222 1801 1246 non

404 1268 521 1306 modo
555 1269 717 1320 quadam
749 1283 795 1307 ex
827 1270 1037 1307 necessitate
1066 1271 1211 1323 semper
1231 1271 1367 1308 eodem
1388 1271 1505 1308 modo
1532 1271 1644 1316 fiunt,
1667 1286 1802 1310 verum

403 1334 447 1371 ad
469 1334 650 1371 utilitates
670 1349 823 1387 quoque
844 1350 968 1372 rerum
989 1337 1168 1373 omnium
1182 1336 1267 1373 sunt
1287 1337 1608 1381 accommodatae;
1640 1347 1677 1375 et
1693 1338 1799 1376 diur-

403 1414 459 1437 nae
490 1402 758 1451 noffiturnaeque
778 1401 1050 1438 vicissitudines
1071 1401 1177 1438 nulla
1198 1402 1236 1440 in
1258 1416 1294 1439 re
1315 1416 1486 1454 unquam
1507 1412 1662 1441 mutatae
1682 1404 1798 1455 quid-

402 1479 517 1516 quam
538 1475 764 1503 nocuerunt.
816 1468 913 1518 Qae
934 1466 1039 1518 signo
1061 1467 1145 1504 sunt
1165 1469 1296 1505 omnia
1324 1482 1399 1505 non
1421 1468 1604 1506 mediocri
1631 1470 1799 1521 quodam

401 1531 558 1568 consilio
579 1542 750 1568 naturam
772 1532 909 1568 mundi
930 1532 1194 1569 administrari.

456 1596 608 1647 Qinto
628 1596 816 1633 inducunt
836 1597 922 1634 loco
943 1597 1253 1649 complexionem
1273 1612 1371 1642 eam,
1403 1613 1486 1651 qua:
1517 1609 1581 1638 aut
1612 1601 1652 1638 id
1684 1601 1799 1640 infert

402 1662 525 1699 solum
551 1662 655 1713 quod
683 1675 729 1699 ex
756 1662 936 1699 omnibus
968 1663 1138 1714 partibus
1160 1665 1325 1717 cogitur,
1357 1663 1430 1702 hoc
1452 1666 1594 1711 modo;
1628 1668 1798 1706 Consilio

402 1727 520 1779 igitur
533 1727 700 1764 mundus
714 1728 1014 1772 administratum
1037 1738 1115 1773 aut,
1135 1743 1257 1767 unum
1270 1730 1309 1767 in
1324 1730 1559 1769 locum-cum
1573 1732 1799 1772 conduxerit

401 1793 565 1830 breviter
584 1793 881 1845 propositionem
900 1803 936 1831 et
952 1794 1262 1846 assumptionem,
1285 1796 1324 1833 id
1345 1797 1532 1848 adjungit,
1553 1799 1658 1850 quod
1673 1812 1719 1837 ex
1736 1798 1797 1837 his

400 1857 637 1902 conficiatur,
670 1858 714 1895 ad
736 1857 839 1896 hunc
860 1859 1048 1903 modum;
1083 1861 1200 1911 Qod
1225 1862 1250 1898 fi
1272 1862 1411 1899 melius
1433 1872 1618 1914 geruntur
1637 1877 1693 1908 ea,
1713 1879 1798 1917 quae

403 1923 573 1967 consilio,
597 1937 711 1974 quam
729 1938 812 1976 quae
827 1924 902 1962 fine
922 1925 1079 1962 consilio
1097 1925 1418 1971 administrantur,
1442 1927 1540 1965 nihil
1558 1938 1687 1967 autem
1707 1943 1796 1968 om-

403 1988 513 2026 nium
537 1986 662 2026 rerum
684 1989 836 2034 melius,
859 2004 975 2041 quam
988 1991 1114 2028 omnis
1129 1991 1296 2029 mundus
1313 1993 1609 2038 administratur,
1640 1995 1796 2032 consilio

399 2053 517 2105 igitur
538 2054 703 2091 mundus
720 2055 1011 2093 administratur.
1064 2057 1430 2109 Qinquepartitam
1452 2058 1571 2109 igitur
1591 2058 1665 2097 hoc
1686 2062 1796 2112 paCto

398 2128 533 2170 putant
553 2120 622 2158 effe
642 2122 1024 2172 argumentationem.

454 2185 622 2222 XXXV.
653 2186 732 2237 Qi
754 2196 882 2223 autem
896 2187 1123 2238 tripartitam
1141 2187 1211 2225 effe
1228 2188 1375 2233 dicunt,
1400 2190 1424 2226 ii
1442 2203 1518 2227 non
1536 2190 1643 2228 aliter
1659 2200 1794 2243 putant

399 2251 545 2287 tractari
566 2261 737 2302 oportere
757 2253 1142 2304 argumentationem,
1165 2253 1225 2291 sed
1242 2255 1487 2305 partitionem
1505 2254 1647 2294 horum
1665 2270 1792 2309 repre—

400 2313 587 2353 hendunt.
613 2317 766 2368 Negant
779 2318 883 2355 enim
898 2331 1020 2370 neque
1033 2333 1052 2356 a
1065 2320 1334 2372 propositione,
1350 2334 1471 2373 neque
1485 2322 1530 2359 ab
1544 2322 1794 2375 assumptione

399 2381 687 2432 approbationes
704 2396 831 2420 carum
850 2383 1003 2435 separari
1020 2395 1192 2437 oportere
1206 2404 1216 2429 3
1241 2400 1360 2438 neque
1374 2387 1668 2439 propositionem
1683 2389 1791 2426 abso-

400 2445 533 2490 lutam,
567 2460 686 2498 neque
706 2447 999 2500 assumptionem
1023 2450 1089 2488 sibi
1109 2449 1316 2502 perfet‘tam
1337 2451 1470 2495 videri,
1501 2466 1584 2504 quae
1605 2454 1790 2505 approba-

398 2512 501 2549 tione
521 2513 744 2551 confirmata
765 2527 840 2552 non
862 2515 918 2552 sit.
970 2516 1097 2567 Qare
1117 2530 1209 2568 quas
1229 2517 1288 2554 illi
1309 2517 1398 2555 duas
1425 2527 1546 2570 partes
1574 2529 1788 2565 numerant,

396 2579 694 2630 propolitionem
708 2589 744 2619 et
758 2581 1086 2634 approbationem,
1102 2582 1170 2621 sibi
1184 2596 1299 2622 unam
1312 2593 1459 2636 partem
1473 2585 1604 2630 videri,
1618 2586 1789 2639 propofi-
