2176 2912
502 163 578 189 220
888 149 991 188 DE
1065 148 1506 188 ORATORE

497 248 694 287 dicamus:
725 248 903 294 alterum,
925 249 1029 301 quod
1050 258 1177 287 totum
1198 258 1274 288 arte
1296 251 1461 288 tinctum
1482 250 1645 294 videtur,
1664 248 1810 288 tametsi
1830 261 1887 286 ar-

497 324 577 353 tem
600 316 770 367 requirit,
802 324 929 353 tamen
950 315 1162 368 prudentia²
1193 315 1245 354 est
1270 329 1366 369 pene
1387 317 1603 361 mediocriS,
1631 316 1725 369 quid
1756 315 1889 353 dicen-

497 382 591 420 dum
613 382 670 427 fit,
693 382 844 426 videre3
877 382 1037 420 alterurn
1058 382 1124 427 est,
1155 383 1195 420 in
1216 396 1294 435 quo
1313 384 1469 422 oratoris
1501 384 1557 421 vis
1578 383 1643 421 illa
1663 383 1791 421 divina
1811 381 1888 418 vir-

497 448 632 501 tusque
652 448 833 493 cernitur,
862 461 916 493 ea,
939 462 1023 500 quae
1044 448 1204 486 dicenda
1224 448 1323 494 sunt,
1357 459 1498 495 ornate,
1522 449 1685 502 copiose,
1713 448 1891 499 varieque

496 515 634 552 dicere.
1386 561 1389 563 ‚

523 582 716 619 XXVIII.
749 581 878 631 Qare
897 580 1003 618 illam
1027 589 1175 633 partem
1206 581 1453 633 superiorem,
1484 582 1669 633 quoniam
1695 579 1808 618 semel
1839 579 1892 616 ita

495 648 603 685 vobis
624 647 782 699 placuit,
819 660 895 683 non
918 646 1109 690 recusabo,
1145 660 1223 698 quo
1245 648 1373 684 minus
1400 647 1610 698 perpoliam
1631 655 1745 697 atque
1764 644 1889 682 confi-

495 714 596 751 ciam
611 731 621 756 ;
644 721 832 763 quantum
853 710 1075 763 consequar,
1089 724 1154 749 vos
1169 712 1392 763 judicabitis
1410 727 1417 749 :
1441 712 1582 763 quibus
1598 725 1644 748 ex
1660 711 1754 748 locis
1771 710 1816 748 ad
1831 721 1889 747 eas

495 788 568 816 tres
590 791 658 822 res,
681 791 766 829 quae
792 776 836 813 ad
864 776 981 814 fidem
1002 776 1218 815 faciendam
1238 777 1322 815 solae
1344 777 1482 822 valent,
1505 777 1665 815 ducatur
1683 777 1816 820 oratio,
1848 784 1892 813 ut

495 854 532 882 et
546 844 801 881 concilientur
816 842 950 886 animi,
968 852 1006 880 et
1022 843 1242 888 doceantur,
1259 853 1296 881 et
1314 853 1553 882 moveantur.
1576 844 1674 882 Haec
1688 842 1773 880 sunt
1786 841 1891 879 enim

496 910 566 947 tria
601 922 775 947 numerO.
809 910 865 946 Ea
894 922 982 946 vero
1015 909 1347 961 quemadmodum
1373 909 1622 953 illustrentur,
1658 908 1791 961 praesto
1821 907 1887 951 est,

495 976 563 1028 qui
595 988 728 1013 omnes
760 975 895 1012 docere
927 975 1052 1027 poffit,
1080 976 1148 1027 qui
1168 974 1243 1013 hoc
1273 976 1420 1027 primus
1442 976 1481 1012 in
1502 975 1645 1013 nostros
1672 987 1794 1012 mores
1826 973 1889 1011 in-

494 1042 619 1086 duxit,
643 1041 711 1092 qui
731 1041 900 1078 maxime
916 1041 1036 1085 auxit,
1059 1041 1124 1092 qui
1147 1041 1246 1078 solus
1266 1040 1407 1078 effecit.
1432 1040 1614 1091 Namque
1629 1053 1713 1091 ego,
1737 1038 1888 1083 Catule,

496 1108 651 1159 (dicam
682 1107 787 1144 enim
821 1120 897 1143 non
929 1120 1098 1144 reverens
1132 1106 1336 1144 assentandi
1373 1106 1654 1158 suspicionem)
1692 1104 1891 1142 neminem

494 1173 564 1210 esse
584 1182 772 1210 oratorem
808 1172 921 1224 paulo
956 1172 1200 1210 illustriorem
1226 1172 1401 1216 arbitror,
1438 1184 1561 1223 neque
1592 1172 1789 1215 Graecum,
1821 1183 1890 1207 ne-

494 1252 569 1291 que
590 1239 790 1282 Latinum,
812 1251 930 1289 quem
951 1246 1036 1275 aetas
1057 1237 1180 1275 nostra
1200 1238 1345 1282 tulerit,
1368 1250 1486 1289 quem
1506 1250 1583 1275 non
1603 1245 1642 1275 et
1661 1236 1754 1289 saepe
1774 1244 1811 1273 et
1830 1234 1892 1272 di-

493 1305 656 1357 ligenter
676 1304 877 1341 audierim.
926 1304 1074 1355 Itaque,
1110 1303 1136 1341 fi
1157 1304 1253 1356 quid
1272 1303 1325 1342 est
1344 1304 1385 1341 in
1404 1317 1481 1348 me,
1510 1303 1615 1355 quod
1639 1303 1723 1355 jam
1749 1301 1891 1354 sperare

492 1371 637 1415 videor,
672 1369 858 1422 quoniam
890 1369 1050 1420 quidem
1081 1383 1172 1414 vos,
1214 1369 1274 1408 his
1308 1369 1472 1422 ingeniis
1503 1367 1706 1413 homines,
1737 1375 1890 1405 tantum

493 1451 616 1490 operae
635 1436 735 1475 mihi
752 1436 797 1474 ad
818 1435 1051 1473 audiendum
1071 1436 1183 1481 datis,
1215 1450 1262 1475 ex
1282 1450 1327 1474 eo
1347 1436 1412 1481 est,
1435 1435 1539 1488 quod
1561 1434 1659 1473 nihil
1687 1433 1890 1487 quisquam

493 1515 681 1554 unquam,
703 1515 765 1538 me
785 1500 975 1544 audiente,
1010 1501 1089 1552 egit
1108 1509 1246 1545 orator,
1280 1501 1384 1552 quod
1415 1514 1493 1538 non
1524 1501 1564 1538 in
1596 1499 1783 1538 memoria
1808 1512 1893 1537 mea

494 1569 646 1621 penitus
664 1566 854 1604 insederit.
887 1567 1018 1617 Atque
1037 1579 1109 1618 ego
1128 1566 1174 1611 is,
1191 1566 1262 1618 qui
1282 1566 1380 1610 sum,
1402 1565 1721 1618 quantuscunque
1740 1565 1825 1603 sum
1845 1565 1892 1603 ad

487 1634 758 1686 judicandum,
781 1632 964 1670 omnibus
985 1632 1124 1669 auditis
1144 1633 1371 1677 oratoribus,
1385 1632 1461 1670 fine
1482 1632 1560 1669 ulla
1580 1632 1820 1669 dubitatione
1839 1631 1890 1669 fic

493 1701 616 1738 statuo
636 1709 673 1737 et
687 1699 836 1751 judico,
870 1698 1083 1736 Neminem
1104 1698 1283 1736 omnium
1304 1707 1374 1742 tot,
1402 1706 1439 1736 et
1460 1707 1576 1743 tanta,
1599 1706 1740 1750 quanta
1758 1697 1831 1735 s1nt
1849 1697 1891 1735 in

495 1765 638 1810 Craffo,
660 1764 830 1802 habuisse
848 1773 1072 1802 ornamenta
1102 1764 1270 1802 dicendi.
1319 1764 1599 1814 Qamobrem,
1635 1763 1661 1801 fi
1693 1777 1757 1802 vos
1789 1776 1890 1816 quo-

493 1846 570 1885 que
589 1831 664 1870 hoc
685 1832 789 1870 idem
820 1831 1058 1876 existimatis,
1090 1845 1167 1869 non
1188 1832 1272 1876 erit,
1307 1840 1350 1868 ut
1380 1831 1530 1884 opinor,
1561 1831 1693 1883 iniqua
1722 1830 1890 1884 partitio,

493 1899 534 1944 fi,
556 1912 648 1941 cum
669 1911 739 1950 ego
759 1896 865 1935 hunc
885 1906 1088 1942 oratorem,
1111 1911 1228 1949 quem
1249 1910 1351 1934 nunc
1368 1897 1486 1949 fingo,
1510 1906 1552 1935 ut
1571 1896 1732 1941 institui,
1749 1909 1889 1941 crearo,

493 1964 634 2009 aluero,
667 1963 920 2009 confirmaro,
954 1963 1099 2001 tradam
1131 1977 1223 2002 eum
1245 1962 1386 2007 Craffo,
1417 1972 1455 2001 et
1475 1962 1726 2007 vestiendum,
1761 1969 1799 2000 et
1824 1975 1888 2000 or—

494 2030 679 2068 nandum.
1749 2068 1755 2072 .

549 2098 657 2134 Tum
688 2095 851 2140 Craffus,
872 2098 937 2134 Tu
969 2109 1070 2140 vero,
1092 2095 1234 2147 inquit,
1258 2095 1420 2140 Antoni,
1447 2107 1577 2147 perge,
1606 2103 1649 2132 ut
1679 2093 1886 2132 instituisti.

493 2160 635 2212 Neque
655 2161 760 2198 enim
781 2160 833 2198 est
864 2161 971 2206 boni,
1003 2173 1128 2212 neque
1149 2160 1314 2198 liberalis
1336 2160 1514 2212 parentiS,
1535 2173 1651 2211 quem
1672 2159 1889 2211 procrearit,
1936 2175 1938 2177 ·

492 2237 531 2263 et
553 2227 739 2270 eduxerit,
762 2240 851 2264 eum
873 2240 949 2264 non
970 2237 1008 2264 et
1027 2226 1172 2271 vestire,
1193 2235 1231 2264 et
1250 2239 1408 2270 ornare,
1440 2224 1645 2278 praesertim
1665 2238 1756 2263 cum
1778 2234 1814 2262 te
1830 2225 1890 2263 lo-

494 2292 690 2344 cupletem
711 2291 781 2329 esse
802 2306 936 2344 negare
967 2306 1042 2330 non
1065 2292 1190 2344 poffis.
1228 2291 1346 2343 Qod
1365 2292 1469 2329 enini
1491 2300 1777 2336 ornamentum,
1805 2305 1891 2343 quae

494 2359 564 2403 vis,
596 2358 663 2409 qui
693 2357 858 2402 animm,
890 2372 973 2409 quae
1008 2358 1170 2410 dignitas
1207 2358 1265 2395 illi
1286 2357 1423 2395 oratori
1455 2355 1590 2402 defuit,
1623 2358 1691 2409 qui
1724 2357 1763 2394 in
1784 2356 1892 2395 causa

494 2422 699 2476 peroranda
719 2436 795 2460 non
813 2423 1001 2461 dubitavit
1021 2424 1183 2461 excitare
1213 2437 1321 2461 reum
1343 2422 1593 2467 consularem,
1623 2432 1660 2461 et
1686 2423 1766 2474 ejus
1788 2422 1889 2460 dilo-

494 2490 613 2528 ricare
631 2489 817 2534 tunicam,
852 2497 888 2526 et
903 2489 1101 2541 judicibus
1126 2489 1319 2527 cicatrices
1350 2488 1515 2527 adversas
1536 2488 1631 2527 senis
1651 2487 1890 2541 imperatoris
