2176 2912
639 187 915 227 LIBER
990 186 1353 225 PRIMUS.
1648 199 1694 235 41

352 279 464 319 XXI.
497 277 712 316 Probabilis
727 278 800 314 erit
820 277 997 320 narratio,
1020 276 1047 314 fi
1067 276 1106 314 in
1123 289 1166 312 ea
1180 275 1415 313 videbuntur
1432 274 1544 312 ineffe
1560 287 1601 311 ea
1617 288 1701 326 quae

297 345 418 383 solent
429 356 606 397 apparere
617 343 658 380 in
670 343 828 380 veritate
835 360 846 386 ;
867 342 892 380 si
906 341 1153 395 personarum
1166 341 1372 392 dignitates
1386 339 1653 383 servabuntur;
1677 340 1702 377 si

294 410 413 448 causae
425 409 616 447 factorum
631 409 833 447 exstabunt
840 426 852 452 ς
875 408 902 446 fi
918 407 1028 446 fuiffe
1040 407 1240 445 facultates
1258 405 1432 444 faciundi
1449 405 1701 449 videbuntur;

296 476 323 514 fi
340 484 493 528 tempus
510 475 715 519 idoneum5
745 474 771 512 fi
789 474 898 526 spatii
916 473 1026 517 satis;
1054 473 1080 510 fi
1098 473 1206 510 locus
1225 480 1466 524 opportunus
1482 470 1528 507 ad
1543 470 1703 507 eandem

297 555 393 585 rem,
423 555 498 593 qua
517 541 563 578 de
584 554 622 578 re
643 541 869 583 narrabitur,
901 538 1010 576 fuiffe
1031 538 1272 581 ostendetur3
1305 537 1331 574 si
1352 550 1408 574 res
1429 545 1467 573 et
1487 535 1533 572 ad
1553 548 1702 577 eorum,

296 608 366 660 qui
395 617 528 659 agunt,
565 617 755 651 naturam,
793 615 831 643 et
857 606 902 643 ad
934 605 1041 657 vulgi
1068 617 1280 648 rumorem,
1311 612 1349 640 et
1380 603 1425 640 ad
1455 615 1604 644 eorum,
1637 602 1703 652 qui

297 674 473 718 audiunt,
495 674 722 726 opinionem
741 671 1115 710 accommodabitur.
1157 672 1217 708 Ac
1234 670 1311 707 veri
1328 669 1488 721 quidem
1504 667 1637 705 fimilis
1658 681 1704 704 ex

297 738 359 776 his
380 739 592 777 rationibus
613 739 683 776 effe
703 739 857 791 poterit.

354 805 459 842 Illud
483 814 611 842 autern
632 814 810 857 praeterea
825 804 1058 841 considerare
1078 803 1286 856 oportebit,
1318 815 1379 846 ne,
1411 810 1477 839 aut
1497 814 1589 838 cum
1610 799 1707 836 obsit

300 871 478 915 narratio,
506 880 571 909 aut
590 884 683 908 cum
704 869 805 908 nihil
825 870 953 923 profit,
987 879 1080 907 tunc
1101 871 1367 922 interponatur
1379 886 1390 911 ;
1423 876 1488 904 aut
1508 880 1586 903 non
1606 865 1705 908 loco,

299 945 365 974 aut
384 950 477 982 non,
508 936 842 989 quemadmodum
874 936 981 974 causa
1012 936 1190 989 postulat,
1222 943 1406 972 narretur.
1460 932 1580 970 Obest
1607 940 1707 974 tum,

300 1016 393 1041 cum
409 1003 524 1056 ipsius
540 1004 594 1041 rei
611 1003 721 1056 gestae
733 1003 920 1055 expositio
934 1016 1116 1055 magnam
1133 1002 1279 1054 excipit
1294 999 1559 1042 offensionem,
1592 1010 1710 1049 quam

300 1070 606 1121 argumentando
636 1079 674 1107 et
704 1069 856 1107 causam
888 1069 1035 1121 agendo
1066 1068 1178 1106 leniri
1209 1066 1417 1119 oportebit.
1469 1064 1587 1116 Qod
1617 1076 1709 1100 cum

301 1135 498 1179 acciderit,
519 1136 771 1174 membratim
786 1135 981 1188 oportebit
992 1144 1116 1187 partes
1136 1134 1189 1171 rei
1206 1133 1316 1186 gestae
1329 1132 1542 1184 dispergere
1560 1131 1599 1167 in
1617 1142 1708 1166 cau-

303 1200 396 1245 sam,
437 1211 475 1238 et
509 1201 555 1238 ad
586 1215 901 1253 unamquamque
934 1200 1138 1239 confestim
1173 1200 1362 1237 rationem
1401 1195 1709 1238 accommodare,

303 1276 348 1304 ut
366 1267 516 1304 vulneri
543 1267 675 1319 praesto
703 1267 1035 1304 medicamentum
1063 1267 1120 1311 fit,
1152 1275 1191 1303 et
1220 1265 1357 1303 odium
1384 1263 1513 1301 statim
1544 1260 1712 1300 defensio

303 1332 471 1385 mitiget.
522 1331 639 1371 Nihil
658 1333 808 1385 prodest
828 1334 991 1370 narratio
1012 1341 1119 1376 tunc,
1142 1345 1249 1375 cum,
1277 1331 1323 1368 ab
1343 1329 1559 1367 adversariis
1579 1341 1618 1366 re
1639 1341 1707 1364 ex-

301 1399 434 1451 posita,
450 1399 573 1437 nostra
589 1398 687 1437 nihil
703 1399 856 1437 interest
869 1399 1025 1443 iterum,
1040 1407 1105 1436 aut
1117 1398 1192 1435 alio
1205 1397 1337 1440 modo,
1350 1409 1517 1434 narrare:
1541 1402 1606 1431 aut
1618 1407 1711 1431 cum

303 1465 350 1503 ab
370 1465 431 1509 iis,
463 1467 532 1518 qui
551 1466 727 1510 audiunt,
754 1467 808 1503 ita
827 1474 979 1502 tenetur
999 1464 1216 1516 negotium,
1239 1472 1283 1499 ut
1304 1461 1427 1499 nostra
1447 1460 1547 1498 nihil
1567 1460 1713 1497 interfit

303 1545 367 1569 eos
387 1531 462 1569 alio
482 1534 592 1585 pacto
613 1532 762 1570 docere.
813 1531 933 1582 Qod
964 1545 1057 1568 cum
1084 1528 1279 1572 acciderit,
1311 1527 1474 1565 omnino
1500 1525 1714 1564 narratione

305 1597 626 1650 supersedendum
643 1599 709 1636 est.
756 1598 850 1637 Non
872 1598 959 1635 loco
979 1597 1135 1640 dicitur,
1167 1609 1259 1632 cum
1280 1608 1358 1632 non
1380 1594 1419 1630 in
1440 1607 1483 1630 ea
1502 1601 1607 1645 parte
1627 1605 1712 1629 ora-

306 1664 421 1702 tionis
442 1665 668 1709 collocatur,
699 1666 739 1702 in
771 1678 847 1716 qua
876 1677 932 1701 res
964 1662 1130 1716 postula-t
1147 1677 1155 1698 :
1197 1674 1276 1712 quo
1310 1660 1357 1697 de
1387 1672 1525 1711 genere
1556 1671 1714 1710 agemus

306 1739 407 1774 tum,
439 1744 532 1768 cum
559 1731 605 1768 de
631 1729 876 1783 dispositione
902 1729 1102 1772 dicemu53
1136 1740 1225 1765 narn
1248 1725 1324 1763 hoc
1351 1725 1397 1762 ad
1426 1723 1715 1776 dispositionem

307 1797 485 1848 pertinet.
526 1797 635 1841 Non,
665 1796 999 1848 quemadmodum
1011 1794 1122 1832 causa
1136 1792 1315 1846 postulat,
1336 1800 1520 1834 narratur,
1544 1803 1636 1827 cum
1649 1798 1715 1826 aut

308 1861 361 1905 id,
391 1862 495 1913 quod
515 1861 722 1899 adversario
740 1861 903 1914 prodest,
930 1860 1100 1897 dilucide
1120 1868 1158 1897 et
1177 1867 1307 1896 ornate
1326 1856 1547 1909 exponitur,
1575 1864 1639 1892 aut
1660 1854 1713 1898 id,

307 1927 413 1979 quod
444 1927 608 1979 seipsum
639 1927 805 1979 adjuvat,
837 1926 996 1964 obscure
1027 1926 1170 1963 dicitur
1195 1934 1234 1961 et
1265 1924 1517 1975 negligenter.
1569 1921 1712 1972 Qare,

309 2003 351 2031 ut
371 1993 447 2032 hoc
463 1994 605 2032 vitium
623 1994 778 2038 vitetur,
809 1993 941 2031 omnia
961 1991 1174 2044 torquenda
1194 1990 1279 2027 sunt
1300 1989 1346 2026 ad
1365 1987 1622 2026 commodum
1642 1986 1714 2023 suae

309 2059 445 2104 causae;
478 2060 680 2104 contraria,
711 2073 797 2112 quae
817 2058 999 2112 praeteriri
1018 2066 1213 2110 poterunt,
1245 2053 1508 2108 praetereundo
1520 2071 1531 2097 ς
1564 2066 1648 2104 quae
1665 2051 1714 2089 il—

308 2126 382 2163 lius
404 2135 530 2170 erunt,
561 2126 695 2164 leviter
713 2126 938 2178 attingendo
953 2143 963 2169 ;
996 2124 1059 2162 sua
1085 2123 1289 2175 diligenter
1314 2130 1351 2158 et
1377 2119 1537 2157 enodate
1559 2131 1714 2156 narran-

309 2192 372 2229 do·
419 2194 479 2230 Ac
500 2193 546 2230 de
566 2193 780 2230 narratione
800 2192 960 2244 quidem
979 2191 1065 2228 satis
1086 2190 1234 2227 dietum
1251 2187 1414 2224 videtur.
1457 2185 1652 2236 Deinceps
1669 2182 1715 2220 ad

309 2259 558 2310 partitionem
578 2258 825 2297 transeamus.

366 2324 499 2362 XXII.
532 2325 652 2362 Recte
671 2324 803 2363 habita
821 2324 862 2362 in
883 2323 991 2362 causa
1017 2323 1172 2376 partitio
1197 2320 1384 2360 illustrem
1412 2328 1450 2356 et
1476 2316 1715 2371 perspicuam

257 2396 267 2404 '
311 2398 433 2427 totam
453 2390 574 2429 efficit
592 2392 820 2429 orationem.
872 2392 1000 2429 Partes
1021 2391 1101 2441 ejus
1122 2389 1205 2426 duae
1226 2388 1326 2431 sunt,
1364 2398 1528 2437 quarum
1557 2392 1716 2433 utraque

312 2468 544 2508 magnopere
563 2457 609 2494 ad
629 2457 872 2510 aperiendam
888 2456 1039 2494 causam
1056 2464 1093 2493 et
1113 2452 1420 2492 constituendam
1438 2449 1603 2504 pertinet
1619 2460 1713 2485 con-

367 2520 406 2556 T
422 2533 445 2557 0
463 2533 513 2558 M.
546 2522 578 2558 Ι,
1133 2521 1167 2558 C
1199 2547 1207 2553 -
