2176 2912
369 221 441 261 172
719 208 834 246 DE
911 203 1418 245 ORATORE

364 303 413 340 C.
437 300 693 344 Aculeonem,
724 300 791 352 qui
827 313 983 337 mecum
1016 298 1123 343 vivit,
1159 297 1382 350 semperque
1413 296 1522 341 vixit,
1554 294 1606 334 ita
1636 304 1763 333 tenere

357 369 423 420 jus
444 367 571 412 civile,
593 376 635 404 ut
655 367 702 410 ei,
724 380 816 404 cum
837 366 884 402 ab
914 364 987 402 hoc
1009 363 1258 409 discesseritis,
1282 377 1397 401 nemo
1417 363 1462 400 de
1490 363 1551 407 iis,
1573 362 1641 414 qui
1661 361 1763 414 peri-

365 434 497 471 tiffimi
517 433 617 477 sunt,
650 432 926 484 anteponatur?
960 431 1106 468 Omnia
1125 431 1230 468 enim
1262 429 1348 467 sunt
1367 429 1485 482 pofita
1504 438 1589 466 ante
1614 415 1786 471 oculoss

364 499 551 537 collocata
583 499 622 536 in
654 498 722 536 usu
753 497 992 550 quotidiano,
1025 497 1065 534 in
1098 495 1357 549 congressione
1390 494 1614 538 hominum,
1650 503 1766 545 atque

365 565 406 603 in
426 564 511 602 foro
527 583 539 609 3
572 577 694 615 neque
716 564 766 599 ita
787 562 920 599 multis
943 561 1076 605 literis,
1104 570 1171 598 aut
1188 560 1452 598 voluminibus
1474 560 1637 612 magnis,
1668 571 1766 596 con-

367 631 552 669 tinentur.
613 629 758 667 Eadem
779 628 883 665 enim
907 627 992 664 sunt
1012 627 1107 663 elata
1136 627 1309 678 primum
1340 639 1359 663 a
1378 625 1581 677 pluribus;
1614 624 1765 668 deinde,

366 697 498 750 paucis
520 696 645 734 verbis
666 694 931 737 commutatis,
963 693 1079 730 etiam
1110 693 1158 729 ab
1187 691 1321 729 iisdem
1352 691 1600 743 scriptoribus
1631 691 1768 743 scripta

367 764 454 802 sunt
474 763 620 815 saepius.

422 829 587 868 Accedit
606 840 710 871 vero,
727 840 805 878 quo
825 825 975 864 facilius
989 825 1134 878 percipi
1153 824 1410 878 cognoscique
1425 825 1488 877 jus
1509 823 1621 862 civile
1641 822 1767 876 poffit,

370 895 493 947 (quod
513 894 677 932 minime
692 893 864 945 plerique
876 892 1124 943 arbitrantur)
1143 892 1240 929 mira
1256 891 1431 943 quaedam
1447 891 1486 929 in
1502 889 1769 942 cognoscendo

368 961 541 1005 suavitas,
562 969 600 997 et
619 959 832 997 delectatio.
892 958 1013 1002 Nam,
1049 958 1122 996 five
1142 971 1261 1009 quem
1285 957 1406 995 aliena
1424 956 1546 994 studia
1564 956 1766 999 delectant,

368 1028 537 1081 plurima
554 1026 607 1064 est
626 1027 666 1063 in
687 1025 796 1063 omni
809 1025 896 1077 jure
915 1024 1034 1069 civili,
1066 1033 1103 1062 et
1123 1024 1162 1062 in
1182 1023 1415 1076 pontificum
1435 1023 1559 1067 libris,
1581 1033 1618 1060 et
1638 1023 1678 1060 in
1699 1034 1764 1060 XII

369 1094 526 1139 tabulis,
560 1092 800 1144 antiquitatis
820 1091 980 1143 effigies,
1015 1091 1119 1142 quod
1149 1099 1187 1128 et
1220 1090 1426 1128 verborum
1456 1089 1576 1142 prisca
1608 1088 1767 1126 vetustas

370 1160 626 1212 cognoscitur,
663 1166 700 1195 et
729 1158 927 1195 affionum
957 1169 1095 1209 genera
1114 1156 1290 1208 quaedam
1311 1155 1500 1206 majorum
1521 1153 1768 1192 consuetudi-

366 1239 456 1264 nem
476 1225 674 1275 vitamque
701 1223 906 1260 declarant.
967 1222 1050 1259 Sive
1071 1223 1158 1274 quis
1184 1221 1341 1258 civilem
1362 1220 1558 1257 scientiam
1590 1229 1768 1257 contem-

369 1291 510 1345 pletur,
544 1292 680 1342 (quam
715 1289 879 1327 Scaevola
912 1302 989 1326 non
1023 1297 1132 1340 putat
1161 1287 1319 1325 oratoris
1350 1287 1421 1325 effe
1454 1287 1662 1339 propriam,
1708 1285 1770 1323 sed

369 1356 568 1409 cujusdam
588 1369 635 1393 ex
655 1355 730 1392 alio
749 1368 884 1407 genere
903 1353 1133 1406 prudentiae)
1167 1362 1287 1390 totam
1318 1352 1432 1397 hanc,
1464 1352 1660 1404 descriptis
1680 1365 1768 1389 om·-

370 1424 484 1462 nibus
521 1422 686 1461 civitatis
726 1421 959 1459 utilitatibus
998 1433 1040 1458 ac
1074 1420 1261 1472 partibus,
1304 1433 1370 1457 ΧΠ
1408 1418 1547 1457 tabulis
1581 1418 1770 1456 contineri

370 1489 563 1527 videbitis.
623 1488 707 1526 Sive
742 1500 861 1538 quem
895 1486 962 1524 ista
994 1495 1221 1538 praepotens,
1267 1494 1305 1523 et
1338 1484 1498 1537 gloriosa
1528 1483 1771 1536 philosophia

370 1555 543 1599 delectat,
577 1553 723 1604 (dicam
756 1552 969 1606 audacius)
1002 1551 1114 1589 hosce
1146 1551 1261 1589 habet
1291 1550 1414 1589 fontes
1435 1551 1615 1588 omnium
1636 1550 1768 1602 dispu-

372 1621 564 1659 tationum
585 1619 753 1663 suarum,
784 1618 852 1670 qui
867 1618 954 1669 jure
974 1618 1079 1655 civili
1096 1627 1133 1654 et
1153 1617 1302 1669 legibus
1324 1618 1583 1654 continentur.
1626 1617 1688 1654 Ex
1709 1615 1769 1653 his

371 1688 477 1725 enim
498 1695 535 1724 et
566 1685 794 1738 dignitatem
815 1685 986 1722 maxime
1012 1684 1265 1735 expetendam
1298 1683 1487 1727 videmus,
1518 1696 1610 1720 cum
1644 1696 1768 1726 verus,

366 1752 505 1805 justus,
526 1761 640 1804 atque
659 1749 838 1788 honestus
855 1750 961 1788 labor
976 1749 1203 1794 honoribus,
1219 1750 1402 1802 praemii&
1422 1759 1536 1801 atque
1556 1748 1768 1800 splendore,

372 1820 598 1862 decoratur3
629 1818 721 1855 vitia
752 1827 880 1855 autem
901 1815 1110 1854 hominum
1130 1826 1243 1868 atque
1263 1815 1426 1860 fraudes,
1455 1815 1619 1859 damnis,
1656 1815 1770 1866 igno-

373 1885 520 1928 miniis,
542 1883 720 1928 vinculis,
743 1882 976 1926 verberibus,
1007 1882 1147 1925 exiliis,
1179 1891 1317 1925 morte,
1350 1881 1591 1918 multantur:
1634 1890 1672 1918 et
1699 1881 1770 1918 do-

373 1962 507 1987 cemur
528 1947 603 1986 non
625 1948 802 1992 infinitis,
833 1948 1243 1999 concertationumque
1278 1947 1400 1999 plenis
1432 1946 1769 1998 disputationibus,

375 2015 434 2052 sed
454 2015 687 2058 auctoritate,
720 2023 893 2066 nutuque
923 2014 1069 2065 legum,
1101 2012 1265 2050 domitas
1286 2011 1423 2049 habere
1445 2011 1638 2054 libidines,
1660 2024 1769 2048 coer-

375 2094 457 2118 cere
477 2094 611 2118 omnes
645 2080 889 2132 cupiditates,
921 2079 1044 2117 nostra
1065 2079 1177 2122 tueri,
1207 2078 1254 2116 ab
1274 2077 1404 2115 alienis
1426 2086 1588 2121 mentes,
1623 2076 1769 2120 oculos,

376 2161 526 2190 manus,
545 2146 740 2184 abstinere.

430 2213 579 2251 XLIV.
604 2213 785 2250 Fremant
805 2225 939 2249 omnes
960 2212 1065 2255 licet,
1081 2211 1207 2249 dicam
1228 2211 1331 2262 quod
1350 2210 1493 2248 sentio:
1517 2208 1770 2247 bibliothecas

375 2278 596 2318 mehercule
626 2280 804 2316 omnium
839 2277 1164 2330 Philosophorum
1185 2290 1282 2315 unus
1303 2276 1403 2314 mihi
1431 2277 1579 2314 videtur
1612 2289 1676 2314 x11
1713 2286 1770 2313 ta-

375 2346 554 2383 bularum
576 2344 744 2389 libellus,
776 2344 800 2382 fi
822 2344 908 2396 quis
925 2344 1058 2396 legum
1079 2342 1203 2380 fontes
1224 2352 1262 2380 et
1293 2343 1417 2395 capita
1440 2342 1591 2386 viderit,
1623 2351 1659 2379 et
1679 2355 1771 2379 auc-

375 2412 536 2450 toritatis
574 2411 752 2463 pondere,
784 2420 821 2449 et
854 2411 1030 2448 utilitatis
1052 2411 1233 2454 ubertate,
1265 2409 1447 2462 superare.
1494 2411 1552 2446 Ac
1574 2409 1598 2446 s1
1620 2422 1702 2453 nos,
1733 2409 1772 2445 id

374 2478 479 2531 quod
512 2477 681 2516 maxime
714 2477 843 2522 debet,
872 2477 993 2515 nostra
1014 2477 1132 2529 patria
1161 2476 1335 2520 delcetat,
1367 2476 1476 2528 cujus
1508 2476 1559 2512 rei
1593 2483 1695 2512 tanta
1721 2474 1773 2511 est

374 2546 444 2589 vis,
477 2557 519 2581 ac
553 2553 657 2581 tanta
686 2552 833 2588 natura,
878 2552 921 2582 ut
955 2542 1130 2581 Ithacam
1163 2542 1272 2581 illam
1306 2542 1346 2580 in
1380 2541 1590 2595 asperrimis
1620 2540 1771 2585 saxulis,
