2176 2912
480 191 801 233 LIBER
872 190 1451 232 SECUNDUS.
1597 208 1668 240 101

267 298 342 334 tur,
364 301 410 326 ex
428 287 476 327 iis
496 286 606 331 locis,
628 286 697 338 qui
717 285 846 323 traditi
868 284 969 330 sunt,
998 284 1225 324 infirmabit.
1277 286 1406 339 Ipsam
1425 297 1555 326 autem
1576 290 1672 327 rela-

266 356 415 393 tionem
434 352 719 405 comprobabit,
751 352 926 404 primum
946 351 1121 403 augendo
1138 353 1234 403 ejus,
1263 352 1304 390 in
1325 365 1444 404 quem
1465 353 1580 392 refert
1595 356 1672 392 cri-

265 433 371 464 men,
402 419 559 472 culpam
578 427 616 456 et
635 418 848 462 audaciam,
871 427 908 455 et
929 431 1047 469 quam
1067 419 1237 456 maxime
1263 432 1330 471 per
1349 417 1670 470 indignationem,

266 486 292 524 fi
315 499 370 523 res
397 484 507 529 feret,
533 485 670 536 juncta
689 483 977 536 conquestione,
1012 494 1099 521 ante
1126 484 1259 522 oculos
1290 484 1482 536 ponendo.
1544 486 1674 524 Postea

265 551 386 589 levius
407 549 700 589 demonstrando
720 562 830 587 reum
856 549 1054 602 punitum,
1081 563 1199 602 quam
1218 550 1263 587 fit
1281 549 1347 587 ille
1368 550 1614 602 promeritus,
1636 561 1673 589 et

264 617 378 656 suum
398 616 633 670 supplicium
653 629 745 653 cum
765 615 870 653 illius
891 616 1030 668 injuria
1049 614 1294 654 conferendo.
1346 616 1498 654 Deinde
1518 626 1671 668 oporte-

267 684 326 722 bit
355 697 417 722 eos
448 683 567 727 locos,
599 683 667 734 qui
693 682 745 719 ita
763 691 875 719 erunt
906 682 953 720 ab
973 682 1186 720 accusatore
1215 682 1376 727 tractati,
1410 692 1452 720 ut
1482 682 1605 720 refelli
1635 693 1673 722 et

267 751 499 789 contrariam
528 750 568 787 in
589 758 737 802 partem
759 749 931 786 converti
960 748 1113 801 poffint,
1148 750 1244 802 (quo
1264 750 1304 787 in
1324 762 1460 802 genere
1483 750 1571 788 sunt
1601 759 1676 794 tres

265 818 446 869 extremi)
470 816 668 855 contrariis
689 815 899 853 rationibus
920 815 1129 854 infirmare.

321 883 394 920 Illa
411 891 542 919 autem
563 881 744 919 acerrima
764 880 1027 921 accusatorum
1042 881 1276 926 criminatio,
1297 895 1364 934 per
1384 895 1502 934 quem
1522 892 1676 935 pertur-

267 948 464 986 bationem
481 946 563 984 fore
582 947 763 985 omnium
777 946 1019 997 judiciorum
1040 947 1313 991 demonstrant,
1338 947 1365 984 fi
1387 948 1433 985 de
1453 948 1677 987 indemnato

265 1013 446 1066 supplicii
465 1012 642 1052 sumendi
657 1012 816 1065 potestas
838 1012 924 1050 data
942 1012 1001 1057 fit,
1018 1012 1220 1051 levabitur.
1254 1013 1432 1051 Primum
1445 1013 1472 1051 fi
1488 1014 1676 1066 ejusmodi

265 1079 588 1118 demonstrabitur
613 1078 766 1130 injuria,
798 1088 841 1118 ut
861 1092 940 1116 non
961 1079 1079 1117 modo
1100 1080 1181 1117 viro
1207 1079 1325 1125 bono,
1357 1093 1491 1118 verum
1512 1082 1676 1120 omnino

266 1144 421 1185 homini
440 1145 577 1189 libero,
594 1145 766 1183 videatur
785 1158 864 1183 non
884 1144 994 1183 fuisse
1015 1146 1222 1184 toleranda.
1282 1145 1436 1184 Deinde
1454 1146 1508 1184 ita
1527 1147 1675 1199 perspi-

267 1225 352 1257 cua,
383 1221 427 1249 ut
460 1224 509 1248 ne
534 1211 582 1249 ab
609 1210 689 1263 ipso
710 1211 884 1262 quidem,
916 1212 984 1263 qui
1002 1210 1160 1256 feciffet,
1192 1213 1233 1249 in
1262 1212 1429 1250 dubium
1458 1222 1674 1252 vocaretur.

267 1278 422 1316 Deinde
442 1277 644 1328 ejusmodi,
676 1286 719 1315 ut
742 1277 783 1314 in
803 1291 888 1315 eam
908 1278 939 1315 is
971 1279 1141 1317 maxime
1161 1278 1337 1316 debuerit
1362 1279 1673 1324 animadvertere,

267 1344 335 1396 qui
351 1343 658 1381 animadverterit
670 1361 683 1388 3
706 1352 749 1381 ut
763 1357 841 1382 non
859 1353 940 1381 tam
952 1346 1114 1388 rectum,
1133 1358 1211 1382 non
1226 1354 1305 1382 tam
1318 1343 1436 1382 fuerit
1450 1343 1674 1390 honestum,

266 1411 308 1448 in
332 1410 531 1462 judicium
550 1409 661 1448 illam
691 1423 774 1447 rem
794 1411 1004 1462 pervenire,
1036 1423 1154 1462 quam
1183 1423 1229 1448 eo
1257 1410 1375 1448 modo
1403 1419 1518 1463 atque
1551 1411 1598 1449 ab
1628 1425 1676 1450 eo

265 1476 470 1521 vindicari,
500 1489 579 1528 quo
597 1476 718 1514 modo
738 1485 777 1514 et
794 1490 816 1513 a
835 1490 913 1528 quo
934 1476 977 1514 fit
998 1476 1201 1517 vindicata.
1242 1476 1375 1514 Postea
1393 1477 1442 1514 fic
1462 1491 1545 1514 rem
1564 1477 1675 1516 fuiffe

265 1552 450 1595 apertam,
473 1551 517 1580 ut
529 1542 727 1593 judicium
754 1541 800 1579 de
826 1556 868 1579 ea
886 1556 925 1580 re
950 1541 1034 1581 fieri
1067 1540 1166 1580 nihi]
1193 1542 1407 1580 attinuerit.
1457 1544 1589 1595 Atque
1607 1542 1674 1582 hic

265 1608 607 1647 demonstrandum
627 1608 679 1646 est
704 1608 918 1647 rationibus
944 1617 984 1647 et
1013 1609 1125 1646 rebus
1144 1608 1350 1653 fimilibus,
1381 1609 1589 1661 permultas
1621 1610 1675 1648 ita

265 1684 411 1713 atroces
441 1683 479 1713 et
497 1674 712 1728 perspicuas
742 1688 800 1713 res
821 1674 906 1720 effe,
937 1684 981 1713 ut
1012 1675 1058 1712 de
1078 1673 1140 1713 his
1170 1688 1249 1713 non
1281 1675 1400 1713 modo
1430 1689 1509 1713 non
1529 1677 1676 1715 necesse

263 1741 326 1785 -fit,
343 1740 405 1779 sed
425 1755 473 1779 ne
494 1740 589 1779 utile
609 1741 783 1794 quidem,
801 1742 897 1793 quin
917 1755 1010 1780 mox
1025 1741 1223 1793 judicium
1238 1741 1317 1787 fiat,
1335 1741 1561 1794 exspectare.
1590 1743 1672 1780 Lo-

268 1820 336 1844 cus
357 1808 581 1844 communis
608 1807 834 1845 accusatoris
867 1808 907 1845 in
928 1820 1033 1852 eum,
1056 1809 1124 1860 qui
1154 1821 1247 1846 cum
1265 1808 1327 1853 -id,
1360 1808 1466 1859 quod
1485 1808 1673 1860 arguitur,

267 1885 406 1924 negare
423 1885 499 1909 non
521 1871 647 1924 possit,
663 1881 792 1910 tamen
812 1872 960 1924 aliquid
979 1873 1050 1910 fibi
1065 1873 1143 1925 spei
1163 1884 1361 1926 comparet
1376 1888 1423 1912 ex
1433 1874 1675 1926 judiciorum

267 1937 569 1990 perturbatione.
629 1939 761 1990 Atque
780 1937 845 1975 hic
867 1938 1045 1976 utilitatis
1059 1939 1300 1990 judiciorum
1325 1940 1611 1986 demonstratio,
1635 1950 1676 1978 et

267 2003 315 2042 de
345 2017 390 2042 eo
417 2003 654 2056 conquestio,
685 2005 754 2056 qui
784 2004 1021 2056 supplicium
1051 2005 1196 2042 dederit
1227 2005 1498 2051 indemnatus3
1530 2007 1571 2044 in
1592 2007 1672 2059 ejus

266 2079 410 2115 autem,
433 2070 500 2122 qui
521 2070 735 2122 sumpserit,
766 2071 964 2108 audaciam
985 2080 1022 2108 et
1042 2071 1324 2116 crudelitatem,
1347 2072 1575 2124 indignatio.

323 2136 387 2174 Ab
416 2135 624 2181 defensore,
666 2137 707 2174 in
736 2138 831 2188 ejus,
863 2151 982 2189 quem
1014 2138 1117 2175 ultus
1154 2138 1212 2182 fit,
1255 2138 1451 2176 audaciam
1482 2139 1671 2190 conques-

265 2201 351 2246 ti0;
383 2215 464 2240 rem
499 2216 577 2240 non
606 2216 652 2241 ex
684 2203 843 2240 nomine
874 2203 988 2255 ipsius
1022 2204 1181 2255 negotii,
1213 2204 1275 2242 sed
1306 2217 1353 2242 ex
1387 2204 1544 2242 consilio
1574 2206 1671 2256 ejus,

268 2267 339 2318 qui
356 2265 506 2311 fecerit,
535 2277 574 2305 et
593 2267 703 2306 causa
722 2278 760 2306 et
789 2277 963 2320 tempore
983 2270 1207 2307 confiderari
1233 2280 1431 2322 oportere;
1463 2271 1558 2322 quid
1579 2271 1672 2308 mali

265 2331 448 2372 futurum
469 2334 526 2378 fit,
559 2343 624 2373 aut
643 2347 690 2372 ex
712 2335 862 2386 injuria,
893 2344 957 2373 aut
977 2349 1023 2373 ex
1043 2335 1180 2373 scelere
1200 2336 1374 2388 alicujus,
1407 2337 1475 2381 nisi
1507 2346 1609 2374 tanta
1634 2346 1672 2374 et

269 2407 349 2436 tam
370 2399 565 2451 perspicua
592 2400 747 2441 audacia
765 2401 812 2439 ab
835 2414 893 2445 eo,
926 2401 972 2438 ad
999 2403 1108 2453 cujus
1129 2401 1288 2447 famam,
1320 2412 1385 2440 aut
1405 2403 1451 2440 ad
1481 2411 1667 2454 parentes,

269 2472 336 2502 aut
354 2464 401 2502 ad
420 2465 559 2504 liberos
579 2467 822 2518 pertinuerit,
853 2475 918 2505 aut
937 2467 983 2505 ad
1003 2467 1174 2519 aliquam
1193 2482 1289 2513 rem,
1319 2482 1436 2521 quam
1456 2481 1581 2506 caram
1601 2466 1671 2504 effe
