2176 2912
410 242 460 281 26
710 243 1493 285 DEINVENTIONE

404 345 603 384 studiosius
634 356 672 384 et
702 346 779 385 illis
801 347 1043 386 refistendum
1074 347 1164 393 fuit,
1194 357 1233 387 et
1263 349 1482 402 reipublicae
1507 347 1800 387 consulendum.

459 412 532 450 IV.
565 413 683 464 Qod
700 414 871 452 nostrum
892 415 1005 452 illum
1026 426 1105 452 non
1124 414 1226 466 fugit
1247 416 1451 460 Catonem,
1471 428 1596 467 neque
1616 416 1799 460 Laelium,

403 490 529 529 neque
562 478 717 523 horum,
750 490 792 517 ut
823 493 907 518 vere
938 480 1080 524 dicam,
1117 481 1352 533 discipulum
1387 481 1632 527 Africanum,
1674 492 1800 534 neque

403 544 602 583 Gracchos
634 545 807 583 Africani
839 556 1021 599 nepotes;
1052 547 1194 598 quibus
1224 547 1264 584 in
1292 546 1519 586 hominibus
1551 557 1628 586 erat
1648 548 1798 586 summa

403 610 538 655 virtus,
560 620 598 648 et
618 611 768 649 summa
788 612 927 650 virtute
946 612 1179 664 amplificata
1189 613 1404 658 annositas,
1431 623 1484 659 et,
1505 627 1589 666 quae
1607 613 1667 652 his
1689 614 1802 652 rebus

403 687 643 722 ornamento,
666 687 704 715 et
726 679 946 730 reipublicae
966 678 1135 731 praesidio
1154 679 1255 724 effet,
1276 679 1509 731 eloquentia.
1547 681 1689 731 Qare,
1712 692 1800 718 meo

403 743 561 794 quidem
582 743 726 788 animo,
754 743 879 782 nihilo
903 745 1032 782 minus
1057 745 1286 797 eloquentiae
1306 745 1538 784 studendum
1557 746 1611 783 est
1643 746 1726 798 (etfi
1756 759 1799 783 ea

401 809 561 860 quidam
583 819 619 847 et
642 810 835 862 privatim,
856 819 893 848 et
912 810 1069 863 publice
1098 811 1268 864 perverse
1287 811 1517 864 abutuntur)
1549 812 1610 850 sed
1641 825 1686 849 eo
1706 813 1797 864 qui-

401 874 490 912 dem
512 874 789 921 vehementius,
812 890 858 913 ne
879 877 984 921 mali,
999 891 1141 930 magno
1161 890 1255 916 cum
1274 878 1506 916 detrimento
1532 877 1739 922 bonorum,
1760 885 1800 915 et

400 941 603 978 communi
623 941 803 979 omnium
822 942 1006 994 pernicie,
1039 941 1256 995 plurimum
1280 942 1445 995 poffint:
1475 957 1568 981 curn
1588 943 1797 996 praesertim

398 1003 475 1043 hoc
497 1019 619 1044 unum
641 1007 699 1051 fit,
725 1007 829 1059 quod
856 1008 901 1046 ad
921 1021 1056 1046 omnes
1078 1021 1133 1046 res
1154 1019 1192 1046 et
1212 1009 1389 1062 privatas,
1410 1018 1448 1047 et
1478 1009 1652 1062 publicas
1668 1009 1795 1047 maxi-

398 1083 463 1109 me
483 1073 666 1125 pertineat
682 1091 693 1118 3
725 1073 801 1111 hoc
832 1083 927 1120 tuta,
956 1073 1033 1113 hoc
1064 1071 1232 1120 honesta,
1263 1074 1339 1113 hoc
1366 1075 1535 1121 illustris,
1565 1075 1642 1115 hoc
1660 1075 1796 1114 eodem

396 1138 474 1176 vita
488 1139 660 1191 jucunda
679 1140 757 1179 fiat.
790 1141 896 1179 Nam
915 1140 1009 1180 hinc
1032 1142 1078 1180 ad
1102 1142 1382 1196 rempublicam
1403 1143 1570 1195 plurima
1589 1143 1797 1181 commoda

395 1205 570 1250 veniunt,
596 1206 622 1244 fi
642 1207 873 1245 moderatrix
893 1209 1072 1246 omnium
1094 1222 1221 1246 rerum
1241 1209 1373 1261 praesto
1392 1208 1445 1247 est
1464 1209 1643 1261 sapientia
1660 1223 1669 1247 ι
1701 1207 1796 1246 hinc

399 1271 445 1309 ad
464 1272 578 1324 ipsos,
610 1274 678 1326 qui
711 1287 795 1312 eam
826 1275 953 1327 adepti
981 1274 1082 1320 sunt,
1113 1275 1207 1321 laus,
1239 1274 1375 1320 honor,
1407 1275 1572 1328 dignitas
1603 1275 1794 1314 confluit:

394 1336 489 1376 hinc
509 1340 643 1378 amicis
660 1353 816 1393 quoque
838 1354 972 1379 eorum
992 1342 1244 1380 certiffimum
1265 1355 1308 1380 ac
1329 1342 1559 1380 tutiffimum
1579 1342 1794 1394 praefidium

395 1415 650 1458 comparatur.
673 1408 732 1444 Ac
753 1406 852 1444 mihi
874 1408 1033 1459 quidem
1054 1409 1232 1447 videntur
1251 1407 1445 1454 homines,
1462 1422 1553 1446 cum
1576 1409 1710 1446 multis
1731 1419 1792 1446 re-

395 1471 465 1509 bus
486 1471 712 1510 humiliores
742 1483 780 1510 et
810 1473 1040 1512 infirmiores
1065 1476 1151 1520 fint,
1182 1474 1253 1513 hac
1275 1488 1313 1513 re
1339 1477 1510 1513 maxime
1536 1475 1662 1512 bestiis
1694 1489 1790 1528 prae-

391 1536 497 1583 stare,
519 1539 623 1590 quod
645 1539 752 1590 loqui
774 1539 938 1591 poffunt.
962 1540 1091 1591 Qare
1111 1541 1335 1593 praeclarum
1357 1540 1457 1578 mihi
1478 1541 1663 1593 quiddam
1683 1542 1791 1579 vide-

393 1611 456 1640 tur
475 1604 631 1656 adeptus
652 1604 697 1647 is,
721 1605 801 1655 qui,
824 1605 901 1657 qua
920 1618 958 1642 re
980 1604 1157 1644 homines
1178 1606 1304 1644 bestiis
1324 1607 1512 1659 praestent‚
1534 1620 1575 1644 ea
1596 1607 1634 1644 in
1657 1621 1695 1644 re
1716 1607 1790 1645 ho-

392 1671 565 1709 minibus
592 1670 679 1722 ipsis
709 1671 922 1709 antecellat.
956 1672 1047 1709 Hoc
1065 1672 1091 1709 fi
1117 1671 1216 1710 forte
1242 1686 1319 1710 non
1341 1682 1472 1711 natura
1501 1673 1632 1718 modo,
1665 1687 1790 1726 neque

390 1738 658 1775 exercitatione
689 1736 907 1782 conficitur,
938 1750 1070 1776 verum
1102 1739 1217 1777 etiam
1239 1738 1402 1777 artificio
1427 1739 1595 1792 quodam
1627 1753 1787 1792 compa-

390 1814 505 1848 ratur,
538 1817 614 1842 non
635 1804 805 1841 alienum
836 1802 889 1840 est
922 1803 1048 1841 videre
1081 1818 1164 1856 quae
1185 1804 1314 1842 dicant
1339 1806 1382 1850 ii,
1413 1806 1480 1858 qui
1511 1806 1685 1857 quaedam
1707 1807 1786 1857 ejus

389 1872 440 1907 rei
461 1880 647 1923 praecepta
668 1870 777 1908 nobis
799 1870 1050 1921 reliquerunt.
1091 1871 1161 1908 Sed
1182 1880 1386 1923 antequam
1412 1873 1458 1909 de
1478 1874 1677 1925 praeceptis
1698 1887 1783 1910 ora-

388 1936 496 1973 toriis
517 1936 703 1989 dicamus),
735 1935 885 1972 videtur
915 1936 1123 1974 d1cendum
1155 1936 1200 1974 de
1220 1950 1357 1989 genere
1387 1937 1502 1989 ipsius
1523 1938 1628 1982 artis,
1659 1938 1704 1975 de
1723 1937 1786 1976 of-

388 2001 490 2045 ficio,
523 2001 568 2038 de
588 2001 676 2045 fine,
709 2001 754 2038 de
774 2001 944 2045 materia,
975 2001 1021 2039 de
1042 2002 1225 2054 partibus.
1259 2003 1365 2040 Nam
1385 2001 1446 2040 his
1468 2004 1579 2041 rebus
1603 2003 1783 2054 cognitis,

388 2068 538 2106 facilius
569 2076 606 2106 et
634 2067 848 2119 expeditius
871 2067 1166 2121 uniuscujusque
1196 2068 1347 2106 animus
1368 2068 1487 2120 ipsam
1518 2069 1720 2112 rationem,
1742 2081 1784 2106 ac

387 2135 488 2171 viam
509 2134 597 2171 artis
618 2133 849 2171 considerare
870 2134 1021 2184 poterit.

420 2200 470 2236 V.
492 2199 628 2236 Civilis
647 2199 821 2250 quaedam
839 2199 932 2236 ratio
948 2199 1013 2244 est,
1032 2212 1116 2251 quae
1131 2199 1266 2237 multis
1281 2208 1318 2237 et
1334 2199 1482 2251 magnis
1499 2211 1545 2237 ex
1561 2199 1669 2237 rebus
1687 2213 1782 2237 con—

387 2267 468 2304 stat.
503 2266 596 2316 Ejus
628 2265 803 2317 quaedam
836 2278 974 2317 magna
994 2274 1031 2302 et
1052 2265 1179 2318 ampla
1198 2279 1282 2318 pars
1302 2265 1354 2303 est
1380 2265 1578 2303 artificiosa
1596 2266 1782 2318 eloquen-

386 2333 452 2375 tia,
475 2344 591 2382 quam
611 2329 861 2368 Rhetoricam
880 2340 1028 2368 vocant.
1048 2331 1154 2369 Nam
1176 2344 1299 2383 neque
1319 2344 1411 2368 cum
1433 2332 1478 2369 iis
1498 2331 1696 2376 sentimus,
1715 2333 1782 2383 qui

385 2397 541 2435 civilem
563 2397 759 2434 scientiam
780 2397 998 2449 eloquentia
1018 2411 1094 2435 non
1122 2406 1260 2451 putant
1279 2398 1476 2450 indigere;
1509 2407 1546 2435 et
1565 2398 1610 2436 ab
1630 2399 1690 2443 iis,
1714 2400 1781 2450 qui

384 2477 467 2501 eam
489 2470 625 2515 putant
645 2476 802 2500 omnem
824 2462 1006 2501 Rhetoris
1027 2464 1065 2500 vi
1089 2472 1126 2501 et
1146 2463 1308 2501 artificio
1327 2463 1530 2508 contineri,
1552 2477 1782 2516 magnopere

383 2527 637 2567 dissentimus.
671 2529 799 2579 Qare
819 2528 918 2567 hanc
937 2529 1140 2567 oratoriam
1171 2528 1395 2568 facultatem
1426 2530 1465 2567 in
1487 2543 1532 2567 eo
1551 2543 1686 2583 genere
1708 2544 1778 2582 po·-

383 2607 533 2640 nemus,
566 2603 609 2632 ut
638 2607 720 2632 eam
752 2595 876 2634 civilis
896 2594 1062 2634 scientiae
1086 2604 1234 2650 partem
1254 2595 1324 2634 effe
1354 2595 1541 2635 dicamus.
1587 2595 1777 2634 Officium
