2176 2912
392 192 466 232 542
703 180 793 218 DE
845 179 1140 219 OPTIMO
1190 180 1491 219 GENERE

388 285 479 310 eos:
522 271 686 310 alterum
717 274 844 326 pauci,
875 273 1081 312 laudabilia
1110 274 1179 312 effe
1200 274 1337 313 multa.
1398 274 1467 312 Est
1486 272 1591 311 enim
1612 272 1795 312 vitiosum

388 340 427 377 in
449 339 646 384 sententia,
678 339 705 377 fi
737 341 832 392 quid
862 340 1084 386 absurdum,
1118 351 1182 379 aut
1213 341 1397 385 alienum,
1430 350 1495 378 aut
1515 354 1592 379 non
1620 349 1793 385 acutum,

388 415 452 443 aut
473 405 729 444 subinsulsum
750 406 815 444 est.
875 408 922 445 In
941 407 1080 452 verbis,
1116 407 1142 444 fi
1173 407 1435 459 inquinatum,
1468 407 1494 444 fi
1529 406 1736 458 abjectum,
1768 406 1795 444 si

388 486 466 509 non
498 481 648 524 aptum,
685 472 711 510 fi
747 472 901 518 durum,
934 473 960 511 fi.
994 473 1108 525 longe
1128 473 1309 526 petitum.
1353 474 1451 511 Haec
1471 473 1686 511 vitaverunt
1718 471 1796 510 fere

388 551 537 582 omnes,
574 539 641 590 qui
662 546 727 575 aut
746 539 871 576 Attici
891 548 1156 582 numerantur,
1179 548 1244 576 aut
1264 539 1400 576 dicunt
1421 539 1565 576 Attice.
1605 538 1677 576 Sed
1697 551 1795 590 qua-
1850 555 1855 557 ’

388 613 499 641 tenus
534 604 747 648 valuerunt,
785 603 861 641 sani
890 613 929 641 et
959 604 1048 641 ficei
1082 603 1267 641 duntaxat
1297 602 1522 648 habeantur,
1558 603 1619 641 sed
1651 604 1716 648 ita,
1752 612 1796 641 ut

386 669 591 722 palaestrice
611 669 760 721 spatiari
791 669 832 706 in
851 669 960 720 xysto
986 670 1032 707 iis
1053 669 1179 713 liceat,
1213 682 1290 706 non
1323 670 1370 707 ab
1392 669 1592 721 Olympiis
1613 682 1796 707 coronam

389 744 532 787 petant.
594 734 676 786 Qi
707 747 799 772 curn
830 743 979 772 careant
999 735 1109 772 omni
1137 735 1246 779 vitio,
1278 748 1356 772 non
1383 733 1471 772 sunt
1490 734 1663 772 contenti
1692 734 1795 786 quafi

388 802 487 839 bona
508 800 739 844 valetudine,
775 800 837 838 sed
856 801 967 845 vires,
1000 801 1174 845 lacertos,
1205 800 1430 853 sanguinem
1451 810 1641 853 quaerunt,
1670 814 1794 853 quan-

387 867 477 905 dam
498 868 615 905 etiam
635 866 858 905 suavitatem
878 867 1031 906 coloris.
1091 868 1170 905 Eos
1192 867 1406 912 imitemur,
1436 868 1462 905 fi
1482 866 1679 920 poffumus
1695 885 1707 912 ς
1740 867 1795 905 fin

387 935 533 978 minus,
556 934 643 971 illos
663 933 807 986 potius,
829 934 898 986 qui
930 934 1152 986 incorrupta
1173 934 1327 972 sanitate
1348 933 1448 978 sunt,
1483 934 1606 986 (quod
1625 934 1678 972 est
1703 947 1794 986 pro-

385 1000 517 1052 prium
544 1000 787 1051 Atticorum)
829 1013 947 1052 quam
981 1013 1059 1045 eos,
1096 1013 1265 1052 quorum
1300 999 1434 1038 vitiosa
1466 999 1699 1038 abundantia
1727 999 1793 1045 est,

386 1066 516 1118 quales
537 1066 625 1104 Asia
644 1065 788 1104 multos
810 1066 913 1104 tulit.

442 1133 514 1170 IV.
549 1131 667 1184 Qod
688 1145 780 1169 cum
800 1130 1002 1177 faciemus,
1039 1131 1083 1184 (fi
1103 1132 1221 1170 modo
1246 1131 1415 1186 idipsum
1443 1132 1710 1185 affequemur5
1742 1132 1796 1170 est

387 1199 493 1236 enim
514 1198 789 1251 permagnum)
814 1198 1029 1243 imitemur,
1051 1198 1077 1236 fi
1099 1199 1324 1250 poterimus,
1356 1199 1524 1250 Lysiam,
1545 1208 1584 1236 et
1602 1200 1682 1252 ejus
1704 1198 1794 1251 qui-

386 1265 476 1302 dem
497 1265 724 1302 tenuitatem
745 1264 999 1316 potissimum.
1051 1265 1119 1303 Est
1138 1266 1245 1304 enim
1267 1265 1401 1304 multis
1422 1266 1463 1303 in
1484 1266 1579 1303 locis
1599 1265 1794 1318 grandior.

388 1331 472 1375 Sed,
495 1331 585 1383 quia
605 1341 642 1368 et
662 1331 824 1383 privatas
846 1332 910 1369 ille
929 1331 1139 1384 plerasque,
1167 1341 1205 1370 et
1225 1345 1284 1370 eas
1305 1331 1400 1385 ipsas
1422 1332 1520 1377 aliis,
1537 1341 1575 1370 et
1594 1346 1796 1385 parvarum

386 1411 513 1435 rerum
545 1397 713 1435 causulas
740 1397 900 1450 scripsit,
930 1398 1082 1436 videtur
1114 1398 1186 1436 effe
1214 1399 1397 1451 jejunior,
1431 1399 1619 1451 quoniam
1649 1398 1686 1437 se
1717 1399 1796 1452 ipse

386 1463 561 1503 consulto
596 1463 642 1501 ad
662 1463 903 1502 minutarum
933 1477 1072 1516 genera
1091 1464 1289 1502 causarum
1310 1465 1516 1504 limaverit.
1577 1465 1697 1517 Qod
1726 1466 1795 1518 qui

385 1530 439 1567 ita
458 1528 584 1573 faciet,
622 1538 678 1573 ut,
712 1529 738 1566 fi
759 1530 890 1581 cupiat
923 1530 1076 1568 uberior
1105 1530 1190 1575 effe,
1227 1544 1305 1569 non
1334 1531 1460 1583 poffit,
1490 1530 1677 1570 habeatur
1709 1531 1796 1569 sane

385 1604 525 1639 orator,
548 1595 610 1633 sed
629 1595 676 1632 de
696 1595 912 1633 minoribus
929 1610 938 1632 :
974 1609 1118 1649 magno
1138 1605 1267 1638 autern
1289 1597 1427 1634 oratori
1447 1597 1565 1635 etiam
1586 1597 1655 1635 illo
1676 1597 1794 1636 modo

385 1662 480 1715 saepe
501 1661 710 1699 dicendum
731 1661 784 1699 est
803 1661 844 1698 in
866 1661 931 1699 tali
951 1675 1088 1714 genere
1108 1663 1320 1701 causarum.
1343 1664 1401 1701 Ita
1420 1663 1478 1708 fit,
1494 1673 1537 1701 ut
1558 1663 1793 1702 Demosthe-

385 1741 452 1767 nes
474 1737 575 1765 certe
595 1727 706 1780 poffit
727 1727 921 1766 summiffe
943 1728 1068 1766 dicere
1085 1747 1097 1773 3
1129 1729 1224 1766 elate
1245 1729 1373 1780 Lyfias
1395 1728 1544 1768 fortaffe
1564 1743 1642 1767 non
1662 1730 1790 1783 poffit.

386 1794 459 1833 Sed
479 1794 505 1833 fi
525 1794 661 1832 eodem
682 1795 799 1832 modo
819 1803 969 1847 putant,
991 1795 1162 1833 exercitu
1178 1796 1218 1833 in
1239 1794 1337 1841 foro,
1369 1805 1406 1833 et
1425 1796 1465 1834 in
1485 1796 1668 1834 omnibus
1690 1806 1793 1835 tem-

383 1860 474 1913 plis,
492 1874 577 1912 quae
597 1860 745 1898 circum
766 1859 897 1898 forum
917 1861 1017 1905 sunt,
1041 1861 1245 1907 collocato,
1263 1861 1340 1899 dici
1361 1876 1430 1914 pro
1447 1862 1601 1900 Milone
1620 1862 1797 1908 decuisse,

385 1935 428 1964 ut
449 1926 475 1964 fi
496 1926 542 1964 de
558 1939 601 1964 re
621 1927 767 1979 privata
786 1927 832 1965 ad
849 1940 973 1965 unum
988 1927 1164 1979 judicem
1185 1928 1401 1967 diceremus
1418 1946 1430 1973 ς
1462 1928 1545 1966 vim
1565 1928 1794 1981 eloquentiae

385 1992 449 2030 sua
467 1991 664 2038 facultate,
687 2007 765 2031 non
785 1994 836 2032 rei
858 2004 1003 2039 natura,
1026 1995 1256 2034 metiuntur.

441 2059 572 2109 Qare
608 2059 795 2110 quoniam
830 2059 1111 2099 nonnullorum
1140 2060 1263 2099 sermo
1293 2061 1376 2113 jam
1408 2060 1613 2105 increbuit,
1649 2061 1794 2114 partim

385 2123 521 2177 seipsos
544 2125 676 2163 Attice
709 2125 848 2170 dicere,
879 2127 1020 2178 partim
1054 2127 1252 2165 neminem
1278 2126 1449 2165 nostrum
1470 2127 1623 2171 dicere3
1655 2126 1793 2166 alteros

385 2190 641 2243 negligamus,
702 2192 796 2230 Satis
828 2192 934 2230 enim
964 2191 1026 2230 his
1047 2206 1103 2231 res
1130 2193 1208 2245 ipsa
1238 2193 1437 2246 respondet
1454 2212 1465 2239 5
1497 2207 1590 2232 curn
1613 2202 1678 2232 aut
1711 2208 1792 2233 non

384 2255 640 2294 adhibeantur
669 2256 715 2294 ad
735 2257 874 2302 causaS,
906 2266 971 2295 aut
991 2256 1156 2296 adhibiti
1183 2258 1437 2297 derideantur.
1498 2260 1605 2298 Nam
1637 2259 1663 2297 fi
1697 2261 1792 2298 arri-

384 2321 559 2367 deantur,
590 2322 679 2361 esset
697 2322 866 2376 idipsum
886 2323 1125 2362 Atticorum.
1189 2324 1260 2362 Sed
1281 2325 1348 2377 qui
1369 2325 1447 2363 dici
1474 2339 1494 2363 a
1514 2325 1625 2363 nobis
1656 2326 1794 2365 Attico

385 2401 494 2426 more
525 2387 680 2434 nolunt,
711 2389 779 2442 ipfi
814 2398 942 2427 autem
964 2389 998 2427 se
1019 2403 1098 2428 non
1118 2399 1283 2428 oratores
1304 2389 1374 2428 effe
1396 2390 1639 2444 profitentur,
1670 2391 1696 2430 fi
1732 2401 1791 2430 te-

385 2462 482 2491 retes
516 2466 622 2492 aures
653 2452 808 2500 habent,
840 2455 1134 2509 intelligensque
1163 2456 1360 2509 judicium
1376 2474 1388 2502 3
1421 2466 1606 2512 tanquam
1637 2457 1682 2495 ad
1703 2457 1788 2510 pic-

386 2527 512 2558 turam
532 2519 784 2574 probandam,
816 2519 1050 2562 adhibentur
1081 2522 1199 2562 etiam
1231 2522 1344 2562 inscii
1363 2521 1529 2563 faciendi
1551 2537 1643 2563 cum
1663 2523 1790 2576 aliqua
