2176 2912
376 213 453 266 326
705 212 820 250 DE
908 211 1453 251 ORATORE

372 307 484 347 vobis
505 305 624 345 oratio
644 304 709 343 est.
748 305 888 357 Neque
908 314 1038 343 tamen
1058 304 1134 344 hoc
1154 305 1250 343 tanti
1271 305 1409 344 laboris
1430 305 1496 350 est,
1514 305 1647 357 quanti
1666 305 1774 344 vide-

372 382 437 411 tur
455 388 463 411 :
483 386 553 411 nec
573 372 660 410 sunt
678 370 760 409 haec
782 370 1110 423 rhythmicorum,
1133 385 1174 410 ac
1191 372 1427 410 musicorum
1447 372 1629 411 acerrima
1641 373 1777 411 norm&⁴

373 439 571 492 dirigenda
589 452 597 476 ε
630 446 667 475 et
687 437 935 476 efficiendum
966 437 1018 475 est
1038 437 1137 476 illud
1157 437 1274 476 modo
1293 438 1418 483 vobis,
1450 452 1498 476 ne
1528 437 1621 476 fluat
1640 439 1775 483 oratio,

374 518 422 543 ne
442 513 612 557 vagetur,
635 516 682 541 ne
702 503 843 541 insistat
863 503 1038 547 interius,
1060 517 1107 541 ne
1126 512 1301 541 excurrat
1320 504 1473 555 longius
1490 521 1503 549 ς
1525 512 1568 541 ut
1588 503 1776 542 membris

373 571 642 624 distinguatur,
674 579 717 608 ut
746 570 1007 608 conversiones
1036 569 1175 608 habeat
1204 569 1407 608 absolutas.
1466 571 1609 622 Neque
1629 570 1778 623 semper

373 638 564 676 utendum
598 637 650 674 est
681 636 946 689 perpetuitate,
979 645 1017 673 et
1037 636 1140 688 quafi
1160 636 1417 681 conversione,
1449 636 1654 675 verborum
1671 654 1683 681 ς
1715 637 1777 674 sed

371 704 465 757 saepe
485 703 670 756 carpenda
691 702 877 739 membris
899 701 1176 739 minutioribus
1196 702 1317 740 oratio
1337 701 1389 739 est
1400 720 1413 747 ;
1445 715 1530 754 quae
1549 710 1680 739 tamen
1700 702 1777 755 ipsa

371 769 548 808 membra
567 769 654 806 sunt
675 768 845 805 numeris
865 767 1080 805 vincienda.

427 837 567 888 Neque
589 848 654 873 vos
683 847 806 886 paeon,
838 842 904 871 aut
937 832 1076 872 herous
1109 832 1175 871 ille
1203 834 1422 872 conturbet.
1482 833 1556 887 Ipsi
1576 842 1777 872 occurrent

369 902 534 939 orationi
552 916 560 939 z
592 901 676 954 ipsi,
706 901 884 952 inquam,
916 900 951 938 se
971 899 1147 945 offerent,
1175 908 1216 938 et
1235 899 1517 952 respondebunt
1537 913 1615 937 non
1635 899 1773 938 vocati.

371 966 619 1006 Consuetudo
653 966 771 1003 modo
797 966 863 1002 illa
897 965 941 1003 sit
961 965 1149 1003 scribendi
1176 974 1291 1017 atque
1311 964 1477 1009 dicendi,
1509 974 1553 1003 ut
1583 964 1775 1003 sententiae

370 1034 495 1072 verbis
517 1033 711 1077 finiantur,
742 1045 952 1084 eorumque
975 1032 1182 1070 verborum
1196 1032 1349 1083 jundfio
1380 1031 1551 1069 nascatur
1570 1044 1591 1068 a
1608 1031 1774 1083 proceris

368 1099 541 1138 numeris
576 1112 617 1136 ac
653 1098 796 1142 liberis,
828 1098 998 1136 maxime
1018 1097 1150 1142 heroo,
1181 1107 1219 1135 et
1238 1110 1369 1150 paeone
1400 1097 1537 1150 priore,
1567 1104 1633 1134 aut
1660 1097 1775 1134 creti·

369 1179 443 1210 co;
475 1165 538 1203 sed
558 1164 658 1202 varie
678 1163 929 1216 distincteque
949 1163 1132 1202 confidat.
1165 1163 1335 1201 Notatur
1354 1163 1459 1200 enim
1480 1162 1652 1200 maxime
1668 1162 1775 1200 fimi-

368 1232 495 1270 litudo
515 1232 555 1268 in
576 1229 883 1282 conquiescendo
899 1249 910 1274 ;
943 1239 994 1274 et,
1017 1216 1042 1268 si
1063 1230 1195 1282 primi,
1217 1238 1254 1267 et
1273 1229 1457 1282 postremi
1477 1229 1535 1266 illi
1555 1229 1668 1282 pedes
1688 1229 1776 1268 sunt

369 1296 440 1335 hac
461 1297 605 1335 ratione
627 1296 772 1340 servati,
804 1296 923 1334 medii
944 1295 1096 1348 possunt
1125 1295 1254 1340 latere,
1285 1296 1404 1334 modo
1423 1308 1470 1333 ne
1490 1295 1677 1333 circuitus
1697 1295 1775 1349 ipse

368 1363 576 1401 verborum
608 1363 652 1399 fit
672 1372 738 1399 aut
769 1362 931 1406 brevior,
962 1375 1081 1414 quam
1112 1375 1217 1399 aures
1252 1363 1478 1414 expedient,
1510 1372 1576 1399 aut
1606 1361 1771 1414 long10r‚

367 1441 486 1481 quam
508 1429 603 1466 vires
625 1438 738 1480 atque
757 1428 885 1465 anima
904 1428 1083 1480 patiatur.

423 1496 473 1532 L.
517 1493 713 1532 Clausulas
737 1502 867 1531 autem
897 1493 1120 1546 diligentius
1140 1494 1259 1532 etiam
1294 1493 1486 1531 servandas
1507 1492 1578 1531 effe
1596 1492 1771 1539 arbitror,

367 1574 485 1613 quam
506 1559 709 1612 superiora,
741 1559 847 1610 quod
876 1559 915 1595 in
935 1557 995 1596 his
1023 1560 1194 1596 maxime
1213 1558 1410 1611 perfeCHO,
1441 1568 1556 1611 atque
1585 1559 1774 1597 absolutio

361 1626 572 1678 judicatur.
631 1625 739 1663 Nam
760 1623 884 1662 versus
905 1637 1012 1676 aeque
1031 1624 1170 1677 prima,
1202 1633 1240 1662 et
1267 1624 1406 1669 media,
1437 1633 1475 1661 et
1500 1633 1669 1663 extrema
1688 1638 1772 1678 pars

367 1692 603 1736 attenditur;
635 1691 704 1743 qui
720 1690 954 1735 debilitatur,
972 1691 1012 1728 in
1033 1705 1263 1744 quacunque
1281 1691 1325 1729 fit
1345 1699 1449 1744 parte
1467 1691 1693 1729 titubatum.
1726 1693 1774 1732 In

366 1759 538 1797 oratione
558 1767 686 1797 autem
705 1757 830 1810 prima
849 1758 961 1809 pauci
981 1767 1158 1802 cernunt,
1190 1757 1379 1810 postrema
1409 1758 1594 1810 plerique.
1657 1758 1770 1809 Qae,

367 1827 554 1877 quoniam
574 1832 754 1877 apparent
774 1833 811 1861 et
832 1823 1116 1876 intelliguntur,
1139 1824 1316 1862 varianda
1334 1825 1435 1869 sunt,
1466 1837 1514 1861 ne
1532 1832 1598 1862 aut
1618 1824 1771 1862 animo-

367 1904 456 1929 rum
471 1890 629 1942 judiciis
651 1890 912 1941 repudientur,
944 1899 1008 1927 aut
1029 1891 1180 1928 aurium
1201 1890 1382 1930 satietate.
1443 1891 1536 1928 Duo
1555 1890 1675 1934 enim,
1707 1900 1773 1929 aut

367 1965 441 1995 tres
463 1956 548 1994 sunt
580 1955 658 1994 fere
689 1957 851 1994 extremi
871 1956 1040 1994 servandi
1061 1966 1099 1995 et
1119 1957 1277 1995 notandi
1307 1957 1435 2009 pedes,
1468 1956 1514 2008 (fi
1545 1955 1663 1994 modo
1692 1970 1771 1994 non

368 2023 537 2061 breviora
557 2032 599 2060 et
613 2022 763 2075 praecisa
783 2032 894 2061 erunt
912 2023 1115 2076 superiora)
1148 2037 1245 2076 quos
1266 2032 1329 2061 aut
1346 2022 1512 2067 chorios,
1534 2031 1598 2059 aut
1619 2020 1768 2067 heroos,

366 2099 431 2126 aut
451 2089 615 2127 alternos
644 2089 715 2126 effe
734 2090 942 2141 oportebit,
970 2098 1035 2126 aut
1066 2090 1105 2127 in
1137 2102 1268 2142 paeone
1299 2089 1368 2126 illo
1400 2088 1617 2141 posteriore,
1651 2102 1769 2140 quem

366 2155 589 2194 Aristoteles
611 2155 759 2207 probat,
782 2165 846 2193 aut
866 2156 900 2192 ei
920 2155 1001 2208 pari
1021 2155 1177 2193 cretico.
1212 2156 1369 2192 Horum
1389 2154 1662 2193 vicissitudines
1683 2155 1768 2192 effi-

368 2223 486 2266 cient,
519 2231 561 2259 ut
584 2235 708 2273 neque
728 2222 754 2258 ii
776 2222 970 2266 satientur,
1002 2222 1070 2273 qui
1102 2222 1269 2265 audient,
1301 2221 1451 2260 fastidio
1477 2220 1738 2260 similitudinis
1754 2240 1767 2267 ;

365 2301 436 2326 nec
458 2301 525 2325 nos
547 2288 599 2333 id,
623 2287 727 2339 quod
749 2286 950 2332 faciemus,
981 2300 1094 2339 opera
1114 2287 1240 2325 dedita
1258 2286 1381 2325 facere
1398 2287 1609 2325 videamur.

422 2353 540 2405 Qod
562 2353 585 2391 si
607 2354 811 2405 Antipater
831 2353 896 2390 ille
918 2352 1109 2398 Sidonius,
1131 2366 1249 2405 quem
1271 2362 1313 2390 tu
1331 2354 1463 2406 probe,
1497 2352 1648 2397 Catule,
1681 2366 1767 2390 me-

365 2419 527 2464 ministi,
548 2419 689 2457 ‘solitus
709 2419 761 2456 est
781 2419 904 2457 versus
925 2417 1181 2464 hexametros,
1212 2419 1379 2472 aliosque
1413 2420 1523 2458 variis
1550 2407 1676 2457 modis
1707 2429 1766 2457 at-

364 2501 441 2539 que
471 2487 640 2526 numeris
673 2485 833 2525 fundere
853 2500 899 2525 ex
921 2496 1106 2539 tempore,
1138 2495 1368 2540 tantumque
1387 2485 1559 2525 hominis
1579 2486 1765 2540 ingeniosi
