2176 2912
440 174 520 216 254
792 158 908 198 DE
985 159 1490 199 ORAToRE

438 256 567 307 aliqua
592 266 675 307 pars
693 252 834 299 versus,
864 260 910 291 ut
943 251 1084 291 Statius
1105 254 1244 291 Scauro
1262 251 1546 298 st01nachanti5
1576 264 1625 292 ex
1644 266 1722 306 quo
1752 253 1840 292 sunt

440 320 634 365 nonnulli,
665 320 734 373 qui
755 329 861 359 tuam
880 319 1005 372 legem
1026 319 1072 357 de
1092 320 1245 359 civitate
1264 329 1407 365 natam,
1431 319 1570 364 Craffe,
1587 319 1716 358 dicant
1728 338 1741 365 ;

580 388 638 431 St,
670 395 797 431 tacete,
819 385 907 440 quid
919 385 982 424 hoc
1000 386 1162 425 clamoris
1175 386 1195 425 ?
1225 385 1350 439 quibus
1368 400 1431 425 nec
1448 395 1578 430 mater,
1600 399 1662 425 nec
1673 395 1799 440 pater,

580 451 705 492 Tanta
722 453 929 505 confidentia
947 451 1022 506 estis
1036 453 1055 491 ?
1084 453 1227 505 azgferte
1246 453 1344 506 istam
1363 453 1465 505 enim·
1468 452 1683 506 superbiam.

443 520 551 560 Nam
572 519 612 557 in
634 519 755 557 Caelio
775 519 860 557 sane
878 519 995 556 etiam
1015 518 1061 556 ad
1081 518 1231 556 causam
1248 520 1341 557 utile
1359 518 1436 556 fuit
1452 527 1566 557 tuum
1582 518 1693 563 illud,
1712 520 1840 557 Anto-
1861 552 1865 553 ⁷

444 587 499 631 ni,
531 600 622 623 cum
644 585 710 623 ille
734 599 754 622 a
775 585 809 623 se
828 584 1033 637 pecuniam
1059 583 1269 636 profectam
1301 585 1442 622 diceret
1471 585 1588 629 testis,
1619 594 1656 623 et
1686 584 1844 623 haberet

445 652 573 690 filium
592 651 876 694 delicatiorem;
909 650 1070 686 abeunte
1085 650 1168 701 jam
1184 650 1267 693 illo,

583 717 718 755 Sentin’
725 718 846 769 finem
867 715 925 769 eſjb
944 717 1080 753 tadum
1100 715 1258 767 trlginta
1276 716 1379 753 minis
1393 715 1412 753 ,Ρ

502 785 548 822 In
568 783 642 821 hoc
662 796 782 835 genus
803 782 1062 834 conjiciuntur
1083 782 1279 834 proverbia
1295 800 1308 826 ;
1339 790 1382 819 ut
1402 781 1502 819 illud
1521 781 1726 834 Scipionis,
1752 793 1848 818 cunt

447 850 598 888 Asellus
629 862 762 888 omnes
791 848 1004 901 provincias
1030 848 1215 901 stipendia
1235 857 1444 886 merentem
1478 848 1513 885 se
1534 847 1739 900 peragraffe
1758 847 1845 900 glo-

449 918 619 961 riaretur,
649 918 756 968 Agar
775 915 945 969 Astllum,
977 923 1014 951 et
1044 923 1189 952 caetera.
1241 915 1371 965 Qare
1391 928 1433 951 ea
1462 927 1630 966 quoque,
1662 914 1847 965 quoniam

449 983 608 1020 mutatis
630 981 752 1018 verbis
774 995 850 1018 non
872 979 1023 1032 poffunt
1040 980 1206 1018 retinere
1237 980 1396 1018 eandem
1416 979 1665 1024 venustatem,
1697 993 1774 1017 non
1805 979 1844 1016 in

450 1062 502 1092 re,
526 1047 586 1085 sed
607 1047 646 1084 ln
668 1047 806 1090 verbis,
829 1046 946 1099 pofita
961 1046 1162 1083 ducantur.

506 1114 574 1152 Est
593 1114 710 1150 etiam
731 1113 770 1150 in
793 1112 906 1150 verbo
938 1113 1105 1164 positum
1127 1125 1202 1148 non
1225 1111 1408 1149 insulsum
1429 1124 1564 1162 genus,
1595 1123 1641 1147 ex
1666 1123 1726 1154 eo,
1756 1123 1849 1148 cum

451 1180 497 1218 ad
518 1180 693 1223 verbum,
710 1192 786 1216 non
807 1179 851 1215 ad
872 1178 1111 1222 sententiam,
1130 1191 1210 1214 rem
1232 1178 1401 1229 accipere
1418 1177 1586 1214 videare:
1610 1190 1656 1214 ex
1673 1190 1751 1228 quo
1771 1190 1848 1214 uno

451 1260 588 1299 genere
608 1255 711 1284 totus
732 1245 784 1282 est
804 1246 944 1288 Tutor,
968 1245 1112 1282 mimus
1135 1253 1255 1288 vetus,
1272 1244 1416 1296 oppido
1438 1244 1636 1281 ridiculus.
1669 1243 1740 1281 Sed
1755 1243 1850 1281 abeo

451 1326 471 1349 a
491 1312 623 1350 mimis
642 1330 653 1356 ς
686 1308 836 1348 tantum
857 1323 975 1362 genus
997 1309 1112 1361 hujus
1134 1309 1286 1347 ridiculi
1318 1309 1455 1361 infigni
1483 1309 1611 1361 aliqua.
1640 1318 1677 1346 et
1704 1317 1792 1346 nota
1813 1323 1850 1346 re

452 1379 574 1417 notari
595 1378 697 1415 volo.
733 1377 800 1414 Est
819 1386 948 1414 autem
969 1390 1015 1414 ex
1031 1375 1106 1414 hoc
1121 1389 1258 1428 genere
1275 1376 1386 1420 illud,
1413 1375 1516 1427 quod
1534 1385 1590 1419 tn,
1612 1375 1750 1419 Crasse,
1773 1389 1848 1412 nu-

453 1459 520 1498 per
539 1445 587 1489 ei,
623 1444 691 1495 qui
713 1453 748 1480 te
777 1442 947 1494 rogaffet,
979 1456 1074 1480 num
1096 1443 1167 1480 tibi
1189 1442 1369 1480 molestus
1390 1442 1476 1480 effet
1497 1441 1662 1485 futurus,
1694 1441 1719 1479 fi
1741 1441 1787 1478 ad
1814 1450 1849 1478 te

454 1512 551 1549 bene
571 1519 657 1547 ante
678 1510 805 1546 lucem
827 1508 979 1546 veniflet
997 1524 1005 1546 ι
1027 1507 1192 1552 Τιιυενο,
1213 1509 1385 1560 inquisti,
1399 1509 1550 1562 melcstus
1567 1523 1633 1546 non
1654 1508 1735 1546 eris.
1767 1509 1849 1562 Ju-

455 1576 547 1615 babis
563 1576 678 1628 igitur
698 1584 745 1618 te,
778 1574 918 1625 inquit,
936 1574 1114 1626 fifiitari
1125 1574 1143 1612 ἒ
1173 1583 1211 1610 et
1237 1583 1292 1618 tu,
1328 1575 1435 1612 Certe
1454 1588 1607 1626 negaras
1629 1584 1664 1611 le
1682 1575 1850 1627 molestum

439 1642 633 1695 ficturum.
677 1641 738 1678 Ex
757 1640 892 1677 eodem
912 1638 986 1676 hoc
1007 1648 1113 1677 vetus
1135 1639 1231 1676 illud
1252 1639 1316 1683 est,
1349 1640 1453 1691 quod
1472 1641 1579 1677 aiunt
1599 1640 1851 1692 Maluginen-

455 1708 535 1746 sem
554 1707 669 1745 illum
686 1707 748 1744 M.
768 1706 1002 1757 Scipionem,
1024 1719 1115 1742 cum
1132 1719 1178 1743 ex
1194 1706 1363 1742 centuria
1384 1705 1446 1742 sua
1462 1706 1694 1743 renuntiaret
1714 1706 1852 1743 Acidi-

457 1788 554 1812 num
575 1772 798 1817 Consulem,
822 1784 1021 1824 praecoque
1042 1771 1205 1816 dixiss‘et,
1228 1772 1306 1809 Dic
1325 1771 1363 1809 de
1383 1774 1434 1810 L.
1454 1773 1595 1810 Manlio
1608 1788 1620 1809 .·
1647 1773 1772 1810 Virum
1790 1772 1851 1810 bo-

457 1854 555 1884 num,
573 1838 715 1891 inquit,
736 1838 980 1891 egregiumque
998 1837 1110 1876 civem
1130 1837 1188 1890 {ffi’
1207 1837 1384 1875 arbitror.
1428 1837 1609 1875 Ridicule
1624 1838 1740 1875 etiam
1757 1837 1854 1875 illud

458 1906 508 1944 L.
531 1906 687 1944 Porcius
705 1905 842 1943 Nafica
863 1904 1020 1942 Censori
1037 1904 1192 1948 Catoni,
1214 1917 1305 1942 cum
1326 1904 1405 1948 ille,
1436 1906 1498 1942 Ex
1517 1904 1575 1942 tui
1591 1904 1703 1942 animi
1702 1906 1853 1957 finten-

459 1973 526 2017 tia,
546 1981 589 2010 tu
606 1986 748 2010 uxorem
767 1970 873 2010 habes
889 1971 908 2009 .?
939 1972 1024 2009 Non
1044 1970 1195 2014 hercule,
1226 1970 1367 2021 inquit,
1396 1985 1438 2008 ex
1456 1970 1570 2007 animi
1584 1970 1850 2022 meistntentia.

460 2039 557 2076 Haec
578 2047 642 2075 aut
658 2036 796 2090 frigida
815 2037 915 2081 sunt,
946 2046 1010 2074 aut
1030 2046 1115 2074 tum
1147 2035 1247 2080 salsa,
1278 2049 1370 2073 cum
1389 2035 1493 2072 aliud
1513 2035 1565 2072 est
1595 2037 1851 2087 expectatum.

461 2104 611 2142 Natural
622 2104 726 2141 enim
745 2116 812 2141 nos
832 2103 893 2154 (ut
908 2111 994 2139 ante
1007 2102 1104 2153 dixi)
1124 2101 1246 2139 noster
1263 2101 1421 2139 deleRat
1437 2114 1560 2139 error:
1594 2115 1639 2138 ex
1656 2115 1747 2153 quo,
1762 2115 1855 2140 cum

460 2169 562 2220 quasi
584 2169 732 2221 decepti
753 2168 883 2206 sumus
902 2167 1175 2219 expestatione‚
1197 2167 1378 2205 ridemus,

515 2235 642 2273 LXV.
676 2234 722 2272 In
743 2234 865 2272 verbis
885 2234 1003 2271 etiam
1020 2232 1087 2270 illa
1102 2232 1202 2276 sunt,
1219 2247 1302 2284 quae
1322 2241 1386 2270 aut
1406 2246 1450 2270 ex
1468 2233 1673 2270 immutata
1688 2232 1858 2270 oratione

462 2301 669 2345 ducuntur,
691 2309 754 2338 aut
774 2313 822 2338 ex
841 2299 953 2337 unius
974 2298 1080 2336 verbi
1110 2298 1360 2343 transsatione,
1382 2307 1446 2336 aut
1472 2313 1518 2337 ex
1539 2299 1745 2336 inversione
1771 2312 1856 2336 ver-

462 2368 615 2405 borum.
649 2366 709 2404 Ex
730 2365 1028 2410 immutatione3
1062 2374 1117 2410 ut,
1139 2365 1235 2402 olim
1258 2365 1383 2402 Rusca
1398 2379 1489 2402 cum
1510 2365 1636 2417 legem
1655 2364 1768 2403 ferret
1788 2378 1857 2401 an-

464 2434 604 2479 nalem,
626 2432 801 2471 dissuasor
817 2432 880 2470 M.
896 2431 1091 2477 Servilius,
1106 2431 1184 2470 Dic
1202 2431 1300 2476 mihi,
1319 2432 1460 2483 inquit,
1480 2433 1540 2470 M.
1557 2431 1703 2476 Pinari,
1721 2445 1817 2474 num,
1830 2430 1862 2480 fi

462 2509 590 2540 contra
604 2510 639 2539 te
657 2499 788 2545 dixero,
806 2499 895 2539 mihi
905 2499 993 2537 male
1006 2498 1168 2538 diffamas
1179 2513 1224 2543 es,
1241 2507 1281 2536 ut
1301 2498 1528 2551 ccetcrzkstci
1553 2499 1568 2537 i
1582 2499 1600 2537 ,ἲ
1620 2499 1858 2551 Utstmentem
