2176 2912
481 216 562 258 432
926 201 1455 240 ORATOR.

484 296 602 335 modo
622 295 688 333 ille
709 295 748 333 in
780 294 890 333 bonis
910 292 1084 339 haerebit,
1116 303 1154 333 et
1174 293 1364 333 habitabit
1384 295 1458 333 suis
1478 295 1489 332 ?
1521 303 1585 332 aut
1611 293 1761 333 molliet
1779 294 1883 340 dura,

483 372 550 401 aut
569 362 780 400 occultabit
801 375 884 414 quae
904 360 1000 398 dilui
1021 375 1097 399 non
1130 370 1324 414 poterunt,
1355 371 1469 413 atque
1489 362 1650 400 omnino
1676 362 1884 414 opprimet,

484 429 512 467 fi
532 428 679 473 licebit,
711 436 774 465 aut
805 427 967 465 abducet
987 427 1165 465 animos?
1197 436 1260 465 aut
1294 427 1397 465 aliud
1422 427 1563 472 afferet,
1595 428 1700 479 quod
1732 428 1885 481 opposi-

485 504 573 533 tum
593 493 828 548 probabilius
849 493 908 537 fit,
931 507 1047 545 quam
1068 493 1180 537 illud,
1202 493 1307 545 quod
1328 493 1491 531 obstabit
1510 494 1522 530 ?
1896 545 1900 546 ⁷

542 562 632 613 Jam
651 573 740 598 vero
760 573 814 604 ea,
840 573 927 611 quae
957 559 1159 603 invenerit,
1191 558 1266 610 quai
1287 559 1489 610 diligentia
1519 559 1754 596 collocabit?
1785 573 1885 611 quo-

485 627 591 666 niam
613 627 653 664 id
673 625 883 664 secundum
904 633 982 661 erat
1013 624 1058 662 de
1090 624 1226 662 tribus.
1287 624 1485 661 Vestibula
1505 624 1692 662 nimirum
1718 623 1886 670 honesta,

485 692 685 744 aditusque
716 691 762 728 ad
793 689 941 728 causam
964 688 1076 727 faciet
1097 689 1258 726 illustres
1274 708 1286 735 3
1319 703 1488 741 cumque
1507 689 1656 727 animos
1677 690 1802 742 prima
1820 704 1888 742 ag-

485 759 668 812 gressione
706 756 986 809 occcupaverit‚
1031 756 1258 801 infirmabit,
1301 756 1557 808 excludetque
1590 757 1799 801 contraria;
1842 756 1890 794 de

485 824 709 864 firmissimis
729 823 802 860 alia
822 823 945 875 prima
962 831 1094 875 ponet,
1113 822 1184 859 alia
1204 823 1406 875 postrema,
1425 823 1713 874 inculcabitque
1732 823 1886 861 leviora.

486 893 618 943 Atque
637 890 678 927 in
698 889 835 941 primis
856 888 1003 926 duabus
1020 888 1174 926 dicendi
1194 888 1366 941 partibus
1388 888 1510 940 qualis
1532 888 1632 933 esset,
1664 888 1890 926 summatim

486 957 728 1008 breviterque
747 955 1026 1007 descripsimus.

529 1023 641 1061 XVI.
666 1021 751 1065 Sed,
774 1030 817 1058 ut
835 1030 921 1058 ante
941 1020 1089 1058 dietum
1109 1020 1173 1065 est,
1192 1021 1229 1058 in
1251 1019 1312 1058 his
1333 1021 1503 1074 partibus
1521 1020 1603 1072 (etfi
1624 1033 1752 1073 graves
1772 1029 1888 1073 atque

486 1103 635 1142 magnae
656 1088 759 1139 sunt)
797 1087 925 1124 minus
946 1096 983 1124 et
1014 1088 1103 1124 artis
1122 1087 1188 1131 est,
1210 1097 1247 1124 et
1267 1087 1421 1126 laboris.
1482 1089 1586 1124 Cum
1607 1096 1750 1131 autem,
1779 1086 1887 1138 quid,

448 1173 452 1175 -
487 1165 526 1194 et
545 1169 624 1208 quo
644 1155 744 1198 loco,
777 1153 892 1197 dicat,
921 1153 1122 1197 invenerit,
1155 1153 1253 1190 illud
1274 1153 1325 1190 est
1345 1153 1459 1205 longe
1480 1154 1713 1197 maximum,
1748 1152 1888 1197 videre,

485 1234 657 1274 quonam
678 1219 807 1258 modo.
869 1219 1017 1256 Scitum
1039 1219 1090 1256 est
1110 1219 1228 1264 enim,
1260 1219 1365 1270 quod
1385 1219 1594 1257 Carneades
1622 1219 1745 1257 noster
1765 1219 1890 1256 dicere

488 1287 645 1332 solebat,
691 1283 987 1323 Clitomachum
1019 1284 1149 1322 eadem
1182 1285 1320 1330 dicere,
1367 1284 1626 1323 Charmadam
1659 1284 1890 1323 autem'eo-

483 1353 578 1392 dem
599 1353 716 1390 etiam
736 1351 854 1389 modo
875 1351 1012 1388 dicere.
1052 1351 1170 1401 Qod
1188 1351 1214 1388 s1
1236 1352 1273 1388 in
1302 1349 1546 1404 philosophia
1566 1359 1717 1389 tantum
1737 1350 1891 1389 interest

487 1418 821 1472 quemadmodum
842 1416 958 1461 dicas,
992 1417 1058 1454 ubi
1090 1430 1146 1454 res
1168 1416 1368 1469 spectatur,
1399 1431 1476 1455 non
1497 1417 1611 1455 verba
1641 1417 1889 1470 penduntur,

488 1486 584 1537 quid
604 1485 759 1524 tandem
779 1484 819 1521 in
841 1484 958 1522 causis
979 1483 1278 1521 existimandum
1299 1483 1364 1528 est,
1397 1484 1538 1536 quibus
1561 1484 1650 1522 totis
1671 1483 1891 1522 moderatur

487 1553 607 1590 oratio
625 1552 637 1588 ?

543 1617 661 1669 Qod
695 1616 852 1668 quidem
887 1629 971 1668 ego,
1018 1617 1150 1661 Brute,
1194 1630 1241 1654 ex
1276 1616 1350 1654 tuis
1388 1616 1505 1654 literis
1540 1617 1763 1662 sentiebam,
1812 1630 1889 1654 non

487 1694 525 1723 te
545 1684 584 1721 id
618 1683 756 1727 scitari,
792 1682 946 1734 qualem
980 1696 1049 1734 ego
1074 1683 1112 1719 in
1145 1682 1371 1720 inveniendo
1391 1691 1429 1719 et
1457 1683 1496 1720 in
1523 1683 1748 1720 collocando
1781 1683 1888 1720 sum-

487 1764 600 1788 mum
635 1749 705 1788 effe
739 1758 927 1786 oratorem
964 1748 1101 1785 vellem
1119 1766 1130 1793 ς
1177 1748 1238 1785 sed
1272 1748 1310 1785 id
1354 1747 1453 1786 mihi
1490 1763 1656 1800 quaerere
1698 1749 1887 1793 videbare,

486 1816 591 1869 quod
611 1828 730 1868 genus
762 1815 876 1867 ipsius
898 1815 1078 1852 orationis
1111 1814 1553 1867 optimumjudicarem.
1613 1816 1716 1853 Rem
1746 1815 1890 1852 diffici-

483 1883 578 1927 lem,
607 1882 661 1919 dii
694 1880 957 1918 immortales!
990 1889 1103 1931 atque
1130 1881 1311 1918 omnium
1339 1880 1626 1919 difficillimam.
1670 1880 1776 1918 Nam
1796 1894 1889 1918 cum

486 1948 539 1986 est
569 1935 689 1985 oratio
723 1946 867 1991 mollis,
898 1956 936 1984 et
969 1955 1108 1991 tenera,
1152 1956 1189 1983 et
1220 1947 1271 1984 ita
1292 1945 1486 1991 flexibilis,
1519 1956 1562 1984 ut
1582 1947 1756 1998 sequatur
1787 1960 1888 1997 quo-

488 2027 659 2066 cumque
694 2021 896 2064 torqueas;
930 2022 1015 2050 tum
1043 2022 1081 2050 et
1114 2022 1256 2050 natur-ce
1292 2012 1413 2056 variae,
1445 2021 1482 2049 et
1518 2012 1744 2055 voluntates,
1781 2011 1888 2049 mul-

492 2090 576 2118 tum
608 2081 707 2117 inter
736 2079 772 2116 se
803 2079 976 2117 distantia
995 2078 1204 2116 affecerunt
1224 2092 1360 2130 genera
1380 2077 1545 2115 dicendi.
1606 2077 1773 2115 Flumen
1805 2078 1888 2116 aliis

490 2145 707 2189 verborum,
737 2144 1033 2196 volubilitasque
1064 2144 1170 2181 cordi
1190 2143 1255 2187 est,
1278 2143 1345 2195 qui
1366 2152 1516 2195 ponunt
1547 2143 1587 2180 in
1608 2143 1789 2180 orationis
1823 2156 1888 2181 ce-
1941 2192 1945 2195 ⁷

488 2210 635 2248 leritate
652 2209 926 2261 eloquentiam.
986 2209 1176 2246 Distincta
1206 2208 1311 2253 alios,
1342 2217 1379 2245 et
1411 2207 1651 2260 interpuncta
1676 2208 1888 2253 intervalla,

491 2290 620 2320 morae,
653 2274 988 2327 respirationesque
1023 2275 1222 2312 delectant.
1283 2274 1392 2326 Qid
1425 2274 1546 2327 potest
1566 2275 1636 2312 effe
1664 2283 1742 2312 tam
1762 2274 1890 2312 diver-

491 2343 574 2380 sum
593 2342 605 2379 ?
637 2343 789 2379 Tamen
810 2340 861 2378 est
881 2341 920 2377 in
942 2349 1104 2393 utroque
1123 2340 1269 2392 aliquid
1291 2340 1494 2378 excellens.
1538 2341 1748 2378 Elaborant
1764 2340 1828 2378 alii
1848 2341 1889 2378 in

490 2409 646 2446 lenitate
679 2416 716 2444 et
749 2406 1018 2458 aequabilitate,
1049 2415 1086 2444 et
1109 2420 1206 2459 puro
1240 2406 1342 2458 quasi
1363 2406 1530 2458 quodam
1566 2415 1604 2444 et
1629 2406 1792 2444 candido
1819 2419 1887 2458 ge-

492 2487 578 2513 nere
598 2472 764 2512 dicendi.
823 2473 926 2510 Ecce
959 2473 1078 2525 aliqui
1111 2472 1331 2516 duritatem,
1366 2481 1405 2510 et
1431 2472 1664 2510 severitatem
1696 2471 1887 2524 quandam

489 2541 630 2587 verbis,
660 2549 699 2579 et
730 2540 913 2579 orationis
931 2540 1033 2592 quasi
1053 2539 1277 2579 moestitiam
1307 2539 1518 2594 sequuntur
1529 2558 1541 2587 3
1573 2538 1754 2593 quodque
1773 2538 1889 2592 paulo
