2176 2912
530 218 850 260 LIBER
924 217 1339 257 PRIMUS.
1569 231 1641 270 155

244 315 382 360 dicere,
412 326 614 366 nunquam
644 313 690 351 fit
722 325 801 349 non
831 311 1024 363 ineptum,
1061 309 1130 347 nisi
1162 323 1254 347 cum
1284 309 1335 346 est
1367 308 1641 347 neceffarium?

299 382 419 434 Perge
439 393 539 424 vero,
563 379 701 423 Craffe,
723 378 852 430 inquit
873 377 1033 415 Mucius
1050 394 1062 421 ς
1084 375 1194 414 istam
1210 376 1315 413 enim
1336 375 1505 426 culpam,
1528 389 1643 427 quam

243 447 394 491 vereris,
425 460 497 499 ego
516 445 711 498 praestabo.

299 512 431 551 XXV.
456 512 516 550 Sic
536 512 654 564 igitur
667 510 801 554 sentio,
821 509 950 561 inquit
970 507 1119 547 Craffus
1134 526 1145 552 ς
1174 508 1365 546 Naturam
1382 504 1569 559 primum,
1587 516 1643 543 at-

245 592 321 631 que
341 566 545 632 ingenium
565 579 610 616 ad
641 577 849 616 dicendum
879 576 960 614 vim
981 574 1111 613 afferre
1132 574 1344 612 maximam
1362 588 1370 611 :
1404 586 1526 625 neque
1561 587 1646 610 vero

246 645 338 689 istis,
369 645 416 683 de
436 645 576 697 quibus
598 644 711 697 paulo
731 653 816 680 ante
837 642 935 680 dixit
955 641 1165 685 Antonius,
1193 639 1441 692 scriptoribus
1462 639 1565 683 artis,
1588 652 1646 675 ra-

245 710 395 748 tionem
426 710 579 748 dicendi
607 718 645 747 et
665 710 782 752 viam,
815 707 876 745 sed
895 716 1084 751 naturam,
1106 705 1277 744 defuisse.
1329 705 1435 744 Nam
1455 713 1492 742 et
1512 704 1646 747 animi,

247 785 361 828 atque
386 776 533 828 ingenii
552 776 691 814 celeres
712 774 871 826 quidam
892 782 1021 811 motus
1045 772 1116 811 effe
1135 772 1289 817 debent,
1320 771 1388 824 qui
1409 780 1446 808 et
1466 770 1511 808 ad
1530 784 1647 808 exco-

245 842 451 894 gitandum
470 843 587 886 acuti,
607 851 646 879 et
664 841 710 878 ad
730 839 1017 892 explicandum,
1039 839 1333 891 ornandumque
1352 838 1424 876 smt
1445 838 1590 880 uberes,
1613 845 1649 874 et

247 907 293 944 ad
312 907 543 946 memoriam
563 907 667 945 firmi
688 915 801 959 atque
821 906 1008 943 diuturni.
1042 906 1094 943 Et
1114 905 1140 943 fi
1159 906 1245 957 quis
1265 904 1332 948 est,
1355 904 1424 956 qui
1443 902 1525 941 haec
1542 911 1651 955 putet

247 983 325 1011 arte
343 974 466 1028 accipi
486 973 602 1026 posse,
633 973 739 1027 quod
758 973 897 1011 falsum
918 972 985 1017 est,
1023 972 1218 1024 (praeclare
1243 972 1348 1009 enim
1368 971 1404 1008 se
1423 983 1478 1008 res
1498 970 1648 1012 habeat,

248 1039 276 1077 fi
306 1038 388 1078 haec
418 1041 589 1085 accendi,
619 1049 685 1079 aut
718 1039 957 1078 commoveri
976 1048 1053 1077 arte
1072 1037 1212 1091 poffint
1228 1056 1240 1082 ;
1272 1036 1383 1075 inseri
1409 1036 1582 1088 quidem,
1613 1045 1650 1073 et

249 1105 381 1143 donari
401 1107 449 1144 ab
468 1116 547 1144 arte
567 1121 644 1145 non
665 1107 817 1160 poffunt
845 1106 977 1144 omnia
988 1123 1001 1150 ;
1032 1104 1119 1143 sunt
1136 1105 1243 1143 enim
1277 1104 1342 1141 illa
1372 1103 1470 1140 dona
1491 1103 1648 1152 naturae)

250 1171 346 1224 quid
364 1172 411 1209 de
429 1173 506 1211 illis
537 1173 653 1218 dicet,
684 1187 769 1226 quae
788 1182 889 1211 certe
908 1186 1000 1210 cum
1020 1171 1101 1224 ipso
1126 1170 1287 1209 homine
1308 1169 1541 1208 nascuntur?
1574 1169 1651 1206 lin-

251 1252 336 1290 guae
370 1238 523 1284 solutio,
553 1240 658 1278 vocis
690 1240 816 1283 sonus,
851 1239 978 1283 latera,
1023 1239 1134 1282 vires,
1175 1236 1432 1276 conformatio
1461 1235 1651 1288 quaedam,

251 1313 290 1343 et
311 1303 432 1357 figura
450 1306 568 1344 totius
588 1306 677 1350 oris,
700 1314 738 1344 et
757 1305 926 1358 corporis
943 1305 955 1342 ?
986 1304 1128 1356 Neque
1148 1303 1229 1342 haec
1250 1304 1303 1341 ita
1322 1303 1423 1347 dico,
1441 1312 1484 1340 ut
1504 1315 1561 1340 ars
1581 1301 1652 1339 ali-

251 1370 348 1422 quid
378 1370 512 1409 limare
544 1385 619 1410 non
641 1372 765 1425 possit,
799 1373 940 1424 (neque
966 1371 1072 1408 enim
1093 1371 1241 1422 ignoro,
1272 1378 1310 1407 et
1337 1383 1420 1421 quae
1441 1369 1541 1406 bona
1566 1368 1651 1412 fint‚

253 1435 336 1474 fieri
366 1437 526 1475 meliora
555 1438 656 1490 poffe
687 1438 871 1481 doeh-ina,
901 1446 939 1474 et
970 1450 1054 1489 quae
1086 1450 1164 1473 non
1185 1435 1347 1487 optima,
1378 1433 1508 1486 aliquo
1537 1434 1655 1472 modo

252 1502 339 1540 acui
359 1512 502 1548 tamen,
533 1513 571 1542 et
591 1504 730 1557 corrigi
751 1504 870 1557 poffe)
901 1502 964 1540 sed
982 1502 1068 1540 sunt
1089 1502 1248 1554 quidam
1268 1510 1331 1539 aut
1351 1501 1404 1538 ita
1422 1500 1554 1552 lingua
1574 1499 1654 1538 hae-

254 1568 419 1614 fitantes,
450 1579 516 1608 aut
547 1570 599 1608 ita
627 1584 721 1609 voce
751 1570 895 1614 absoni,
932 1578 997 1607 aut
1027 1569 1080 1606 ita
1109 1568 1233 1612 vultu,
1265 1576 1454 1619 motuque
1486 1566 1655 1619 corporis

253 1634 360 1680 vasti,
401 1644 515 1688 atque
543 1636 715 1690 agrestes,
749 1646 805 1682 ut,
840 1635 986 1674 etiamfi
1021 1635 1200 1687 ingeniis,
1242 1643 1356 1686 atque
1386 1642 1463 1671 arte
1494 1632 1655 1677 valeant,

255 1708 387 1739 tamen
406 1701 447 1740 in
477 1712 674 1741 oratorum
705 1715 914 1741 numerum
945 1700 1072 1738 venire
1103 1714 1180 1738 non
1201 1699 1352 1753 poffint.
1402 1701 1498 1737 Sunt
1528 1707 1657 1737 autem

256 1766 416 1818 quidam
434 1768 486 1806 ita
505 1769 545 1807 in
565 1769 700 1807 iisdem
720 1768 831 1807 rebus
852 1767 1012 1811 habiles,
1041 1767 1093 1804 ita
1112 1776 1254 1804 naturae
1275 1765 1499 1804 muneribus
1519 1765 1656 1809 ornati,

258 1839 303 1869 ut
322 1845 401 1870 non
421 1834 513 1878 nati,
545 1834 605 1871 sed
617 1834 673 1871 -ab
693 1834 823 1886 aliquo
843 1833 913 1870 deo
933 1832 1026 1877 fieti,
1045 1832 1117 1870 effe
1135 1832 1348 1870 videantur.

314 1899 511 1952 Magnum
545 1900 741 1952 quoddam
775 1900 827 1938 est
857 1913 954 1938 onus
985 1908 1099 1951 atque
1132 1911 1290 1944 munus,
1331 1897 1515 1950 suscipere
1545 1906 1659 1950 atque

258 1964 445 2018 profiteri,
476 1965 512 2004 se
541 1966 626 2012 effe,
656 1966 840 2005 omnibus
867 1966 1079 2010 silentibus,
1110 1979 1235 2003 unum
1259 1965 1441 2003 maximis
1465 1964 1511 2002 de
1530 1965 1658 2008 rebus,

258 2044 402 2085 magno
432 2033 473 2071 in
503 2043 695 2072 conventu
725 2032 951 2078 hominum,
987 2032 1237 2070 audiendum.
1298 2031 1415 2070 Adest
1447 2030 1553 2068 enim
1583 2028 1662 2069 fere

260 2111 391 2144 nemo,
422 2100 517 2152 quin
538 2101 685 2138 acutius
709 2109 823 2153 atque
851 2101 973 2138 acrius
1004 2100 1096 2137 vitia
1126 2099 1166 2136 in
1196 2098 1363 2143 dicente,
1394 2110 1512 2150 quam
1548 2098 1659 2141 resta,

260 2165 400 2204 videat.
461 2167 532 2212 Ita,
564 2168 756 2220 quidquid
775 2167 841 2212 est,
873 2168 913 2205 in
934 2181 1012 2221 quo
1031 2165 1253 2210 offenditur,
1276 2165 1315 2203 id
1335 2165 1452 2203 etiam
1475 2163 1555 2208 illa,
1577 2177 1662 2216 quae

260 2230 450 2269 laudanda
482 2232 582 2278 sunt,
613 2233 755 2272 obruit.
816 2234 955 2286 Neque
981 2232 1063 2271 haec
1083 2234 1124 2272 in
1144 2246 1228 2270 eam
1250 2231 1476 2270 sententiam
1497 2229 1660 2282 disputo,

264 2306 308 2334 ut
328 2296 504 2336 homines
524 2300 790 2345 adolescentes,
813 2301 839 2338 fi
860 2301 954 2353 quid
975 2300 1142 2338 naturale
1160 2299 1261 2338 forte
1280 2312 1357 2337 non
1378 2297 1556 2340 habeant,
1574 2309 1662 2334 om-

266 2363 360 2401 nino
379 2377 400 2402 a
419 2364 570 2404 dicendi
586 2366 708 2405 studio
728 2367 949 2406 deterream.
982 2368 1082 2419 Qis
1099 2367 1204 2405 enim
1224 2380 1302 2405 non
1321 2365 1438 2409 videt,
1456 2364 1504 2402 C.
1521 2362 1662 2405 Coelio,

267 2430 403 2481 aequali
435 2444 536 2476 meo,
573 2446 716 2485 magno
745 2432 883 2472 honori
914 2433 1037 2478 fuiffe,
1070 2431 1223 2472 homini
1251 2446 1363 2476 novo,
1401 2430 1509 2468 illam
1529 2427 1662 2480 ipsam,

268 2508 542 2550 quamcunque
561 2490 700 2552 affequi
719 2501 902 2553 potuerit,
935 2500 974 2537 in
995 2500 1157 2538 dicendo
1184 2495 1518 2552 mediocritatem?
1565 2491 1664 2544 QiS

981 2566 1017 2602 V
1050 2578 1071 2605 2
