2176 2912
450 195 528 248 360
790 188 921 230 DE
1036 189 1507 229 CLARIS

447 285 639 330 Addebat,
672 283 902 322 industrium
923 283 1039 322 etiam
1060 293 1097 321 et
1118 283 1359 336 diligentem,
1390 293 1427 322 et
1447 284 1486 321 in
1509 283 1849 322 exercitationibus

446 350 918 402 commentationibusque
939 350 1111 388 multum
1130 363 1252 403 operae
1279 350 1435 388 solitum
1467 349 1535 388 effe
1563 364 1715 403 ponere.
1766 351 1849 389 Hic

448 419 636 471 optimus,
674 417 750 455 illis
786 417 1041 469 temporibus,
1073 416 1124 454 est
1155 425 1335 469 patronus
1367 415 1536 462 habitus,
1567 430 1689 469 eoque
1719 415 1849 455 forum

448 494 602 524 tenente
622 484 730 537 plura
749 483 831 521 fieri
845 483 993 535 judicia
1013 492 1225 536 coeperunt.
1286 483 1392 521 Nam
1412 493 1450 521 et
1469 483 1691 535 quaestiones
1713 496 1848 536 perpe-

447 560 524 590 tuae
554 549 629 588 hoc
650 549 884 587 adolescente
914 548 1128 587 constitutae
1150 547 1249 592 sunt,
1281 563 1365 600 quae
1396 558 1505 586 antea
1535 548 1649 586 nullae
1679 548 1850 593 fuerunt,
1894 542 1897 544 ’

454 617 520 668 (L.
544 616 649 654 enim
670 615 768 660 Piso,
803 615 980 652 tribunus
1001 614 1125 665 plebis
1156 613 1282 665 legem
1304 614 1450 665 primus
1483 614 1528 651 de
1548 615 1721 666 pecuniis
1742 627 1850 666 repe-

450 682 596 726 tundis,
619 680 829 719 Censorino
863 689 899 717 et
920 678 1090 716 Manilio
1111 677 1344 717 Consulibus
1372 678 1462 716 tulit
1482 693 1490 716 :
1524 679 1602 731 ipse
1631 679 1746 717 etiam
1768 678 1854 716 Piso

449 758 488 786 et
507 747 632 786 causas
654 747 746 798 egit,
778 754 815 783 et
836 745 1049 783 multarum
1069 744 1202 797 legum
1221 753 1286 782 aut
1306 746 1447 789 aanor,
1470 753 1534 782 aut
1554 744 1730 782 dissuasor
1749 743 1825 782 fuit
1837 761 1850 788 3

450 816 556 867 isque
577 824 613 851 et
633 813 821 851 orationes
843 811 1012 864 reliquit,
1044 825 1128 863 quae
1146 812 1229 863 jam
1257 821 1505 856 evanuerunt,
1541 820 1578 849 et
1598 811 1762 855 annales,
1795 810 1851 848 sa-

452 895 499 919 ne
519 881 669 919 exiliter
690 879 864 932 scriptos)
894 888 931 915 et
945 877 1094 930 judicia
1115 877 1263 931 populi,
1300 877 1441 929 quibus
1462 878 1584 915 aderat
1607 877 1746 921 Carbo,
1769 878 1853 929 jam

451 948 574 1000 magis
595 956 802 999 patronum
822 943 1092 988 desiderabant,
1114 943 1251 981 tabella
1271 944 1379 988 data;
1412 957 1528 995 quam
1546 943 1672 995 legem
1693 944 1740 981 L.
1761 942 1852 980 Cas-

451 1013 538 1056 fius,
562 1011 711 1064 Lepido
727 1019 764 1048 et
780 1010 970 1048 Mancino
991 1008 1240 1054 Consulibus,
1264 1009 1367 1047 tulit.

508 1079 702 1118 XXVIII.
736 1077 867 1115 Vester
886 1077 1002 1114 etiam
1023 1077 1076 1114 D.
1100 1077 1257 1120 Brutus,
1291 1076 1354 1114 M.
1384 1074 1500 1120 filius,
1529 1084 1571 1113 ut
1602 1089 1648 1113 ex
1674 1074 1855 1112 familiari

452 1148 533 1199 ejus
555 1148 603 1184 L.
624 1145 748 1184 Accio
768 1153 878 1197 poeta
899 1144 982 1182 sum
1002 1142 1131 1181 audire
1148 1142 1294 1187 solitus,
1309 1151 1346 1180 et
1362 1142 1487 1180 dicere
1504 1155 1582 1180 non
1599 1141 1743 1179 inculte
1759 1141 1855 1179 sole-

453 1214 532 1257 bat,
554 1222 590 1250 et
605 1221 682 1250 erat
698 1225 791 1249 cum
806 1211 926 1248 literis
944 1210 1107 1253 Latinis,
1124 1218 1208 1247 tum
1230 1208 1347 1247 etiam
1368 1209 1529 1253 Graecis,
1552 1217 1595 1246 ut
1615 1207 1855 1261 temporibus

453 1280 545 1325 illis,
581 1278 766 1317 eruditus.
813 1279 912 1329 Qae
944 1277 1128 1315 tribuerat
1154 1277 1258 1315 idem
1279 1276 1423 1315 Accius
1444 1276 1561 1314 etiam
1583 1275 1854 1328 QMaximO,

454 1348 503 1386 L.
528 1346 636 1384 Pauli
657 1345 819 1398 Nepoti.
862 1346 915 1382 Et
934 1358 1023 1382 vero
1043 1354 1129 1382 ante
1147 1344 1374 1383 Maximum
1392 1344 1506 1382 illum
1522 1343 1757 1395 Scipionem,
1780 1355 1858 1393 quo

454 1414 551 1452 duce
572 1414 721 1466 privato
740 1412 835 1450 Tib.
861 1410 1061 1449 Gracchus
1083 1411 1229 1449 occisus
1251 1411 1351 1456 effet,
1374 1424 1466 1449 cum
1483 1409 1665 1448 omnibus
1683 1409 1722 1446 in
1744 1409 1856 1446 rebus

454 1478 740 1523 vehementem,
765 1488 850 1516 tum
871 1491 997 1515 acrem
1015 1478 1138 1515 aiebat
1159 1478 1197 1515 in
1219 1477 1382 1515 dicendo
1402 1476 1524 1515 fuiffe.

511 1547 621 1583 Tum
642 1546 757 1582 etiam
780 1546 822 1582 P.
848 1544 1038 1581 Lentulus
1066 1544 1130 1580 ille
1163 1544 1353 1596 princeps,
1387 1543 1432 1580 ad
1453 1543 1734 1595 rempublicam
1755 1541 1857 1579 dun-

455 1620 559 1650 taxat
580 1610 684 1663 quod
711 1623 806 1662 opus
827 1608 930 1653 effet,
962 1609 1046 1646 satis
1067 1607 1235 1645 habuifl‘e
1255 1609 1481 1660 eloquentiae
1501 1608 1655 1645 dicitur.
1695 1607 1857 1645 Iisdem-

457 1691 533 1729 que
564 1675 803 1728 temporibus
825 1675 873 1712 L.
898 1674 1036 1711 Furius
1060 1672 1195 1711 Philus
1217 1674 1381 1726 perbene
1402 1674 1539 1711 Latine
1565 1674 1674 1725 loqui
1694 1672 1858 1725 putaba-

457 1753 533 1788 tur,
566 1741 824 1794 literatiusque
856 1754 971 1792 quam
994 1741 1130 1777 caeteri.
1192 1741 1236 1778 P.
1260 1741 1422 1778 Scaevola
1453 1739 1560 1777 valde
1585 1738 1792 1791 prudenter
1822 1746 1861 1775 et

457 1819 580 1853 acute,
614 1808 727 1862 paulo
755 1808 871 1845 etiam
903 1806 1104 1858 copiofius.
1156 1806 1242 1844 Nec
1263 1806 1390 1844 multo
1411 1806 1540 1844 minus
1568 1805 1774 1857 prudenter
1794 1804 1857 1842 M.

459 1875 664 1913 Manilius.
699 1874 819 1926 Appii
842 1873 996 1912 Claudii
1016 1872 1213 1917 volubilis,
1246 1872 1307 1910 sed
1327 1873 1441 1926 paulo
1461 1871 1656 1916 fervidior,
1678 1879 1754 1908 erat
1773 1883 1859 1907 ora-

457 1942 526 1980 tio.
579 1935 622 1979 In
643 1940 773 1992 aliquo
800 1953 961 1977 numero
994 1939 1110 1976 etiam
1133 1940 1194 1977 M.
1219 1939 1378 1978 Fulvius
1411 1939 1588 1982 Flaccus,
1620 1946 1657 1975 et
1690 1937 1738 1975 C.
1762 1937 1861 1974 Cato

460 2007 633 2045 Africani
669 2007 803 2044 sororis
837 2006 954 2050 filius,
986 2005 1196 2043 mediocres
1226 2014 1388 2043 oratores
1406 2023 1417 2049 3
1463 2004 1527 2041 etsi
1560 2003 1690 2041 Flacci
1724 2002 1861 2054 scripta

460 2073 559 2118 sunt,
591 2073 650 2110 sed
671 2082 714 2110 ut
734 2072 886 2110 studiosi
908 2071 1118 2109 literarum.
1165 2071 1295 2108 Flacci
1316 2079 1444 2107 autem
1465 2068 1625 2107 aemulus
1650 2069 1693 2106 P.
1716 2068 1861 2106 Decius

459 2139 548 2183 fuit,
570 2153 647 2176 non
668 2138 793 2176 infans
815 2138 879 2175 ille
900 2137 1086 2190 quidem3
1120 2136 1181 2174 sed
1203 2146 1245 2175 ut
1264 2137 1353 2181 vita,
1370 2136 1418 2176 sic
1435 2135 1604 2173 oratione
1624 2134 1752 2180 etiam,
1776 2143 1858 2172 tur-

460 2205 655 2243 bulentus.

502 2271 564 2308 M.
586 2270 747 2314 Drusus,
765 2270 812 2307 C.
829 2269 945 2314 filius,
968 2268 1033 2321 qui
1051 2268 1090 2306 in
1108 2268 1305 2306 tribunatu
1327 2269 1374 2306 C.
1396 2267 1636 2312 Gracchum,
1654 2267 1858 2320 collegam,

460 2338 600 2374 iterum
622 2337 839 2380 tribunum,
870 2334 998 2387 fregit,
1029 2335 1086 2372 vir
1117 2344 1154 2372 et
1180 2334 1349 2372 oratione
1377 2335 1513 2387 gravis,
1544 2344 1582 2372 et
1611 2334 1859 2372 auetoritate:

459 2404 572 2455 eique
592 2403 766 2455 proxime
782 2402 980 2454 adjundtus
999 2403 1046 2439 C.
1072 2401 1218 2439 Drusus
1239 2399 1353 2438 frater
1372 2400 1461 2439 fuit.
1494 2402 1606 2439 Tuus
1628 2400 1743 2438 etiam
1764 2412 1860 2452 gen-

401 2479 404 2481 ’
461 2470 555 2514 tilis,
579 2469 708 2514 Brute,
727 2469 790 2506 M.
809 2469 962 2506 Pennus
983 2467 1095 2505 facile
1111 2467 1268 2521 agitavit
1284 2467 1323 2505 in
1343 2468 1540 2506 tribunatu
1558 2468 1605 2505 C.
1622 2465 1861 2509 Gracchum,

462 2535 622 2588 paulum
643 2544 748 2574 aetate
768 2534 1005 2573 antecedens.
1053 2534 1145 2573 Fuit
1174 2533 1294 2580 enim,
1317 2534 1380 2574 M.
1410 2533 1574 2588 Lepido,
1602 2542 1640 2572 et
1659 2533 1706 2571 L.
1732 2529 1863 2569 Oreste
