2176 2912
439 201 513 256 328
792 197 905 236 DE
984 196 1488 235 ORATORE

438 295 548 334 nobis
564 292 763 330 concedit:
787 291 898 328 tacite
920 299 1046 328 tamen
1062 302 1194 328 omnes
1216 302 1292 327 non
1310 289 1380 327 effe
1400 288 1510 333 illud,
1529 287 1633 340 quod
1648 285 1832 332 diximus,

437 370 572 413 aptum
606 356 894 410 perfectumque
927 365 1103 393 cernunt.
1163 355 1296 406 Itaque
1330 354 1389 391 illi
1414 363 1569 398 veteres,
1605 353 1701 390 ficut
1720 351 1835 390 hodie

437 427 554 463 etiam
590 422 794 462 nonnullos
827 422 1016 465 videmus,
1047 434 1138 458 cum
1170 421 1379 458 circuitum
1411 429 1447 456 et
1467 419 1569 471 quafi
1589 419 1723 456 orbem
1749 431 1834 455 ver-

439 493 580 530 borum
601 488 786 527 conficere
821 501 897 525 non
918 486 1076 539 poffent,
1112 487 1220 537 (nam
1254 486 1293 523 id
1312 485 1471 537 quidem
1491 497 1612 537 nuper
1642 483 1701 521 vel
1721 482 1834 535 posse,

439 558 498 596 vel
520 557 653 595 audere
673 555 882 606 coepimus)
907 563 1024 596 terna,
1053 561 1117 589 aut
1138 552 1240 595 bina,
1276 561 1340 588 aut
1359 551 1536 589 nonnulli
1557 550 1702 602 fingula
1721 549 1838 586 etiam
1875 551 1879 552 ⁷

440 624 555 662 verba
585 621 786 659 dicebant:
820 619 887 670 qui
918 619 957 655 in
990 617 1054 654 illa
1073 616 1233 654 infantia
1261 616 1423 654 naturali
1450 616 1560 659 illud,
1597 616 1701 666 quod
1732 627 1838 651 aures

439 689 650 729 hominum
669 686 903 738 flagitabant,
919 683 1096 720 tenebant
1117 691 1245 720 tamen
1259 700 1270 726 3
1293 691 1337 719 ut
1356 691 1393 719 et
1413 681 1478 718 illa
1491 681 1607 718 effent
1623 680 1738 732 paria,
1755 693 1840 731 quae

440 755 623 797 dicerent,
654 761 690 788 et
712 750 920 801 aequalibus
937 747 1306 800 interspirationibus
1328 756 1534 784 uterentur.

489 825 578 862 LII.
611 820 783 873 Exposui
798 819 889 863 fere,
912 828 954 856 ut
974 818 1098 870 potui,
1116 831 1200 869 quae
1216 817 1385 854 maxime
1400 817 1446 854 ad
1463 824 1643 854 ornatum
1659 814 1840 853 orationis

442 889 632 943 pertinere
653 885 871 924 arbitrabar.
910 884 1007 922 Dixi
1025 884 1132 921 em‘m
1153 882 1198 920 de
1218 882 1457 935 fingulorum
1477 881 1587 919 laude
1607 881 1811 919 verborum
1827 898 1839 924 3

444 956 525 994 dixi
546 955 591 992 de
622 952 893 1004 conjunctione
912 963 1043 987 eorum
1060 968 1072 994 ς
1105 949 1185 986 dixi
1206 949 1251 986 de
1272 962 1434 987 numero
1453 957 1567 999 atque
1587 946 1724 985 forma.
1772 946 1842 985 Sed

445 1022 471 1059 s1
500 1020 679 1058 habitum
700 1018 816 1054 etiam
836 1016 1032 1060 orationis,
1065 1024 1102 1052 et
1121 1014 1223 1066 quasl
1244 1014 1412 1052 colorem
1444 1013 1614 1066 aliquem
1634 1012 1840 1064 requiritiS,

444 1086 498 1134 est
518 1096 554 1123 et
575 1085 685 1137 plena
705 1083 893 1134 quaedam,
926 1081 987 1118 sed
1008 1090 1135 1118 tamen
1157 1089 1250 1117 teres
1267 1098 1279 1123 ;
1311 1088 1348 1116 et
1366 1079 1504 1123 tenuis,
1526 1091 1602 1115 non
1624 1077 1699 1115 fine
1719 1077 1843 1114 nervis

447 1164 489 1188 ac
507 1150 649 1187 viribus
668 1167 677 1192 ;
705 1157 742 1185 et
758 1161 812 1192 ea,
831 1161 915 1199 quae
935 1145 1122 1198 particeps
1139 1143 1335 1196 utriusque
1351 1144 1496 1195 generis
1513 1141 1677 1195 quadarn
1695 1141 1844 1179 medio-

447 1218 579 1254 critate
600 1215 787 1252 laudatur.
852 1213 928 1250 His
949 1211 1071 1248 tribus
1094 1210 1226 1262 figuris
1248 1209 1405 1247 insidere
1439 1208 1597 1261 quidam
1626 1206 1844 1251 venustatis,

449 1296 526 1320 non
548 1281 638 1319 fuco
659 1280 794 1322 illitus,
818 1278 878 1315 sed
896 1278 1076 1329 sanguine
1093 1275 1266 1321 diffusus,
1285 1275 1397 1313 debet
1413 1275 1530 1313 color.
1554 1276 1665 1312 Tum
1680 1270 1848 1325 denique

447 1349 557 1386 nobis
579 1347 643 1385 hic
664 1355 787 1384 orator
818 1346 870 1382 ita
890 1343 1189 1382 conformandus
1209 1343 1261 1381 est
1280 1351 1318 1380 et
1347 1343 1472 1381 verbis
1491 1350 1529 1379 et
1549 1341 1756 1384 sententiis,
1787 1347 1845 1383 ut,

448 1412 779 1466 quemadmodum
812 1411 880 1463 qui
900 1419 1063 1448 utuntur
1092 1410 1205 1447 armis
1225 1418 1290 1447 aut
1314 1409 1494 1461 palaestra,
1526 1421 1604 1445 non
1629 1406 1754 1445 solum
1777 1405 1847 1443 fibi

447 1480 608 1524 vitandi,
639 1488 703 1516 aut
727 1477 887 1515 feriendi
917 1477 1105 1516 rationem
1126 1475 1195 1513 effe
1216 1474 1433 1513 habendam
1453 1482 1604 1527 putant,
1626 1472 1688 1510 sed
1714 1472 1845 1514 etiam,

450 1554 493 1582 ut
513 1559 605 1582 cum
639 1543 828 1580 venustate
848 1551 1073 1579 moveantur
1089 1559 1100 1584 3
1132 1541 1182 1576 sic
1201 1540 1325 1577 verbis
1345 1539 1504 1591 quidem
1523 1539 1569 1576 ad
1589 1546 1716 1590 aptam
1735 1549 1847 1574 com-

451 1610 678 1663 positionem
698 1618 736 1645 et
756 1607 983 1650 decentiam,
1014 1605 1208 1643 sententiis
1235 1618 1324 1642 vero
1344 1605 1390 1641 ad
1406 1604 1645 1656 gravitatem,
1667 1601 1848 1640 orationis

452 1686 593 1720 utatur,
617 1685 660 1713 ut
680 1675 720 1719 ii,
742 1674 808 1725 qui
826 1674 866 1710 in
886 1685 1082 1710 armorum
1103 1671 1322 1708 tractatione
1342 1670 1545 1708 versantur.

508 1743 741 1781 Formantur
769 1748 899 1776 autem
920 1747 957 1775 et
987 1737 1097 1775 verba
1131 1746 1168 1774 et
1188 1736 1380 1774 sententiae
1400 1749 1495 1788 pene
1521 1733 1818 1772 innumerabiles
1835 1751 1848 1778 ;

454 1809 559 1861 quod
578 1807 662 1844 satis
683 1804 758 1843 scio
778 1813 917 1842 notum
938 1803 1007 1841 effe
1028 1803 1135 1840 vobis
1154 1817 1162 1839 :
1196 1800 1257 1839 sed
1277 1802 1375 1839 inter
1395 1800 1744 1839 conformationem
1766 1812 1851 1837 ver-

454 1874 593 1911 borum
614 1882 651 1910 et
671 1871 943 1909 sententiarum
962 1868 1037 1907 hoc
1069 1867 1234 1912 interest,
1269 1867 1374 1920 quod
1404 1867 1609 1905 verborum
1630 1865 1794 1909 tollitur,
1825 1864 1853 1902 fi

455 1940 568 1977 verba
589 1930 772 1982 inutaris;
804 1937 1077 1974 sententiarum
1096 1943 1308 1988 permanet,
1331 1933 1624 1986 quibuscunque
1650 1931 1774 1969 verbis
1795 1930 1853 1968 uti

455 2005 562 2043 velis.
614 2004 731 2056 Qod
753 2003 911 2055 quidem
945 2015 1010 2040 vos
1037 2001 1100 2039 etsl
1122 2000 1262 2045 facitis,
1294 2009 1422 2038 tamen
1452 1997 1711 2036 admonendos
1742 2004 1853 2048 puto,

457 2084 504 2109 ne
524 2071 618 2123 quid
639 2070 708 2108 effe
723 2069 826 2107 aliud
847 2068 1003 2106 oratoris
1025 2067 1180 2120 puteti5‚
1202 2065 1306 2118 quod
1327 2064 1485 2117 quidem
1505 2064 1549 2101 fit
1568 2062 1765 2115 egregium
1794 2070 1853 2098 at-

457 2149 534 2188 que
553 2135 741 2179 mirabile,
774 2135 843 2172 nisi
878 2135 916 2172 in
939 2133 1094 2185 singulis
1115 2131 1238 2170 verbis
1267 2130 1332 2169 illa
1351 2130 1422 2168 tria
1442 2138 1580 2173 tencre,
1610 2137 1651 2166 ut
1672 2127 1854 2166 transsatis

458 2211 612 2239 utamur
632 2199 862 2252 frequenter,
898 2198 1171 2249 interdumque
1202 2195 1323 2241 saetis,
1356 2208 1437 2233 raro
1466 2203 1595 2233 autem
1628 2193 1745 2232 etiam
1766 2206 1855 2246 per-

457 2267 635 2306 vetustis:
668 2267 707 2304 in
729 2274 911 2318 perpetua
933 2273 1062 2302 autem
1093 2263 1274 2307 oratione,
1306 2275 1398 2300 curn
1427 2270 1464 2299 et
1494 2259 1776 2313 conjunstionis
1798 2258 1855 2296 le-

461 2334 634 2377 nitatem,
657 2341 694 2369 et
715 2344 978 2374 numerorum,
1001 2342 1118 2382 quam
1140 2328 1234 2373 dixi,
1268 2328 1453 2366 rationem
1488 2326 1739 2370 tenuerimus,
1771 2332 1858 2362 tum

460 2399 513 2438 est
533 2399 633 2452 quasi
665 2397 881 2436 luminibus
902 2395 1180 2448 distinguenda,
1216 2403 1254 2433 et
1273 2393 1547 2447 frequentanda
1566 2392 1690 2432 omnis
1721 2389 1854 2434 oratio,

460 2466 732 2506 sententiarum
752 2473 864 2517 atque
884 2462 1102 2501 verborum.
