2176 2912
423 208 503 258 284
776 209 891 248 DE
968 207 1473 248 ORATORE

423 309 461 338 et
494 300 665 339 dofflina
693 301 867 354 praestans
898 303 1095 348 omnibus,
1126 312 1212 341 tum
1232 302 1272 340 in
1292 301 1357 340 suo
1376 315 1511 354 genere
1527 300 1714 354 perfectus
1730 320 1744 348 3
1773 311 1818 342 ut

423 380 549 420 neque
569 368 609 405 in
633 369 802 407 Antonio
822 369 956 407 deesset
986 368 1052 407 hic
1082 378 1236 407 ornatus
1256 369 1452 414 orationis,
1483 382 1605 421 neque
1628 369 1669 407 in
1689 367 1819 407 Crasso

424 433 662 473 redundaret.

479 500 530 537 V.
563 501 620 538 Ut
639 500 758 553 igitur
772 509 859 538 ante
874 501 1076 538 meridiem
1093 500 1348 545 discefferunt,
1367 500 1646 553 paululumque
1665 501 1817 553 requie-
1863 539 1866 540 ⁷

425 574 528 610 runt,
550 566 590 603 in
610 567 746 619 primis
774 565 848 604 hoc
869 580 889 603 a
909 567 944 603 se
964 568 1079 604 Cotta
1098 566 1401 603 animadversum
1421 564 1490 603 effe
1507 566 1672 610 dicebat,
1702 579 1819 604 omne

423 632 523 670 illud
546 641 699 685 tempus
720 632 975 669 meridianum
995 632 1169 669 Craffum
1189 632 1229 668 in
1248 632 1431 669 acerrima
1445 640 1558 683 atque
1577 632 1820 670 attentissima

424 698 657 750 cogitatione
676 697 858 750 posuisse,
891 697 1052 748 seseque,
1083 696 1151 748 qui
1166 696 1321 734 vultum
1340 697 1435 748 ejus,
1453 696 1591 734 cumei
1611 696 1821 734 dicendum

424 762 526 808 effer,
557 763 818 813 obtutumque
850 761 1053 799 oculorum
1087 762 1128 798 in
1161 761 1366 813 cogitando
1396 761 1514 814 probe
1543 761 1676 806 nosset,
1707 770 1821 814 atque

425 828 466 866 in
497 829 676 866 maximis
709 828 825 865 causis
846 827 940 880 saepe
972 827 1132 872 vidiffet,
1164 836 1250 865 tum
1271 827 1397 865 dedita
1429 841 1555 880 opera,
1586 827 1820 879 quiescenti-

426 894 497 932 bus
517 895 614 939 aliis,
645 895 686 932 in
706 908 790 932 eam
809 892 1016 932 exhedram
1037 893 1188 937 veniffe,
1219 893 1260 930 in
1276 907 1350 945 qua
1371 893 1518 931 Craffus
1539 893 1680 931 leffisso
1699 894 1821 946 pofito

425 960 652 999 recubuisset
667 979 678 1005 3
710 973 879 1012 cumque
907 973 998 997 eum
1029 960 1070 996 in
1099 959 1331 1011 cogitatione
1360 959 1532 997 defixum
1551 959 1620 997 effe
1646 959 1820 1004 senfiffet,

425 1027 555 1066 statim
585 1027 773 1071 receffiffe,
804 1036 919 1078 atque
948 1026 988 1063 in
1019 1039 1063 1063 eo
1091 1025 1240 1063 silentio
1265 1026 1356 1064 duas
1386 1024 1496 1064 horas
1525 1024 1604 1063 fere
1636 1025 1705 1063 effe
1724 1040 1820 1064 con-

426 1093 609 1146 sumptas.
669 1092 836 1137 Deinde,
867 1106 960 1130 cum
991 1104 1139 1135 omneS,
1170 1091 1355 1129 inclinato
1379 1092 1462 1143 jam
1483 1091 1523 1128 in
1554 1091 1821 1142 postmeridia-

426 1174 525 1198 num
546 1169 697 1212 tempus
718 1159 792 1203 die,
822 1157 1004 1196 venissent
1024 1157 1070 1195 ad
1091 1156 1279 1202 Crassum,
1312 1157 1420 1208 Qid
1438 1156 1503 1201 est,
1535 1155 1673 1201 Craffe,
1693 1156 1822 1209 inquit

427 1226 570 1277 Julius,
602 1226 751 1265 imusne
770 1224 932 1263 seffum?
964 1223 1029 1262 etsi
1061 1223 1305 1262 admonitum
1326 1223 1502 1261 venimus
1520 1231 1572 1268 te,
1603 1236 1680 1261 non
1710 1222 1821 1278 flagi-

426 1300 567 1331 tatum.

482 1361 593 1398 Tum
629 1359 791 1404 Crassus,
831 1372 878 1396 an
902 1372 965 1397 me
994 1367 1075 1397 tam
1104 1358 1371 1411 impudentem
1401 1357 1472 1395 effe
1501 1356 1737 1401 existimatis,
1779 1364 1823 1394 ut

425 1427 535 1465 vobis
555 1426 630 1465 hoc
650 1426 857 1479 praesertim
884 1439 1026 1464 munus
1046 1435 1181 1479 putem
1215 1426 1359 1463 diutius
1379 1424 1479 1478 poffe
1504 1424 1640 1462 debere
1658 1425 1671 1461 ?
1759 1423 1820 1460 ui-

428 1506 518 1531 nam
538 1494 670 1546 igitur,
685 1493 813 1544 inquit
833 1492 912 1537 ille,
927 1493 1062 1530 locus?
1085 1506 1131 1530 an
1153 1493 1191 1530 in
1209 1492 1335 1530 media
1354 1491 1443 1529 silva
1462 1491 1614 1543 placet?
1644 1489 1696 1528 cst
1716 1490 1822 1528 enim

430 1558 462 1597 is
482 1559 651 1596 maxime
671 1566 707 1594 et
728 1570 867 1608 opacus
898 1565 934 1593 et
964 1555 1140 1608 frigidus.
1173 1558 1279 1599 Sane,
1310 1556 1439 1607 inquit
1471 1555 1646 1593 Crassus:
1677 1555 1822 1593 etenim

428 1624 481 1662 est
501 1624 541 1662 in
561 1638 605 1661 eo
625 1623 710 1661 loco
731 1622 830 1659 sedes
851 1620 943 1659 huic
964 1621 1089 1658 nostro
1116 1635 1192 1658 non
1221 1621 1476 1672 inopportuna
1496 1620 1673 1658 sermoni.
1717 1622 1823 1658 Cum

430 1689 624 1742 placuiffet
644 1688 748 1726 idem
767 1687 925 1730 caeteris,
943 1687 981 1724 in
1002 1687 1133 1724 silvam
1153 1686 1316 1730 venitur,
1347 1695 1383 1723 et
1404 1686 1457 1723 ibi
1484 1699 1621 1738 magna
1640 1699 1733 1723 cum
1752 1699 1820 1724 au-

429 1756 558 1794 diendi
577 1755 837 1808 expectatione
857 1753 1077 1791 confiditur.

489 1825 598 1861 Tum
616 1822 779 1866 craffus,
801 1834 891 1858 cum
913 1820 1127 1863 auetoritas,
1148 1828 1262 1871 atque
1281 1819 1451 1857 amicitia
1470 1818 1600 1863 vestra,
1631 1828 1717 1857 tum
1737 1821 1822 1857 An-

431 1890 528 1927 tonii
560 1888 721 1939 facilitas
752 1887 906 1940 cripuit,
938 1887 1079 1938 inquit,
1111 1885 1210 1923 mihi
1237 1887 1276 1924 in
1308 1887 1455 1938 optima
1475 1899 1560 1923 mea
1578 1885 1685 1923 causa
1704 1885 1823 1923 liber-

431 1964 549 1992 tatem
581 1954 775 1992 recusandi
793 1969 801 1991 :
848 1966 1067 2005 quanquam
1102 1953 1140 1989 in
1171 1952 1366 2004 partienda
1399 1951 1651 2004 disputatione
1686 1951 1822 1995 nostra,

432 2034 524 2059 cum
559 2021 627 2058 s1bi
654 2020 699 2057 de
729 2021 788 2064 iis,
821 2033 904 2071 quae
932 2019 1007 2056 dici
1038 2018 1083 2055 ab
1114 2027 1259 2055 oratore
1278 2026 1482 2069 oporteret,
1514 2016 1691 2061 sumeret,
1723 2014 1823 2053 mihi

430 2095 560 2123 autem
574 2086 817 2137 relinqueret,
832 2093 875 2121 ut
894 2084 1125 2136 explicarem
1143 2082 1470 2134 quemadmodum
1489 2080 1553 2118 illa
1569 2081 1691 2118 ornari
1708 2095 1823 2134 opor-

431 2161 540 2196 teret,
576 2165 618 2188 ea
637 2151 774 2194 divifit,
797 2164 880 2201 quae
901 2150 1064 2200 sejuncta
1085 2148 1153 2185 effe
1175 2162 1250 2186 non
1270 2147 1433 2200 poffunt.
1467 2148 1573 2185 Nam
1590 2161 1680 2185 curn
1696 2148 1823 2185 omnis

431 2231 477 2256 ex
498 2231 550 2262 re,
571 2226 685 2268 atque
705 2216 826 2253 verbis
847 2216 990 2252 constet
1009 2215 1152 2258 orati03
1176 2227 1297 2265 neque
1316 2213 1427 2251 verba
1439 2213 1562 2250 sedern
1584 2211 1720 2251 habere
1736 2213 1824 2266 pos-

433 2284 533 2328 sunt,
555 2284 580 2321 fi
602 2297 682 2321 rem
703 2282 942 2325 subtraxeris,
966 2295 1089 2332 neque
1110 2294 1165 2318 res
1182 2280 1326 2324 lumen,
1349 2280 1373 2317 fi
1394 2280 1506 2317 verba
1526 2279 1740 2318 semoveris.

487 2351 547 2388 Ac
568 2348 666 2387 mihi
682 2349 839 2401 quidem
860 2357 999 2385 veteres
1019 2346 1089 2391 illi,
1112 2347 1233 2398 majus
1254 2346 1436 2398 quiddam
1463 2345 1593 2383 animo
1613 2345 1824 2398 complexi,

434 2417 520 2469 plus
555 2415 681 2454 multo
712 2415 827 2451 ctiam
858 2413 986 2450 vidisse
1018 2413 1208 2457 videntur,
1240 2425 1356 2464 quam
1387 2420 1576 2463 quantum
1610 2411 1825 2449 nostrorum

433 2482 678 2535 ingeniorum
709 2481 805 2518 acics
839 2480 976 2517 intueri
1005 2479 1154 2531 potest,
1186 2478 1253 2530 qui
1273 2479 1402 2516 omnia
1420 2477 1516 2522 haec,
1547 2491 1631 2529 quae
1651 2477 1759 2528 supra
1787 2485 1825 2514 et

434 2549 573 2596 subter,
616 2561 739 2587 unum
766 2547 848 2593 esse,
889 2556 927 2585 et
954 2560 1029 2585 una
1061 2546 1112 2591 vi,
1158 2554 1271 2598 atque
1305 2559 1379 2584 una
1409 2544 1648 2584 consensione
1683 2551 1825 2582 natura>
