2176 2912
726 189 1398 246 PARTITIONES.
1688 223 1765 263 525

365 308 408 337 ut
428 299 605 343 fiderum,
642 307 685 335 ut
716 310 922 350 equorum,
956 307 1000 336 ut
1022 298 1200 343 venandi,
1231 308 1275 336 ut
1309 312 1517 337 armorum.
1578 301 1623 338 In
1655 314 1766 339 com-

364 365 565 407 munibus,
597 363 837 415 propensiora
866 363 988 400 studia
1016 364 1055 401 in
1078 364 1209 416 aliquo
1238 378 1376 416 genere
1402 366 1554 403 virtutis
1578 367 1769 418 praecipue

364 429 539 472 colendo,
571 438 634 465 aut
673 428 813 466 divinis
848 428 960 465 rebus
993 429 1251 473 deserviendo,
1283 439 1347 467 aut
1386 431 1621 483 parentibus,
1668 433 1767 469 ami-

363 495 433 538 cis,
470 493 702 546 hospitibus,
748 494 939 546 praecipue
973 503 1086 545 atque
1121 494 1318 546 insigniter
1356 495 1575 548 diligendis.
1636 498 1769 549 Atque

363 558 445 597 haec
467 559 626 611 quidem
648 560 852 597 virtutum.
913 560 1111 598 Vitiorum
1133 570 1262 598 autem
1289 561 1378 599 sunt
1402 575 1541 613 genera
1568 564 1768 600 contraria.

365 625 566 664 Cernenda
601 636 730 663 autem
764 625 850 663 sunt
884 625 1102 678 diligenter,
1139 640 1186 664 ne
1216 626 1351 665 fallant
1381 641 1423 664 ea
1450 641 1518 665 nos
1550 627 1655 672 vitia,
1687 642 1770 680 qua]

364 693 549 730 virtutem
569 693 747 730 videntur
767 693 922 731 imitari.
958 694 1063 731 Nam
1090 702 1128 731 et
1149 694 1393 746 prudentiam
1413 695 1575 739 malitia,
1599 704 1636 732 et
1667 703 1768 732 tem-

363 759 575 810 perantiam
607 758 827 796 immanitas
849 759 890 796 in
920 759 1182 812 voluptatibus
1215 760 1469 813 aspernandis,
1500 769 1538 798 et
1570 761 1769 813 magnitu-

365 824 497 862 dinem
529 825 650 862 animi
683 824 858 876 superbia
891 825 931 862 in
958 826 1095 863 animis
1115 826 1359 871 extollendis,
1391 835 1427 864 et
1455 826 1699 878 despicientia
1727 828 1770 865 in

364 890 657 928 contemnendis
678 888 906 934 honoribus,
928 900 965 928 et
985 891 1256 929 liberalitatem
1278 892 1424 936 effusio,
1446 902 1482 930 et
1498 892 1768 931 fortitudinem

364 956 521 993 audacia
549 956 751 1000 imitatum
784 965 821 993 et
855 957 1081 1008 patientiam
1115 957 1257 995 duritia
1290 958 1486 1003 immanis,
1515 967 1553 996 et
1578 959 1769 1010 justitiam

363 1023 561 1066 acerbitas,
600 1031 637 1059 et
667 1022 896 1074 religionem
927 1023 1154 1076 superstitio,
1186 1032 1222 1062 et
1253 1024 1450 1062 lenitatem
1484 1025 1650 1062 mollitia
1683 1026 1768 1062 ani-

365 1089 436 1133 mi,
467 1098 505 1126 et
535 1088 805 1126 verecundiam
832 1089 1032 1134 timiditas,
1065 1099 1102 1127 et
1134 1090 1241 1127 illam
1272 1090 1490 1143 disputandi
1524 1091 1770 1143 prudentiam

365 1155 599 1192 concertatio
619 1155 864 1206 captatioque
885 1155 1106 1199 verborum,
1138 1165 1175 1193 et
1196 1154 1295 1193 hanc
1316 1157 1517 1194 oratoriam
1545 1157 1624 1194 vim
1646 1156 1768 1194 inanis

365 1221 540 1273 quaedam
562 1219 790 1272 profluentia
805 1219 1004 1271 loquendi.
1037 1221 1178 1259 Studiis
1199 1231 1327 1259 autem
1350 1222 1459 1260 bonis
1481 1222 1618 1259 fimilia
1633 1222 1768 1260 viden-

364 1297 429 1325 tur
447 1301 501 1331 ea,
525 1301 608 1338 quse
630 1286 715 1324 sunt
735 1286 775 1324 in
795 1287 931 1324 eodem
947 1301 1084 1339 genere
1100 1288 1236 1326 nimia.
1277 1289 1544 1340 Qamobrem
1565 1290 1691 1327 omnis
1712 1289 1768 1326 vis

363 1354 542 1392 laudandi
567 1353 886 1405 vituperandique
920 1368 966 1391 ex
993 1353 1053 1391 his
1089 1354 1260 1392 sumetur
1285 1356 1475 1393 virtutum
1507 1355 1770 1407 vitiorumque

365 1421 561 1474 partibus:
586 1420 645 1457 sed
667 1420 705 1456 in
728 1428 808 1457 toto
825 1420 927 1471 quafi
948 1430 1131 1459 contextu
1147 1422 1327 1460 orationis
1345 1421 1426 1460 haec
1442 1432 1553 1459 erunt
1574 1423 1768 1459 illustran-

366 1488 413 1525 da
444 1488 626 1532 maxime,
656 1486 987 1539 quemadmodum
1008 1482 1170 1540 quisque
1189 1498 1404 1540 generatus,
1437 1490 1769 1541 quemadmodum

365 1554 562 1598 educatus,
594 1553 925 1605 quemadmodum
957 1553 1168 1598 institutus,
1199 1554 1445 1606 moratusque
1477 1554 1618 1599 fuerit3
1660 1564 1711 1600 et,
1743 1555 1770 1593 fi

365 1621 461 1673 quid
490 1620 553 1658 cui
584 1633 785 1671 magnum,
816 1628 880 1656 aut
909 1619 1134 1657 incredibile
1164 1621 1358 1665 acciderit,
1393 1621 1637 1673 maximeque
1671 1622 1696 1659 s1
1729 1621 1769 1659 id

366 1686 551 1724 divinitus
582 1684 755 1723 accidisse
788 1686 958 1737 potuerit
992 1686 1140 1731 videri,
1173 1695 1260 1724 tum
1296 1700 1380 1738 quae
1409 1687 1570 1738 quisque
1602 1687 1769 1732 senserit,

366 1753 518 1796 dixerit,
556 1752 718 1804 gesserit,
758 1751 804 1788 ad
837 1765 891 1796 ea,
925 1766 1008 1803 quae
1042 1753 1232 1804 proposita
1262 1753 1362 1798 sunt,
1405 1754 1595 1791 virtutum
1632 1767 1769 1806 genera

366 1817 796 1861 accommodabuntur,-
841 1830 887 1854 ex
922 1817 1074 1869 illisque
1108 1818 1243 1856 iisdem
1274 1819 1494 1857 inveniendi
1524 1819 1618 1857 locis
1653 1819 1770 1857 causae

367 1897 509 1928 rerum,
541 1893 578 1921 et
603 1892 774 1927 eventus,
813 1892 851 1920 et
886 1882 1156 1935 consequentia
1190 1885 1447 1936 requirentur.
1506 1886 1647 1938 Neque
1681 1899 1772 1923 vero

367 1963 470 1988 mors
492 1963 639 1994 eorum,
662 1962 829 2001 quorum
850 1949 928 1986 vita
947 1948 1179 1995 laudabitur,
1213 1950 1362 1988 filentio
1390 1952 1572 2003 praeteriri
1598 1951 1768 1996 debebit,

367 2015 394 2053 fi
415 2016 533 2053 niodo
555 2015 649 2068 quid
683 2015 753 2052 erit
782 2014 1163 2053 animadvertendum
1191 2025 1255 2053 aut
1286 2016 1325 2053 in
1357 2016 1436 2067 ipso
1457 2030 1592 2068 genere
1619 2016 1775 2062 mortis,

366 2091 432 2119 aut
452 2082 491 2119 in
513 2082 558 2119 iis
580 2081 705 2126 rebus,
728 2095 811 2133 quae
832 2080 915 2134 post
934 2091 1099 2119 mortem
1121 2091 1231 2119 erunt
1252 2082 1473 2119 consecuta*⁴

422 2148 573 2185 XXIV.
607 2148 780 2185 Funis.
813 2148 960 2199 Accepi
995 2147 1075 2192 ista,
1110 2148 1305 2199 didicique
1336 2148 1516 2192 breviter,
1548 2161 1624 2186 non
1645 2147 1769 2186 solum

367 2213 700 2265 quemadmodum
740 2213 933 2251 laudarem
972 2213 1150 2258 alterum,
1190 2213 1252 2250 sed
1290 2214 1408 2251 ctiam
1437 2213 1771 2265 quemadmodum-

367 2279 543 2322 eniterer,
575 2287 618 2315 ut
648 2277 792 2331 possem
827 2278 904 2330 ipse
931 2280 1017 2330 jure
1048 2279 1205 2316 laudari.
1266 2279 1476 2317 Videamus
1508 2280 1626 2331 igitur
1656 2279 1766 2316 dein·-

369 2357 473 2396 ceps,
504 2345 544 2381 in
576 2344 758 2381 sententia
779 2344 939 2382 dicenda
970 2359 1087 2396 quam
1116 2346 1232 2389 viam,
1269 2355 1305 2382 et
1327 2360 1411 2397 quae
1431 2355 1616 2398 praecepta
1641 2354 1766 2381 tenea-

370 2423 472 2447 mus.
549 2410 724 2447 PATER.
769 2409 836 2446 Est
874 2410 992 2461 igitur
1032 2411 1071 2447 in
1112 2410 1356 2448 deliberando
1396 2411 1481 2448 finis
1517 2410 1674 2453 utilitas,
1723 2409 1773 2446 ad

370 2488 487 2526 quem
522 2475 652 2512 onmia
674 2476 726 2512 ita
750 2473 966 2513 referuntur
996 2476 1036 2512 in
1068 2475 1225 2513 consilio
1256 2476 1394 2520 dando,
1428 2475 1685 2526 sententiaque
1705 2474 1766 2511 di-

369 2541 502 2586 cenda,
538 2551 578 2579 ut
610 2541 676 2579 illa
707 2541 832 2595 prima
866 2541 938 2578 fint
969 2541 1117 2586 suasori,
1149 2552 1214 2580 aut
1244 2541 1433 2580 diffuasori
1468 2540 1641 2585 videnda,
1673 2539 1775 2591 quid.
