2176 2912
724 220 1386 260 PARTITIONES.
1679 239 1750 277 521

353 313 479 351 sensus
499 328 506 351 :
540 313 703 350 alterum
723 314 896 357 actionis,
926 313 1029 365 quod
1050 312 1211 351 refertur
1231 314 1276 352 ad
1296 314 1544 353 efficiendum
1566 316 1674 368 quid,
1698 326 1753 362 ut,

353 380 379 417 si
401 388 602 431 quaeratur,
633 378 774 430 quibus
795 379 932 416 officiis
962 379 1132 416 amicitia
1165 380 1324 417 colenda
1358 381 1415 419 sit.
1476 382 1620 419 Rursus
1643 382 1754 434 supe-

352 444 461 481 rioris
482 456 620 495 genera
638 442 724 480 sunt
745 442 841 480 tria:
874 443 932 488 sit,
951 457 1098 488 necne;
1131 444 1226 496 quid
1246 444 1314 488 fit;
1346 445 1457 497 quale
1480 446 1539 484 fit.
1571 447 1640 490 Sit,
1663 460 1754 484 nec-

354 523 427 554 ne;
466 518 522 553 ut,
548 510 612 561 jus
631 509 670 546 in
691 518 823 547 natura
843 509 900 554 fit,
918 523 963 547 an
985 510 1025 547 in
1046 521 1167 548 more.
1200 510 1309 561 Qid
1327 519 1456 548 autem
1477 512 1545 556 fit;
1569 512 1660 549 fitne
1676 514 1754 563 jus,

353 575 406 620 id,
438 576 543 628 quod
577 577 713 628 majori
743 577 840 629 parti
860 577 904 615 fit
936 577 1044 615 utile.
1095 577 1222 628 Qale
1241 586 1372 615 autem
1393 577 1463 621 s1t3
1490 577 1590 630 juste
1615 579 1754 622 vivere,

352 642 411 686 fit,
438 656 570 687 necne,
594 642 701 681 utile.
761 643 936 681 Actionis
965 653 1095 681 autem
1115 643 1192 681 duo
1219 643 1306 682 sunt
1325 657 1476 696 genera,
1536 645 1688 688 Unum,
1710 645 1757 681 ad

351 708 656 761 persequendum
676 708 837 760 aliquid,
858 718 922 747 aut
941 709 1215 747 declinandum
1230 728 1243 754 5
1277 718 1334 753 ut,
1369 710 1511 762 quibus
1533 710 1646 747 rebus
1673 710 1755 747 adi-

353 773 446 826 pisci
465 774 628 826 gloriam
641 774 768 826 poflis,
789 783 854 812 aut
870 775 1067 827 quomodo
1085 774 1227 813 invidia
1246 775 1400 813 vitetur.
1432 775 1629 821 Alterum,
1651 775 1756 827 quod

353 840 400 877 ad
419 840 575 892 aliquod
595 840 866 885 commodum,
903 840 1092 893 usumque
1121 839 1282 878 refertur
1298 860 1309 885 3
1341 850 1399 886 ut,
1421 841 1756 893 quemadmodum

351 905 398 943 fit
427 905 641 957 respublica
674 906 983 951 administranda,
1014 915 1092 951 aut,
1124 906 1455 958 quemadmodum
1475 907 1515 945 in
1535 916 1756 960 paupertate

351 971 574 1009 vivendum.
626 971 771 1009 Rursus
793 981 922 1010 autem
942 986 989 1010 ex
1007 972 1241 1025 cognitionis
1262 972 1541 1010 consultatione
1557 991 1568 1018 ;
1591 973 1674 1019 ubi,
1695 973 1754 1018 sit,

351 1050 472 1075 necne
497 1037 556 1082 fit,
578 1046 644 1075 aut
672 1036 802 1082 fuerit,
831 1037 1056 1076 futurumve
1087 1039 1145 1084 fit,
1173 1039 1369 1090 quaeritur,
1400 1052 1525 1077 unum
1558 1052 1678 1091 genus
1703 1039 1757 1077 est

351 1103 585 1156 quaestionis,
607 1103 768 1155 poffitne
787 1103 933 1156 aliquid
952 1104 1053 1142 effici
1069 1123 1080 1149 3
1113 1114 1170 1150 ut,
1195 1118 1287 1143 cum
1306 1105 1503 1157 quaeritur,
1535 1105 1756 1157 ecquisnam

352 1168 517 1223 perfecte
537 1169 681 1222 sapiens
712 1169 783 1207 effe
812 1170 938 1222 poffit.
998 1170 1194 1216 Alterum,
1231 1171 1562 1224 quemadmodum
1583 1171 1757 1224 quidque

352 1234 419 1273 fiat
432 1254 444 1280 5
477 1244 533 1280 ut,
556 1248 727 1287 quonam
746 1237 856 1288 Ραὲὶο
876 1235 996 1273 virtus
1016 1236 1196 1288 pariatur,
1219 1245 1415 1282 naturane,
1443 1251 1490 1275 an
1517 1237 1674 1282 ratione,
1708 1249 1757 1274 an

353 1301 436 1340 usu.
488 1302 610 1354 Cujus
630 1302 775 1354 generis
796 1301 882 1339 sunt
901 1315 1048 1347 omnes,
1077 1302 1118 1340 in
1138 1302 1295 1354 quibus,
1317 1312 1360 1341 ut
1389 1303 1430 1341 in
1450 1302 1619 1341 obscuris
1640 1311 1755 1341 natu-

351 1367 571 1420 ralibusque
591 1367 879 1419 quaestionibus,
901 1368 1017 1406 causae
1037 1368 1274 1421 rationesque
1294 1382 1423 1407 rerum
1443 1369 1700 1421 explicantur.

407 1433 521 1472 XIX.
554 1433 663 1471 Illius
685 1443 813 1472 autem
834 1435 994 1487 generis,
1017 1435 1056 1472 in
1077 1448 1169 1487 quo,
1187 1434 1282 1487 quid
1302 1435 1348 1473 fit
1372 1435 1427 1479 id,
1449 1434 1495 1472 de
1516 1448 1595 1491 quo
1615 1435 1755 1488 agitur,

353 1500 550 1552 quaeritur,
573 1500 650 1538 duo
670 1499 757 1538 sunt
776 1514 913 1553 genera
927 1519 939 1545 3
974 1514 1142 1552 quorum
1173 1501 1213 1538 in
1247 1500 1364 1539 altero
1384 1500 1657 1553 disputandum
1687 1500 1755 1545 est,

354 1566 473 1611 aliud,
505 1580 551 1604 an
571 1566 674 1604 idern
695 1567 752 1611 sit,
785 1576 828 1604 ut
861 1567 1069 1618 pertinacia
1089 1576 1126 1604 et
1146 1567 1444 1620 perseverantia:
1475 1568 1517 1605 in
1537 1567 1656 1605 altero
1685 1580 1756 1605 au-

353 1642 434 1671 tem
454 1632 658 1685 descriptio
677 1634 824 1685 generis
846 1633 1021 1684 alicujus,
1057 1642 1095 1671 et
1126 1633 1229 1685 quafi
1263 1634 1392 1686 imago
1413 1633 1662 1686 exprimenda
1688 1632 1754 1678 est,

354 1702 411 1739 ut,
433 1694 556 1746 qualis
578 1694 623 1731 fit
643 1707 787 1738 avarus,
819 1703 882 1731 aut
904 1694 998 1745 quid
1020 1695 1063 1732 s1t
1088 1694 1271 1746 superbia.
1319 1695 1457 1732 Tertio
1476 1703 1606 1732 autem
1626 1694 1666 1731 in
1686 1707 1755 1746 ge-

354 1772 454 1804 nere,
484 1760 524 1796 in
545 1773 637 1811 quo,
658 1759 769 1811 quale
791 1760 847 1803 fit,
877 1760 1073 1811 quaerstur,
1108 1769 1173 1798 aut
1193 1761 1239 1798 de
1266 1759 1474 1805 honestate,
1507 1770 1570 1799 aut
1598 1760 1644 1798 de
1676 1761 1755 1798 uti-

355 1825 474 1870 litate,
496 1835 560 1862 aut
581 1825 626 1862 de
647 1825 824 1877 aequitate
843 1825 1053 1864 dicendum
1073 1826 1138 1864 est.
1182 1827 1243 1864 De
1258 1825 1452 1865 honestate
1472 1827 1547 1872 fic3
1585 1835 1642 1871 ut,
1665 1827 1756 1864 Ho-

354 1891 554 1929 nestumne
574 1891 618 1928 s1t
636 1905 706 1943 pro
722 1891 847 1928 amico
863 1891 1093 1943 periculum,
1111 1900 1176 1929 aut
1193 1892 1377 1930 invidiam
1395 1892 1533 1930 subire.
1567 1893 1628 1930 De
1645 1892 1756 1930 utili-

354 1966 430 1995 tate
449 1967 578 1995 autem
599 1957 673 2000 fic3
697 1966 752 2001 ut,
776 1957 880 1994 Sitne
901 1957 995 1994 utile
1014 1957 1055 1995 in
1076 1958 1272 2010 republica
1291 1957 1586 1996 administranda
1606 1957 1754 1997 versari.

355 2024 417 2062 De
435 2024 613 2076 aequitate
644 2036 733 2060 vero
763 2023 836 2068 ᾗς,-
869 2033 925 2068 ut,
960 2024 1064 2061 Sitne
1085 2038 1253 2076 aequum,
1282 2024 1426 2062 amicos
1447 2024 1619 2076 cognatis
1647 2034 1755 2062 ante-

354 2089 464 2128 ferre.
507 2092 640 2142 Atque
660 2090 698 2126 in
719 2088 794 2127 hoc
815 2091 949 2128 eodem
971 2104 1121 2143 genere,
1151 2091 1190 2128 in
1211 2105 1302 2143 quo,
1336 2091 1448 2142 quale
1468 2090 1525 2135 fit,
1557 2091 1754 2142 quaeritur,

355 2158 524 2195 exoritur
543 2157 646 2194 aliud
669 2157 864 2209 quoddam
885 2157 1101 2210 disputandi
1122 2171 1256 2210 genus.
1290 2157 1384 2196 Non
1405 2158 1511 2195 enim
1532 2157 1757 2209 fimpliciter

356 2221 481 2259 solum
506 2222 702 2273 quaeritur,
735 2222 829 2274 quid
863 2221 1066 2261 honestum
1090 2222 1146 2267 fit,
1179 2222 1273 2275 quid
1304 2222 1412 2268 utile,
1445 2222 1540 2274 quid
1571 2236 1754 2274 aequum;

355 2287 418 2325 sed
437 2287 554 2325 etiam
583 2300 630 2325 ex
657 2289 954 2339 comparatione,
987 2288 1082 2340 quid
1113 2287 1320 2334 honestius,
1354 2289 1448 2340 quid
1476 2287 1624 2332 utilius,
1661 2286 1756 2338 quid

355 2353 525 2405 aequius3
549 2362 662 2404 atque
681 2353 798 2390 etiam
819 2355 913 2405 quid
929 2353 1249 2399 honcstiffimum,
1272 2355 1367 2407 quid
1386 2354 1642 2396 utiliffimum,
1660 2351 1755 2403 quid

355 2418 612 2471 aequisfimum
631 2433 639 2456 ε
669 2420 778 2470 cujus
800 2421 947 2471 generis
976 2420 1042 2457 illa
1059 2420 1160 2465 sunt,
1183 2435 1268 2472 quae
1288 2419 1583 2472 praestantiffima
1603 2418 1647 2455 fit
1667 2417 1754 2469 dig-

355 2485 452 2522 nitas
473 2484 573 2522 vitae.
619 2485 752 2537 Atque
771 2498 812 2524 ea
832 2474 1004 2538 quidem,
1027 2499 1111 2539 quae
1131 2486 1226 2532 dixi,
1255 2485 1484 2538 cognitionis
1504 2484 1590 2522 sunt
1609 2482 1752 2521 omnia.

465 2550 502 2588 T
518 2563 541 2589 ο
558 2562 609 2589 Μ.
641 2550 674 2589 Ι.
1330 2551 1370 2593 ,V
1391 2564 1412 2588 v
1432 2564 1453 2587 v
