2176 2912
340 275 390 313 80
587 260 1492 308 DEINVENTIONE

341 365 487 405 saecum
518 361 590 401 effe
620 361 729 405 dicit,
770 359 885 397 illum
916 358 1110 411 impetum
1141 365 1179 395 et
1209 355 1401 409 quandam
1433 352 1742 393 commotionem

341 431 463 471 animi
494 428 812 478 affectionemque
842 424 966 462 verbis
1005 433 1044 462 et
1081 423 1274 463 sententiis
1313 421 1544 474 amplificare
1574 420 1743 465 debebit,

342 507 379 535 et
400 494 602 538 ostendere,
634 501 775 546 quanta
793 491 850 529 vis
870 489 1009 527 amoris
1031 489 1087 533 sit,
1120 497 1259 541 quanta
1286 487 1405 525 animi
1435 486 1668 540 perturbatio
1699 497 1747 524 ex

343 561 538 602 iracundia
558 560 636 604 fiat,
667 567 732 597 aut
752 570 798 596 ex
818 556 945 608 aliqua
963 554 1069 593 causa
1089 568 1233 599 earum,
1256 567 1330 606 qua
1346 552 1558 606 impulsum
1576 552 1747 604 aliquem
1805 597 1808 598 ⁷

344 629 385 666 id
405 625 530 664 feciffe
550 625 664 663 dicet.
711 622 792 662 Hic
808 630 845 659 et
860 619 1127 673 exemplorum
1141 619 1522 662 commemoratione,
1545 617 1613 669 qui
1631 615 1749 654 fimili

346 692 516 745 impulsu
550 688 696 742 aliquid
730 686 1007 730 commiserint,
1047 694 1085 723 et
1117 684 1417 722 fimilitudinum
1450 683 1668 726 collatione,
1711 689 1750 719 et

347 759 462 812 ipsius
482 757 601 795 animi
622 753 833 793 affectionis
853 752 1106 804 explicatione
1126 750 1338 788 curandum
1358 749 1424 793 est,
1446 758 1490 787 ut
1507 761 1583 787 non
1602 748 1750 786 mirum

348 824 532 866 videatur,
564 821 589 860 s1
610 820 714 872 quod
734 819 779 857 ad
800 817 946 856 facinus
967 817 1034 855 tali
1053 815 1337 870 perturbatione
1356 823 1578 853 commotus
1599 814 1749 851 animus

347 889 550 927 accesserit,

406 954 479 992 VI.
513 954 618 991 Cum
636 959 764 989 autem
781 962 858 988 non
871 947 1112 1000 impulsione,
1133 959 1268 986 verum
1281 946 1567 985 ratiocinatione
1583 944 1752 997 aliquem

351 1018 579 1058 commififfe
609 1016 704 1068 quid
737 1015 862 1058 dicet3
908 1013 1004 1065 quid
1035 1013 1234 1052 commodi
1271 1012 1315 1050 fit
1350 1012 1513 1056 secutus,
1557 1019 1624 1048 aut
1659 1008 1754 1061 quid

354 1084 596 1125 incommodi
628 1081 785 1134 fugerit,
816 1079 1104 1124 demonstrabit,
1134 1089 1172 1117 et
1202 1079 1241 1116 id
1272 1079 1426 1131 augebit
1447 1092 1565 1130 quarn
1586 1077 1756 1115 maxime

355 1151 519 1205 poterit3
552 1157 609 1192 ut,
635 1146 760 1198 quoad
780 1147 860 1197 ejus
882 1144 963 1182 fieri
985 1145 1110 1196 poffit,
1142 1144 1275 1182 idonea
1301 1157 1419 1196 quam
1446 1143 1617 1181 maxime
1649 1139 1756 1179 causa

356 1216 403 1254 ad
415 1213 656 1268 peccandum
671 1211 819 1250 hortata
831 1210 1014 1248 videatur.
1048 1210 1087 1247 Si
1102 1209 1231 1261 gloriae
1243 1208 1350 1246 causa
1362 1226 1374 1252 3
1395 1216 1578 1259 quantam
1594 1206 1759 1258 gloriam

357 1280 646 1319 consecuturam
683 1275 920 1314 existimarit.
983 1274 1083 1312 Item
1115 1273 1141 1311 fi
1172 1273 1461 1315 dominationis,
1505 1270 1532 1308 fi
1570 1269 1757 1323 pecuniae,

359 1346 386 1385 fi
417 1344 610 1388 amicitiae,
642 1343 667 1381 fi
698 1341 1018 1384 inimicitiarum;
1056 1349 1094 1377 et
1123 1339 1285 1377 omnino
1315 1336 1507 1390 quidquid
1538 1337 1623 1380 erit,
1654 1333 1760 1387 quod

360 1411 478 1450 causae
493 1409 601 1447 fuiffe
619 1408 734 1452 dicet,
755 1407 795 1444 id
810 1406 961 1444 summe
975 1418 1109 1457 augere
1125 1404 1292 1442 debebit.
1334 1404 1386 1441 Et
1402 1402 1476 1441 hoc
1488 1415 1578 1440 eum
1595 1413 1760 1452 magno-

361 1490 448 1530 pere
478 1474 708 1514 confiderare
737 1471 944 1525 oportebit,
978 1484 1056 1509 non
1087 1470 1183 1522 quid
1211 1470 1251 1507 in
1281 1470 1436 1507 veritate
1466 1467 1596 1512 modo,
1626 1478 1762 1504 verum

362 1544 479 1580 etiam
498 1538 777 1581 vehementius,
807 1537 901 1588 quid
930 1537 972 1573 in
990 1535 1171 1588 opinione
1190 1536 1285 1586 ejus,
1315 1547 1433 1586 quem
1453 1542 1598 1585 arguet,
1629 1530 1760 1569 fuerit.

365 1606 483 1648 Nihil
509 1605 615 1642 enim
641 1601 755 1641 refert
783 1615 860 1639 non
889 1600 1012 1645 fuisse,
1043 1610 1107 1638 aut
1126 1614 1203 1639 non
1222 1599 1292 1638 effe
1311 1599 1457 1651 aliquid
1477 1597 1676 1637 commodi
1696 1604 1762 1635 aut

366 1669 622 1713 incommodi,
653 1668 679 1706 si
706 1666 849 1705 ostendi
877 1665 997 1719 potest
1016 1666 1052 1703 ei
1071 1665 1196 1703 visum
1214 1665 1298 1710 effe,
1328 1665 1397 1717 qui
1415 1673 1605 1717 arguatur.
1656 1663 1764 1702 Nam

367 1737 500 1790 opinio
526 1734 731 1787 dupliciter
756 1731 856 1770 fallit
882 1731 1083 1770 homines:
1116 1744 1208 1769 cum
1234 1740 1298 1769 aut
1329 1744 1385 1768 res
1412 1729 1612 1768 aliusmodi
1640 1728 1694 1766 est
1722 1740 1765 1765 ac

370 1811 538 1857 putatur,
559 1809 625 1838 aut
637 1812 714 1838 non
730 1798 760 1836 is
776 1806 931 1836 eventus
950 1797 1015 1841 est,
1037 1810 1155 1849 quem
1170 1796 1339 1834 arbitrati
1356 1795 1454 1834 sunt.
1492 1797 1569 1833 Res
1582 1794 1766 1832 aliusmo-

371 1869 411 1906 di
430 1867 482 1905 est
500 1876 600 1909 tum,
631 1878 723 1902 cum
749 1872 814 1901 aut
839 1863 893 1907 id,
924 1862 1028 1915 quod
1058 1862 1206 1900 bonum
1226 1861 1291 1906 est,
1331 1861 1480 1899 malum
1512 1868 1672 1913 putant;
1703 1867 1769 1897 aut

371 1942 517 1976 contra,
548 1931 652 1983 quod
673 1930 821 1968 malum
840 1929 905 1973 est,
936 1929 1108 1967 bonum:
1140 1937 1204 1966 aut
1224 1928 1328 1980 quod
1349 1940 1416 1965 nec
1432 1927 1580 1965 malum
1600 1926 1666 1971 est,
1697 1937 1768 1963 nec

374 1997 543 2042 bonum,
569 1996 719 2034 malum
746 2005 810 2033 aut
829 1995 1002 2033 bonum:
1033 2004 1098 2032 aut
1122 1994 1225 2046 quod
1255 1993 1419 2038 malum,
1447 2002 1513 2030 aut
1532 1993 1681 2030 bonum
1700 1990 1768 2035 est,

374 2078 444 2104 nec
466 2063 628 2107 malum,
660 2075 728 2099 nec
744 2062 906 2099 bonum.
957 2061 1047 2099 Hoc
1068 2060 1274 2104 intellecto,
1305 2059 1330 2096 fi
1361 2059 1448 2110 quis
1469 2057 1623 2109 negabit
1648 2056 1770 2094 ullam

375 2130 445 2169 effe
476 2128 678 2181 pecuniam
713 2127 837 2165 fratris
870 2135 935 2164 aut
964 2125 1082 2164 amici
1109 2124 1201 2169 vita,
1241 2133 1305 2162 aut
1339 2124 1504 2175 denique
1542 2122 1671 2160 officio
1704 2121 1772 2159 suo

377 2194 634 2246 antiquiorem
660 2201 725 2230 aut
756 2192 978 2235 suaviorem,
1009 2204 1086 2228 non
1117 2190 1189 2227 erit
1210 2188 1285 2227 hoc
1305 2188 1509 2227 accusatori
1536 2186 1769 2239 negandum.

379 2262 487 2300 Nam
507 2260 548 2297 in
566 2272 655 2297 eum
672 2258 786 2310 culpa
802 2266 840 2295 et
859 2257 1058 2295 summurn
1074 2256 1210 2294 odium
1226 2254 1482 2299 transferetur,
1504 2254 1573 2305 qui
1593 2253 1646 2298 id,
1667 2251 1771 2305 quod

380 2336 459 2364 tam
485 2338 570 2362 vere
600 2334 637 2362 et
668 2325 732 2376 pie
759 2323 922 2367 dicetur,
952 2322 1122 2374 negabit.
1169 2322 1317 2359 Verum
1344 2320 1442 2358 illud
1462 2318 1670 2358 dicendum
1689 2319 1774 2362 erit,

381 2392 440 2430 illi
460 2404 536 2429 non
557 2390 627 2428 effe
646 2391 696 2427 ita
715 2389 839 2428 visum
852 2407 863 2433 ;
895 2389 999 2440 quod
1020 2388 1118 2426 sumi
1138 2396 1288 2440 oportet
1307 2401 1352 2426 ex
1374 2387 1434 2432 iis,
1466 2400 1549 2439 quae
1576 2385 1621 2424 ad
1645 2384 1772 2438 perso-

381 2470 472 2495 nam
493 2456 694 2508 pertinent,
726 2455 771 2493 de
791 2469 868 2507 quo
888 2454 969 2507 post
988 2454 1196 2492 dicendum
1216 2453 1282 2491 est.

438 2523 530 2560 VII.
563 2522 732 2559 Eventus
759 2530 886 2558 autem
914 2529 999 2558 tum
1026 2518 1139 2563 fallit,
1170 2532 1262 2557 cum
1279 2519 1395 2557 'aliter
1423 2518 1563 2557 accidit
1593 2527 1704 2574 atque
1732 2516 1774 2561 ii,

383 2583 453 2637 qui
482 2590 705 2636 arguuntur,
735 2581 905 2621 arbitrati
925 2581 994 2620 effe
1013 2581 1217 2620 dicuntur:
1251 2589 1306 2626 ut,
1337 2580 1363 2619 fi
1385 2581 1471 2634 quis
1492 2580 1639 2619 dicatur
1655 2579 1776 2617 alium
