2176 2912
762 196 1290 236 ORATOR„
1650 211 1730 252 425·

332 288 480 329 Latinis
503 289 586 327 talis
607 289 763 327 oratoris
782 289 1031 327 simulacrum
1066 289 1225 341 reperire
1245 288 1434 341 pofl'emus
1453 287 1461 326 l
1498 288 1601 328 Effet
1621 303 1729 343 egre-

330 356 442 408 gium
476 369 554 393 non
575 368 739 406 quaerere
758 364 926 399 externa,
958 354 1175 392 domesticis
1210 354 1281 392 effe
1301 364 1518 394 contentos.
1568 356 1639 394 Sed
1659 371 1730 409 ego

330 421 449 465 idem,
481 420 550 472 qui
584 421 624 458 in
656 419 724 458 illo
754 420 925 458 sermone
955 420 1095 465 nostro,
1131 420 1199 473 qui
1225 420 1279 458 est
1307 421 1496 472 expositus
1524 422 1563 458 in
1595 423 1728 466 Bruto,

329 486 503 524 multum
526 486 728 524 tribuerim
748 487 911 532 Latinis,
942 487 1001 524 vel
1023 497 1065 524 ut
1085 485 1255 524 hortarer
1274 485 1381 531 alios,
1413 486 1473 524 vel
1501 487 1604 538 quod
1624 501 1730 525 ama-

330 567 412 591 rem
433 566 553 598 meos,
585 553 760 591 recordor
779 553 894 606 longe
913 554 1096 591 omnibus
1124 567 1247 590 unum
1278 552 1462 591 anteferre
1496 553 1729 591 Demosthe-

330 633 436 665 nem,
468 620 537 672 qui
556 621 637 658 vim
656 620 958 658 accommodarit
989 621 1035 658 ad
1066 633 1163 665 eam,
1199 633 1317 672 quam
1336 619 1510 665 sentiam,
1545 620 1730 672 eloquen-

330 686 452 730 tiam;
485 700 563 724 non
583 686 629 724 ad
649 699 746 731 eam,
768 699 886 738 quam
915 686 954 724 in
976 686 1105 738 aliquo
1125 685 1202 739 ipse
1227 686 1489 738 cognoverim.
1549 687 1641 724 Hoc
1662 699 1731 724 nec

330 753 480 805 gravior
509 753 638 790 extitit
669 752 885 804 quisquam,
917 766 987 790 nec
1021 752 1210 797 callidior,
1241 766 1310 790 nec
1332 751 1591 804 temperatior.
1651 753 1731 790 Ita-

332 832 408 871 que
428 819 539 857 nobis
560 819 744 857 monendi
764 819 850 856 sunt
875 819 916 863 ii,
945 833 1114 870 quorum
1140 818 1263 857 sermo
1291 819 1492 871 imperitus
1523 818 1730 863 increbuit,

332 885 402 936 qui
420 893 485 922 aut
505 884 578 921 dici
596 884 632 921 se
651 884 859 922 desiderant
876 884 1044 929 Atticos,
1067 893 1131 922 aut
1152 884 1219 936 ipfi
1234 884 1365 922 Attice
1381 884 1517 922 volunt
1532 884 1670 929 dicere,
1689 892 1732 922 ut

331 950 522 988 mirentur
550 949 656 988 hunc
689 951 873 995 maxime,
906 964 983 1002 quo
1015 964 1062 988 ne
1093 948 1266 988 Athenas
1301 950 1461 1002 quidem
1486 949 1581 1002 ipsas
1609 951 1731 1003 magis

331 1017 445 1055 credo
463 1016 573 1055 fuiffe
592 1017 756 1055 Atticas.
807 1017 917 1069 Qid
936 1018 1041 1055 enim
1062 1017 1107 1055 fit
1126 1017 1321 1061 Atticum,
1354 1015 1513 1061 discant,
1546 1016 1732 1068 eloquen-

331 1084 504 1136 tiamque
521 1083 636 1136 ipfius
656 1084 816 1128 viribus,
846 1097 922 1122 non
943 1083 1210 1122 imbecillitate
1231 1083 1307 1128 sua,
1329 1084 1551 1121 metiantur.
1611 1083 1733 1122 Nunc

332 1149 439 1187 enim
459 1158 611 1187 tantum
637 1149 799 1201 quisque
830 1149 970 1194 laudat,
1001 1158 1192 1201 quantum
1223 1149 1258 1186 se
1289 1148 1390 1202 posse
1422 1149 1542 1201 sperat
1573 1148 1731 1187 imitari.

334 1215 405 1253 Sed
426 1224 552 1253 tamen
573 1228 635 1253 eos
657 1215 780 1252 studio
800 1216 963 1268 optimo,
986 1215 1136 1267 judicio
1156 1215 1286 1253 minus
1304 1214 1418 1252 firmo
1444 1214 1638 1268 praeditos,
1660 1215 1731 1253 do-

331 1294 429 1326 cere,
451 1295 535 1333 quae
554 1281 599 1319 fit
618 1281 770 1334 propria
789 1281 868 1319 laus
885 1282 1124 1326 Atticorum,
1146 1295 1222 1319 non
1239 1281 1409 1319 alienum
1429 1290 1538 1333 puto.

388 1347 501 1386 VIII.
535 1349 689 1400 Semper
704 1357 899 1386 oratorum
917 1348 1146 1400 eloquentiae
1166 1347 1398 1385 moderatrix
1418 1346 1494 1384 fuit
1513 1346 1734 1385 auditorum

333 1413 549 1467 prudentia.
597 1415 745 1452 Omnes
766 1415 885 1459 enim,
909 1414 976 1468 qui
992 1414 1143 1466 probari
1163 1413 1312 1458 volunt,
1329 1412 1567 1451 voluntatem
1584 1426 1734 1458 eorum,

334 1481 403 1532 qui
424 1480 599 1525 audiunt,
627 1481 839 1526 intuentur,
861 1480 907 1518 ad
940 1493 1114 1532 eamque,
1151 1489 1189 1518 et
1218 1479 1264 1517 ad
1293 1493 1427 1517 eorum
1460 1478 1664 1516 arbitrium
1697 1486 1736 1516 et

335 1555 476 1584 nutum
498 1556 597 1584 totos
617 1546 652 1584 se
668 1546 821 1599 fingunt
841 1556 879 1584 et
897 1545 1207 1584 accommodant.
1254 1546 1388 1596 Itaque
1410 1544 1534 1589 Caria,
1555 1553 1593 1582 et
1609 1543 1735 1595 Phry-

334 1612 409 1664 gia,
442 1621 479 1650 et
505 1613 644 1664 Mysia,
677 1612 781 1664 quod
801 1613 964 1650 minime
991 1611 1134 1664 politae,
1156 1611 1396 1662 minimeque
1416 1611 1603 1662 elegantes
1634 1609 1735 1654 sunt,

335 1677 573 1716 adsciverunt
592 1687 727 1731 aptum
757 1678 831 1716 suis
852 1679 1006 1717 auribus
1027 1679 1207 1730 opimum
1241 1677 1450 1729 quoddam,
1482 1686 1519 1713 et
1550 1685 1734 1727 tanquam

335 1743 493 1795 adipatae
523 1744 700 1782 didfionis
730 1757 864 1796 genus,
906 1743 1011 1796 quod
1033 1756 1167 1781 eorum
1197 1743 1316 1780 vicini
1359 1743 1453 1793 (non
1485 1742 1536 1778 ita
1565 1741 1641 1778 lato
1673 1741 1735 1778 in·-

336 1809 491 1860 terjecto
507 1809 621 1860 mari)
654 1807 802 1846 Rhodii
822 1822 1021 1860 nunquam
1040 1808 1308 1860 probaverunt,
1331 1808 1459 1846 Graeci
1479 1816 1607 1845 autem
1629 1807 1736 1844 mul-

339 1883 378 1912 to
412 1874 556 1918 minus,
598 1872 850 1912 Athenienses
884 1887 972 1911 vero
1002 1873 1178 1911 funditus
1206 1873 1498 1925 repudiaverunt
1510 1891 1522 1917 3
1570 1886 1738 1924 quorum

338 1939 485 1992 semper
515 1939 591 1977 fuit
624 1940 804 1993 prudens,
836 1939 1099 1991 sincerumque
1124 1939 1335 1991 judicium,
1368 1937 1464 1975 nihil
1500 1948 1543 1976 ut
1576 1938 1743 1989 possent,-

337 2005 406 2043 nifi
427 2005 711 2057 incorruptum,
735 2005 877 2048 audire,
900 2014 937 2042 et
956 2005 1121 2056 eleganS.
1181 2005 1329 2041 Eorum
1352 2003 1528 2055 religioni
1549 2016 1641 2040 cum
1661 2003 1736 2040 ser-

338 2071 434 2108 viret
460 2081 597 2117 orator,
629 2071 784 2110 nullum
803 2071 964 2108 verbum
996 2069 1174 2115 insolens,
1207 2069 1360 2107 nullum
1391 2068 1566 2107 odiosum
1597 2081 1738 2121 ponere

340 2136 514 2175 audebat.

393 2204 526 2255 Itaque
546 2202 625 2248 hic,
655 2217 773 2255 quem
795 2203 999 2257 praestitiss‘e
1019 2203 1189 2241 diximus
1211 2202 1368 2247 caetcris,
1405 2202 1444 2239 in
1467 2202 1530 2239 illa
1550 2215 1619 2254 pro
1641 2202 1735 2239 Cte-

341 2267 513 2321 fiphonte
541 2270 710 2307 oratione
736 2270 850 2322 longe
879 2271 1039 2323 optima,
1078 2269 1310 2308 summifiius
1345 2282 1365 2306 a
1397 2269 1552 2321 primo;
1585 2267 1734 2311 deinde,

340 2334 436 2372 dum
468 2334 514 2371 de
544 2334 693 2387 legibus
725 2336 903 2388 disputat,
935 2336 1119 2389 preffius5
1152 2335 1235 2388 post
1257 2335 1389 2372 senfim
1410 2334 1601 2377 incedens,
1626 2332 1736 2383 judi-

340 2412 400 2438 ces
431 2409 473 2436 ut
491 2400 586 2437 vidit
613 2400 798 2444 ardentes,
830 2402 869 2439 in
891 2402 1046 2453 reliquis
1068 2401 1253 2438 exultavit
1286 2400 1477 2437 audacius.
1528 2400 1587 2435 Ac
1609 2406 1736 2434 tamen

340 2466 380 2504 in
406 2464 481 2503 hoc
510 2465 604 2518 ipso,
635 2466 840 2519 diligenter
869 2468 1109 2505 examinante
1138 2467 1344 2504 verborum
1379 2465 1558 2503 omnium
1588 2462 1734 2514 ponde-

341 2545 392 2579 ra,
423 2531 665 2584 reprehendit
697 2532 897 2574 AEschines
932 2533 1122 2587 quaedam,
1167 2542 1204 2572 et
1238 2533 1430 2583 exagitat,
1480 2528 1734 2582 illudensque,

441 2599 480 2637 T
495 2612 518 2638 ο
535 2611 585 2639 Μ.
618 2599 651 2638 Ι.
1303 2598 1344 2636 ΙΙ
1365 2595 1392 2634 h
1412 2595 1438 2634 h
