2176 2912
396 286 443 327 52
639 275 752 313 DE
829 273 1541 316 INVENTIONE

394 366 572 411 malebat,
604 367 707 419 quod
737 367 801 405 ille
831 381 877 406 ex
907 381 966 413 eo,
996 369 1099 421 quod
1122 370 1204 422 jam
1233 370 1473 415 concessisset,
1505 370 1702 409 necessario
1722 385 1794 424 ap·

393 433 550 485 probare
569 433 734 471 deberet.

446 499 619 536 XXXII.
651 499 742 537 Hoc
762 499 801 536 in
821 512 955 551 genere
974 500 1271 553 praecipiendum
1294 501 1402 539 nobis
1418 502 1578 545 videtur,
1600 501 1790 555 primum,

393 573 436 602 ut
467 564 563 602 illud
589 564 692 615 quod
723 564 948 602 inducemus
970 579 1035 618 per
1062 567 1350 604 fimilitudinem
1381 568 1566 619 eiusmodi
1592 569 1649 612 sit,
1681 578 1724 606 ut
1744 569 1792 606 sit
1831 588 1834 589 ⁷

392 629 533 667 necesse
563 629 732 667 concedi.
784 630 889 668 Nam
920 643 966 668 ex
993 645 1070 683 quo
1101 632 1375 684 postulabimus
1407 633 1516 671 nobis
1545 633 1654 679 illud,
1686 634 1791 686 quod

391 696 555 734 dubium
576 696 634 740 sit,
665 697 836 741 concedi,
858 696 1022 734 dubium
1042 687 1111 736 effe
1123 699 1162 735 id
1179 699 1316 750 ipsum,
1336 699 1438 750 quod
1457 700 1689 744 inducimus,
1712 714 1791 738 non

389 763 593 814 oportebit.
644 763 794 800 Deinde
822 763 931 807 illud,
962 764 1070 814 cujus
1089 764 1339 802 confirmandi
1370 765 1475 802 causa
1506 766 1571 804 fiet
1599 767 1785 811 inductio,

389 828 597 866 videndum
629 828 693 873 est,
725 838 767 867 ut
797 829 917 866 simile
943 829 989 866 iis
1017 830 1127 867 rebus
1149 830 1206 875 fit,
1238 843 1328 882 quas
1350 844 1405 868 res
1426 832 1527 883 quasi
1555 846 1632 870 non
1653 832 1790 870 dubias

389 903 474 931 ante
493 894 769 932 induxerimus.
821 894 929 932 Nam
947 904 1031 932 ante
1048 896 1192 948 aliquid
1213 896 1323 934 nobis
1344 897 1560 935 concessum
1590 897 1660 935 effe
1687 897 1786 937 nihil

387 960 566 1011 proderit,
598 961 623 998 fi
641 961 675 997 ei
696 960 873 999 dissimile
897 961 966 998 erit
985 961 1037 1006 id,
1069 964 1177 1014 cujus
1198 963 1303 1001 causa
1322 962 1419 1000 illud
1438 965 1594 1001 concedi
1611 965 1785 1017 primum

387 1026 633 1064 voluerimus.
683 1027 832 1064 Deinde
849 1040 925 1064 non
942 1027 1188 1081 intelligatur,
1210 1043 1287 1081 quo
1300 1030 1465 1082 spectent
1481 1030 1555 1067 illae
1573 1031 1785 1084 primaelin-

388 1091 598 1137 ductiones,
619 1102 656 1130 et
672 1092 717 1130 ad
736 1106 853 1145 quem
872 1094 944 1131 sint
962 1094 1109 1131 exitum
1129 1105 1374 1147 perventurae.
1417 1097 1522 1134 Nam
1536 1097 1602 1148 qui
1623 1097 1737 1141 videt,
1759 1097 1787 1135 fi

385 1156 419 1193 ei
445 1157 497 1194 rei
519 1170 603 1208 quae
629 1158 756 1209 primo
784 1169 935 1211 rogetur
956 1161 1053 1197 recte
1072 1160 1268 1205 assenserit,
1300 1161 1406 1199 illam
1426 1175 1579 1214 quoque
1599 1175 1680 1199 rem
1701 1176 1787 1214 quae

384 1221 454 1259 fibi
475 1222 669 1274 displiceat
684 1223 753 1261 effe
766 1224 962 1263 necessario
974 1225 1269 1270 concedendam,
1289 1226 1516 1278 plerumque
1535 1236 1599 1264 aut
1616 1240 1692 1264 non
1709 1227 1787 1265 res-

383 1289 604 1340 pondendo,
654 1299 717 1328 aut
756 1293 854 1328 male
889 1291 1159 1343 respondendo,
1202 1291 1353 1344 longius
1387 1292 1586 1344 procedere
1617 1293 1784 1346 rogatio-

383 1367 472 1392 nem
494 1369 570 1393 non
590 1355 688 1394 sinit.
740 1358 866 1409 Qare
894 1358 1035 1395 ratione
1062 1358 1267 1410 rogationis
1298 1358 1519 1411 imprudens
1548 1359 1595 1396 ab
1616 1372 1660 1397 eo
1679 1360 1783 1412 quod

382 1420 573 1465 concessit,
604 1421 649 1458 ad
675 1421 727 1466 id,
758 1422 861 1474 quod
879 1436 957 1461 non
975 1423 1058 1461 vult
1077 1424 1294 1468 concedere,
1326 1423 1567 1462 deducendus
1587 1425 1652 1462 est.

436 1486 668 1524 Extremum
697 1497 824 1525 autem
858 1498 922 1526 aut
951 1498 1118 1526 taceatur
1145 1499 1306 1541 oportet,
1349 1499 1413 1528 aut
1443 1490 1682 1535 concedatur,
1715 1500 1779 1529 aut

381 1560 551 1602 negetur.
600 1552 637 1589 Si
669 1552 881 1604 negabitur,
912 1563 975 1590 aut
1003 1554 1227 1592 ostendenda
1257 1555 1309 1592 est
1335 1555 1543 1593 similitudo
1570 1569 1698 1594 earum
1720 1571 1783 1604 re-

382 1629 468 1653 rum
498 1629 583 1667 quae
611 1625 695 1654 ante
725 1618 901 1655 concessae
922 1618 1019 1663 sunt,
1051 1629 1115 1656 aut
1145 1619 1215 1656 alia
1246 1620 1433 1658 utendum
1459 1621 1691 1660 inductione.
1743 1623 1781 1660 Si

381 1681 622 1726 concedetur,
653 1683 915 1721 concludenda
931 1684 983 1721 est
1001 1686 1290 1737 argumentatio.
1339 1687 1376 1724 Si
1395 1687 1594 1732 tacebitur,
1624 1698 1689 1726 aut
1707 1688 1778 1726 eli-

381 1748 513 1784 cienda
532 1747 584 1784 est
600 1747 799 1800 responsio,
820 1758 897 1793 aut,
927 1751 1108 1801 quoniam
1129 1752 1362 1789 taciturnitas
1383 1753 1555 1790 imitatur
1575 1753 1779 1792 confesiio-

380 1827 482 1857 nem,
526 1827 595 1865 pro
624 1827 683 1858 eo,
725 1828 766 1851 ac
797 1815 823 1852 fi
854 1815 1069 1854 concessum
1100 1817 1157 1861 sit,
1189 1818 1414 1856 concludere
1443 1820 1634 1871 oportebit
1663 1834 1778 1872 argu-

379 1880 667 1917 mentationem.
704 1881 760 1918 Ita
772 1880 815 1918 fit
829 1879 902 1919 hoc
915 1895 1034 1934 genus
1051 1884 1339 1935 argumentandi
1354 1885 1602 1936 tripartitum.
1646 1886 1779 1924 Prima

378 1959 461 1997 pars
483 1958 529 1983 ex
551 1944 798 1988 similitudine
817 1947 958 1985 constat
979 1961 1065 1992 una,
1096 1949 1327 2000 pluribusve.
1379 1949 1509 1988 Altera
1539 1965 1585 1990 ex
1611 1965 1655 1990 eo
1673 1953 1777 2004 quod

377 2011 533 2047 concedi
551 2010 743 2055 volumuS,
763 2012 822 2063 cuj
831 2025 872 2049 us
894 2012 999 2050 causa
1018 2013 1282 2051 similitudines
1303 2014 1483 2053 adhibitae
1504 2016 1601 2053 sunt.
1644 2017 1776 2054 Tertia

377 2089 423 2113 ex
454 2076 705 2121 conclusione,
737 2091 821 2129 quae
849 2088 912 2115 aut
943 2078 1144 2116 confirmat
1175 2079 1464 2124 concessionem,
1496 2090 1573 2126 aut,
1605 2082 1698 2133 quid
1729 2096 1775 2120 ex

377 2155 417 2180 ea
437 2142 671 2187 conficiatur,
702 2143 876 2181 ostendit.

431 2207 623 2244 XXXIII.
657 2208 725 2245 Sed
742 2209 830 2260 quia
843 2222 917 2247 non
933 2209 1014 2246 satis
1029 2209 1218 2248 videbitur
1230 2211 1342 2248 alicui
1360 2211 1526 2249 dilucide
1539 2212 1775 2251 demonstra-

377 2281 477 2316 tum,
501 2272 568 2309 nisi
588 2272 691 2324 quod
711 2286 756 2310 ex
778 2273 883 2310 civili
898 2274 1091 2312 causarum
1103 2289 1237 2327 genere
1249 2277 1472 2328 exemplum
1486 2277 1771 2329 subjecerimuS,

377 2338 524 2375 videtur
541 2337 759 2388 hujusmodi
781 2353 933 2391 quoque
950 2341 1136 2378 utendum
1156 2342 1333 2394 exemplo
1342 2361 1352 2387 3
1376 2356 1451 2380 non
1473 2357 1550 2395 quo
1570 2345 1771 2396 praeceptio

376 2402 536 2447 differat,
567 2412 630 2440 aut
651 2403 756 2442 aliter
775 2403 849 2442 hoc
870 2405 908 2442 in
930 2405 1099 2443 sermone
1115 2416 1226 2458 atque
1246 2408 1284 2445 in
1305 2408 1466 2446 dicendo
1498 2409 1539 2446 sit
1568 2410 1769 2455 utendum,

376 2468 435 2506 sed
457 2478 498 2506 ut
517 2482 649 2506 eorum
667 2471 852 2508 voluntati
874 2471 1036 2516 satisfiat,
1059 2473 1140 2524 qui,
1162 2474 1266 2524 quod
1281 2474 1409 2526 aliquo
1430 2475 1468 2511 in
1488 2474 1572 2513 loco
1593 2475 1768 2521 viderint,

377 2535 449 2572 alio
469 2536 507 2572 in
529 2535 627 2580 loco,
659 2536 725 2573 nisi
746 2536 1043 2574 demonstratum
1064 2538 1128 2582 est,
1160 2549 1353 2591 nequeunt
1378 2541 1613 2592 cognoscere.
1665 2542 1772 2594 Ergo

377 2600 416 2637 in
437 2599 506 2638 hac
525 2600 630 2639 causa
649 2614 732 2653 quae
752 2601 850 2655 apud
871 2603 1024 2642 Graecos
1047 2602 1098 2642 est
1116 2613 1324 2657 pervagata,
1357 2605 1461 2658 quod
1487 2606 1772 2659 Epaminondas
