2176 2912
560 207 880 250 LIBER
958 205 1376 246 PRIMUS.
1623 210 1674 261 69

263 310 301 340 et
322 295 564 352 vituperandi
580 303 770 348 praecepta
788 307 808 332 a
829 293 940 331 nobis
957 293 1100 346 partim
1117 292 1202 331 data
1224 292 1324 338 sunt,
1346 292 1488 346 partim
1505 292 1570 331 suo
1586 294 1675 333 loco

263 367 471 406 dabuntur.
517 362 647 401 Nobis
666 370 797 400 autem
824 374 903 398 non
924 360 1051 413 placet
1071 359 1171 397 hanc
1192 368 1342 413 partem
1363 360 1403 397 in
1424 374 1586 399 numero
1614 375 1673 399 re-

264 431 374 486 poni,
397 429 503 482 quod
523 428 570 466 de
595 427 703 466 causa
723 427 886 480 digredi,
909 427 978 464 nisi
1010 440 1075 479 per
1093 426 1227 464 locum
1247 439 1517 470 communem,
1540 427 1674 479 displi-

260 507 321 536 cet
338 512 346 535 :
380 510 459 549 quo
491 495 537 533 de
568 508 706 548 genere
737 493 921 548 posterius
953 493 1006 531 est
1038 493 1262 532 dicendum.
1315 492 1465 530 Laudes
1487 501 1616 530 autem
1637 503 1673 531 et

265 563 564 617 vituperationes
582 576 659 600 non
678 561 880 615 separatim
897 561 1023 614 placet
1042 561 1204 605 trastari,
1224 559 1286 598 sed
1307 559 1347 597 in
1364 559 1451 612 ipsis
1466 573 1672 611 argumen-

265 630 477 669 tationibus
499 629 570 667 effe
591 628 817 681 implicitas.
863 629 984 666 Nunc
1005 628 1051 665 de
1071 627 1317 665 conclusione
1338 625 1526 664 dicemus.

313 697 405 736 LII.
438 695 646 734 Conclufio
664 695 717 733 est
732 695 858 733 exitus
872 704 909 732 et
929 695 1200 732 determinatio
1220 694 1337 731 totius
1355 693 1551 731 orationis.
1575 693 1672 730 Haec

260 763 377 802 habet
404 772 528 816 partes
563 772 653 807 tres,
685 761 1033 806 enumerationem,
1070 761 1394 814 indignationem,
1426 759 1673 812 conquestio-

262 844 369 868 nem.
413 830 668 868 Enumeratio
699 829 764 885 est,
798 842 864 881 per
898 842 1017 880 quam
1046 842 1102 866 res
1136 827 1297 880 disperse
1330 837 1367 864 et
1395 826 1530 864 diffuse
1565 827 1673 864 dista:

262 909 385 934 unum
407 896 447 933 in
466 896 599 933 locum
620 903 828 947 coguntur,
852 903 890 931 et
912 894 1183 932 reminiscendi
1202 893 1310 932 causa
1332 907 1455 931 unum
1475 892 1544 930 sub
1565 892 1671 945 aspe-

261 963 369 1000 &tum
390 961 663 1013 subjiciuntur.
696 961 794 998 Haec
816 960 842 998 fi
863 960 1011 1012 semper
1031 960 1168 997 eodem
1190 960 1308 998 modo
1328 959 1564 1003 transtabitur,
1583 973 1670 1011 per-

260 1028 390 1081 spicue
409 1028 456 1066 ab
473 1028 657 1066 omnibus
674 1027 837 1065 artificio
854 1027 1024 1080 quodam
1042 1027 1191 1064 trauan
1207 1026 1466 1078 intelligetur;
1500 1025 1552 1063 fin
1571 1027 1671 1063 varie

259 1093 340 1139 fiet,
354 1104 392 1132 et
412 1092 511 1132 hanc
533 1093 790 1146 suspicionem
810 1102 847 1131 et
868 1092 1080 1131 satietatem
1100 1092 1217 1130 vitare
1239 1092 1397 1145 poterit.
1434 1092 1563 1143 Qare
1587 1099 1673 1129 tum

261 1160 458 1212 oportebit
478 1161 531 1198 ita
550 1159 688 1204 facere,
719 1169 762 1198 ut
782 1160 957 1212 plerique
978 1159 1127 1197 faciunt
1147 1168 1303 1212 propter
1322 1158 1565 1202 facilitatem,
1594 1158 1671 1195 fin-

263 1227 434 1279 gillatim
455 1239 772 1278 unamquamque
793 1240 875 1264 rem
891 1227 1102 1279 attingere5
1126 1236 1164 1263 et
1184 1226 1236 1263 ita
1255 1239 1390 1263 omnes
1410 1224 1562 1262 transire
1583 1224 1671 1262 bre-

260 1294 358 1331 viter
378 1293 755 1344 argumentationes;
780 1301 866 1330 tum
886 1302 1030 1337 autem,
1054 1293 1093 1330 id
1107 1292 1212 1344 quod
1229 1292 1428 1329 difficilius
1447 1291 1512 1335 est,
1531 1291 1671 1334 dicere,

260 1373 353 1412 quas
375 1368 499 1412 partes
521 1358 738 1412 exposueris
753 1359 792 1396 in
809 1360 1028 1412 partitione,
1049 1359 1095 1397 de
1111 1359 1253 1412 quibus
1275 1368 1310 1395 te
1327 1358 1525 1411 pollicitus
1542 1358 1586 1395 fis
1608 1357 1669 1394 di-

259 1428 415 1464 &urum
428 1444 439 1470 ;
459 1434 497 1463 et
513 1425 692 1463 reducere
706 1426 745 1463 in
760 1426 1005 1470 memoriam,
1021 1426 1163 1478 quibus
1180 1425 1392 1462 rationibus
1408 1437 1668 1476 unamquam-

260 1506 337 1545 que
354 1501 503 1545 partem
524 1491 791 1536 confirmari33
824 1500 911 1529 tum
932 1492 978 1528 ab
1000 1492 1059 1536 iis,
1082 1491 1151 1543 qui
1172 1491 1347 1534 audiunt,
1371 1502 1551 1542 quaerere,
1574 1490 1670 1541 quid

260 1559 319 1604 fit,
350 1559 457 1612 quod
477 1558 547 1596 s1bi
566 1558 664 1596 velle
690 1558 852 1596 debeant
872 1557 1135 1602 demonstrari,
1163 1556 1239 1594 hoc
1266 1556 1411 1601 modo,
1450 1556 1671 1594 Docuimus

259 1623 352 1670 hoc,
382 1624 482 1663 illud
513 1625 676 1678 planum
696 1623 878 1663 fecimus.
939 1625 997 1662 Ita
1018 1624 1129 1662 fimul
1149 1633 1188 1661 et
1216 1624 1255 1661 in
1277 1623 1509 1660 memoriam
1530 1622 1670 1661 redibit

261 1691 427 1736 auditor,
449 1700 487 1729 et
507 1691 661 1744 putabit
682 1689 782 1729 nihil
802 1690 873 1730 effe
889 1700 1067 1743 praeterea
1087 1690 1192 1743 quod
1209 1690 1344 1727 debeat
1365 1688 1584 1726 desiderare.

307 1759 439 1810 Atque
454 1758 494 1796 in
510 1757 572 1795 his
587 1758 792 1811 generibus
816 1758 877 1809 (ut
892 1767 978 1795 ante
998 1757 1147 1795 dietum
1167 1757 1237 1808 est)
1257 1765 1343 1794 tum
1362 1764 1443 1793 tuas
1460 1769 1668 1808 argumen-

261 1823 423 1861 tationes
441 1824 594 1862 tranfire
611 1824 824 1876 separatim,
841 1833 940 1868 tum,
957 1824 995 1861 id
1016 1824 1121 1875 quod
1140 1823 1378 1861 artificiosius
1395 1822 1460 1866 est,
1483 1836 1575 1859 cum
1593 1822 1668 1859 tuis

264 1890 472 1927 contrarias
501 1890 765 1942 conjungere3
798 1899 835 1927 et
865 1904 957 1927 cum
983 1899 1090 1927 tuam
1111 1890 1487 1942 argumentationem
1514 1888 1669 1933 dixeris,

263 1965 365 2001 tum,
397 1965 531 1994 contra
551 1969 635 1993 eam
657 1957 761 2007 quod
783 1955 1022 2000 afferebatur,
1055 1956 1388 2008 quemadmodum
1409 1956 1580 1999 dilueris,
1609 1954 1669 1992 os-

262 2023 430 2061 tendere.
492 2023 550 2060 Ita
580 2036 648 2074 per
679 2023 835 2060 brevem
867 2023 1198 2076 comparationem
1219 2022 1402 2059 auditoris
1430 2022 1619 2059 memoria
1641 2030 1679 2059 et

262 2089 309 2127 de
343 2089 638 2128 confirmatione
673 2099 710 2127 et
742 2090 787 2128 de
820 2089 1108 2142 reprehensione
1144 2089 1478 2141 redintegrabitur.
1539 2090 1672 2140 Atque

262 2155 343 2194 haec
364 2157 448 2194 aliis
469 2157 629 2194 aetionis
651 2170 807 2209 quoque
829 2156 955 2194 modis
977 2157 1117 2194 variare
1138 2156 1346 2208 oportebit.
1388 2156 1494 2193 Nam
1511 2169 1603 2192 eum
1624 2168 1670 2191 ex

266 2232 330 2261 tua
350 2223 508 2276 persona
527 2237 749 2261 enumerare
770 2224 897 2276 possis,
933 2233 988 2268 ut,
1022 2224 1117 2275 quid
1153 2232 1189 2260 et
1211 2238 1288 2275 quo
1309 2223 1480 2275 quidque
1502 2222 1588 2260 loco
1609 2221 1670 2258 di-

265 2290 377 2334 xeris,
401 2289 631 2333 admoneas3
656 2299 741 2327 tum
758 2303 845 2327 vero
863 2290 1077 2342 personam,
1096 2299 1159 2326 aut
1181 2303 1261 2327 rem
1283 2289 1453 2341 aliquam
1475 2288 1669 2331 inducere,

265 2365 303 2392 et
323 2356 657 2393 enumerationem
687 2356 721 2393 ei
758 2365 879 2393 totam
910 2356 1131 2393 attribuere.
1182 2355 1400 2399 Personam,
1433 2353 1506 2392 hoc
1528 2353 1669 2397 modo;

265 2421 370 2459 Nam
392 2422 417 2459 si
438 2422 533 2474 legis
555 2421 716 2474 scriptor
735 2422 868 2460 existat
899 2432 936 2459 et
968 2432 1109 2473 quaerat
1138 2436 1157 2458 a
1190 2422 1311 2466 vobis,
1344 2420 1438 2473 quid
1459 2420 1668 2461 dubitetis;

265 2487 358 2539 quid
380 2488 525 2539 poffitis
546 2489 689 2533 dicere,
712 2503 804 2527 cum
819 2489 926 2527 vobis
941 2488 1015 2526 hoc
1029 2498 1065 2525 et
1079 2488 1152 2526 hoc
1167 2488 1209 2525 sit
1227 2488 1530 2525 demonstratum
1550 2487 1561 2522 ?
1595 2488 1669 2522 At-

265 2568 340 2607 que
361 2553 426 2594 hic
448 2556 558 2601 item,
591 2566 633 2595 ut
654 2556 693 2595 in
715 2556 839 2595 nostra
860 2556 1030 2609 persona,
1053 2556 1187 2594 licebit
1208 2542 1297 2594 alias
1320 2554 1541 2607 singillatim
1565 2562 1667 2589 tran-
