2176 2912
283 299 315 327 p.

542 191 835 231 VARIAE
925 192 1491 236 LECTIONES.

370 338 405 364 17
427 335 505 362 tunc,
528 337 593 356 cum
616 341 633 357 ω
649 338 665 356 2
686 337 740 357 tum
754 340 807 358 cum
821 337 868 357 aut

372 371 406 396 18
429 378 492 396 cum
516 382 532 396 ω
551 378 560 396 1
587 370 614 396 d.

368 417 404 446 19
425 408 460 436 iis
483 422 499 436 ω
517 418 531 436 2
554 409 595 436 his

367 458 404 477 20
425 448 561 476 acciderit
582 461 599 476 ω
618 458 628 476 1
654 449 751 476 accidit

366 498 401 525 23
427 497 487 516 turn
510 501 527 516 ω
543 498 558 516 2
580 498 643 517 tunc

317 552 321 555 ,
365 538 400 567 ²5
426 536 474 557 aut
497 529 539 562 id,
568 529 646 567 quod
670 528 789 567 seipsum
810 543 827 558 ω
846 538 856 558 1
883 531 914 558 id
931 531 998 568 quod

285 697 324 726 42

288 1099 326 1128 43

290 1864 328 1895 45

465 573 546 607 iplum

366 618 403 646 ²9
427 617 509 638 erunt
530 623 547 637 ω
566 618 576 637 1
603 618 677 638 erunt
690 612 814 638 commoda

366 663 408 670 -
423 649 478 680 ,sua
500 663 517 677 ω
536 659 562 683 1,
587 659 603 678 2
623 650 808 686 εοπιηιαᾶαβια

388 698 403 717 2
427 689 563 726 quiddam
588 703 604 718 ω
624 699 633 717 1
661 693 787 728 quoddam

387 738 404 766 7
426 739 519 758 rerum
535 730 713 758 distributam
735 744 752 758 ω
771 740 780 758 1
800 730 996 769 distributurum

468 781 552 799 rerum

370 819 406 846 ¹4
427 810 622 838 controverfiae
643 824 660 838 ω
677 821 692 839 2
714 814 742 840 in
756 812 928 850 controversia

372 859 405 887 ¹7
427 860 522 878 rerum
537 851 714 879 distributam
738 865 755 880 ω
771 861 787 880 2
809 863 891 880 rerum
905 853 994 890 distri-

468 890 588 919 buturum

369 939 404 967 23
429 930 581 959 dicendum
597 931 634 959 est
649 944 666 959 ω
686 941 696 960 ι
718 933 806 970 ρεβια
820 933 951 960 dicendum
964 933 998 970 est

368 980 402 1008 ²3
425 971 627 999 vitiofiffimum
651 985 668 1000 ω
685 981 699 1000 2
723 973 902 1010 viticfiffimum
916 973 951 1009 est

369 1019 404 1046 27
426 1011 612 1048 implicantur
631 1025 648 1040 ω
667 1021 678 1040 1
702 1013 862 1050 implicentur

369 1060 406 1088 30
427 1061 518 1089 genus
540 1064 557 1080 ω
574 1062 589 1080 2
607 1055 734 1091 genusqft

392 1101 406 1128 3
430 1101 465 1119 ne
487 1104 504 1119 ω
522 1101 537 1120 2
559 1103 603 1120 nec

372 1140 408 1159 10
429 1141 478 1160 nos
500 1145 517 1160 ω
534 1142 550 1161 2
572 1134 671 1170 nuff-

372 1181 404 1209 ¹3
429 1180 523 1201 tamen
541 1180 653 1201 utamur
674 1185 690 1200 ω
709 1182 718 1200 1
745 1180 847 1201 tamum·

369 1221 405 1249 23
429 1213 550 1250 partitur
570 1226 588 1241 ω
603 1222 619 1241 2
637 1216 761 1251 partitur
773 1221 856 1241 autem

371 1261 408 1289 30
431 1253 723 1292 Liberius—potestas
737 1267 755 1281 ω
774 1262 798 1287 1,
816 1263 832 1282 2
855 1256 883 1283 d.

370 1301 404 1330 31
431 1293 546 1322 Deinde
567 1306 585 1322 υ
603 1303 613 1322 ι
639 1295 666 1322 d.

367 1347 409 1354 —
429 1333 533 1362 deinde
547 1335 618 1373 quid
640 1348 656 1362 ω
674 1344 689 1362 2
706 1337 762 1373 post
776 1335 820 1362 hoc
834 1335 900 1372 quid

371 1383 407 1411 33
431 1373 461 1402 in
476 1375 630 1412 partitione
645 1387 663 1403 ω
681 1384 691 1404 1
717 1377 742 1403 d.

371 1423 406 1451 ¹3
429 1423 527 1442 omnes
553 1425 596 1444 res
616 1431 657 1437 —
675 1415 879 1444 confirmantur
898 1427 915 1442 ω
937 1424 962 1449 1,
980 1425 995 1444 2

468 1459 546 1484 onmis
559 1467 597 1484 rer
610 1471 652 1477 —
664 1457 829 1492 corfirmetur

373 1504 406 1532 ¹5
430 1495 581 1524 attributas
603 1509 620 1524 ω
638 1505 649 1524 1
675 1496 832 1524 cantributas

373 1536 408 1562 18
431 1535 514 1563 datur
533 1549 551 1564 ω
570 1546 595 1570 1,
613 1546 628 1564 2
650 1535 778 1564 tribuitur

367 1590 408 1596 -—
429 1585 486 1612 quo
507 1589 524 1603 ω
543 1586 553 1604 1
579 1578 648 1614 quod

370 1624 406 1654 19
428 1615 545 1644 difficile
567 1616 605 1644 est
626 1615 742 1644 definire
763 1629 780 1644 ω
798 1624 807 1645 ι
835 1626 882 1654 quo
899 1614 999 1652 difficile

469 1659 504 1695 est
524 1657 635 1694 diffinire

370 1704 408 1725 22
430 1704 523 1725 autem
539 1706 604 1734 pars
625 1710 642 1725 ω
662 1705 671 1726 1
697 1697 754 1725 haec
764 1704 830 1734 pars

371 1746 405 1773 23
429 1736 596 1765 atheniensis
618 1750 636 1765 ω
657 1746 666 1764 1
692 1748 727 1764 an
742 1738 859 1764 athenien
870 1748 892 1765 15

368 1790 409 1796 —
431 1775 537 1804 Graius
559 1790 576 1804 ω
591 1787 607 1805 2
630 1778 739 1806 Graecus

370 1815 409 1844 26
431 1825 498 1845 natu
514 1817 650 1855 grandior
671 1830 688 1845 ω
707 1826 716 1845 1
742 1829 777 1846 an
795 1824 860 1845 natu
869 1817 997 1855 grandior

395 1866 406 1885 1
432 1867 516 1894 quem
539 1870 557 1885 ω
574 1867 590 1886 2
613 1868 671 1896 quos

391 1906 408 1934 7
430 1907 503 1925 anne
517 1897 622 1934 injuria
642 1911 659 1926 ω
676 1907 684 1926 1
710 1909 745 1925 an
759 1909 812 1926 cum
826 1898 927 1935 iry'uria

373 1946 409 1965 10
430 1937 573 1966 Habitum
588 1946 683 1967 autem
704 1951 721 1966 ω
737 1948 754 1966 2
773 1937 900 1966 Habitum
915 1947 998 1967 auum

470 1978 537 2006 bunc

373 2027 404 2046 11
432 2026 462 2047 ut
477 2018 590 2048 virtutis
611 2031 629 2047 υ
648 2027 658 2046 ι
683 2027 731 2047 aut
744 2021 858 2048 virtutis

371 2068 410 2088 2ο
430 2068 495 2087 vere
509 2060 669 2096 excogitata
684 2060 756 2088 ratio
777 2072 794 2087 ω
813 2068 822 2087 1
849 2060 876 2087 d.

371 2108 408 2128 22
431 2108 480 2128 aut
495 2100 565 2138 quid
580 2099 667 2128 faciat
688 2113 705 2128 ω
725 2109 751 2134 1,
768 2110 782 2128 2
799 2108 823 2128 et
837 2100 998 2138 quidfaciat

370 2153 412 2162 —-
432 2139 502 2178 quid
515 2140 567 2179 ips:
581 2140 693 2169 accidat
713 2153 730 2169 ω
750 2150 759 2169 1
786 2142 851 2179 quid
866 2140 915 2178 ipst
927 2143 998 2168 acci-

469 2182 510 2209 dit

372 2221 409 2248 28
431 2220 564 2257 adjunfta
584 2233 602 2249 ω
621 2230 632 2248 ι
657 2224 685 2250 in
695 2224 804 2260 ggstione
815 2222 944 2260 adjunSa

370 2270 409 2298 32
431 2261 512 2290 causa
533 2274 550 2290 ω
567 2271 577 2289 1
602 2263 726 2299 ψιαιψα

373 2310 412 2338 34
433 2301 616 2330 continentur
635 2314 652 2329 ω
669 2312 685 2330 2
707 2313 765 2340 quae
777 2304 935 2330 continentur

374 2350 409 2379 35
433 2341 551 2379 negotio
572 2355 589 2369 ω
610 2350 618 2368 1
645 2343 672 2370 d.

394 2389 405 2409 ι
430 2381 546 2410 Deinde
567 2381 637 2418 quid
660 2381 875 2419 postea=fastum
891 2381 924 2410 fit
946 2395 964 2409 ω
981 2391 997 2410 2

469 2422 569 2451 Deinde
583 2424 646 2460 quid
654 2424 700 2461 est,
721 2423 788 2461 quod
793 2423 880 2462 postea
891 2424 999 2460 fadum

471 2463 506 2499 ‘st

1046 300 1076 328 p.

1049 330 1087 367 46

1050 739 1088 767 47

1051 1947 1090 1976 49

1139 290 1158 318 l.

1151 340 1166 367 3
1191 339 1333 368 quaeretur
1354 346 1370 360 ω
1389 342 1399 360 1
1426 336 1557 371 quaeritur

1150 380 1169 406 4
1190 370 1310 399 facultas
1333 385 1349 400 ω
1365 383 1380 401 2
1393 373 1543 411 facultates

1133 419 1166 438 12
1189 411 1304 439 definire
1329 413 1445 442 difficile
1469 415 1506 442 est
1527 427 1544 442 ω
1571 424 1580 443 1
1606 416 1707 454 diffcile
1725 417 1760 456 est

1228 452 1338 488 dffm're

1133 499 1165 528 13
1189 499 1265 519 certa
1287 505 1303 519 ω
1323 501 1332 519 1
1359 504 1413 521 cum
1427 502 1498 522 certa

1131 539 1169 568 14
1190 541 1253 569 quae
1263 539 1378 569 propter
1387 534 1550 562 vetustatem
1562 534 1761 567 obsoleverunt

1230 585 1246 599 ω
1265 581 1274 599 1
1302 584 1361 610 quae
1374 582 1420 601 aul
1430 582 1537 611 propter
1550 578 1706 613 vetzstatem

1135 612 1169 639 18
1193 612 1298 640 exstent
1320 625 1337 639 ω
1356 622 1381 645 ι,
1401 624 1415 641 2
1437 616 1550 652 existant

1132 660 1164 680 21
1191 651 1261 690 quid
1284 652 1362 680 ocius
1385 661 1413 681 et
1428 654 1499 691 quid
1516 654 1601 684 serius
1625 668 1641 684 ω
1660 666 1669 684 1
1696 659 1766 696 quod

1230 696 1295 720 πνέω
1309 701 1332 721 et
1347 695 1414 731 quod
1416 695 1504 730 strias

1192 732 1292 760 eodem
1314 746 1331 760 ω
1350 742 1360 761 1
1385 735 1415 761 de
1430 735 1510 762 eodem

1191 773 1262 800 rat30
1284 786 1300 801 ω
1319 782 1329 801 1
1355 777 1438 802 oratio

1193 813 1333 841 neceffitas
1356 827 1373 841 ω
1391 823 1401 841 1
1428 815 1571 852 neceffi'tudo

1153 862 1172 887 4
1191 852 1300 890 aliquid
1323 866 1341 881 ω
1360 863 1368 882 1
1395 854 1503 892 aquuod

1152 892 1169 919 6
1191 893 1268 929 quod
1284 894 1374 930 majus
1389 909 1470 917 —
1486 896 1564 933 quod
1587 898 1760 928 contrarium

1232 946 1249 960 ω
1266 943 1281 960 2
1303 936 1370 971 quod
1388 937 1481 972 mqjus,
1502 944 1526 964 et
1547 939 1614 974 qued
1623 942 1716 973 minus,
1738 948 1762 968 et

1231 975 1300 1010 quod
1314 986 1385 1012 aeque
1398 986 1528 1013 magnum,
1549 985 1573 1004 et
1598 981 1667 1015 quod
1676 979 1762 1016 fimise

1232 1017 1282 1041 erit
1296 1017 1319 1041 ci
1333 1019 1428 1052 negotio
1439 1017 1470 1043 de
1483 1027 1529 1054 quo
1543 1020 1643 1055 agitur,
1659 1028 1682 1047 et
1696 1021 1766 1058 qued

1232 1062 1391 1083 contrahunt

1135 1103 1172 1122 20
1193 1101 1221 1121 et
1235 1103 1269 1122 ex
1285 1104 1403 1122 numero
1423 1108 1441 1122 ω
1458 1105 1473 1123 2
1495 1107 1527 1124 ex
1540 1106 1640 1126 numero

1134 1143 1167 1162 21
1194 1134 1384 1163 confideratur
1405 1149 1422 1162 ω
1440 1145 1450 1164 1
1477 1138 1669 1175 corfidcramur

1135 1183 1170 1201 22
1194 1173 1283 1202 sumile
1295 1183 1389 1203 autem
1403 1185 1439 1203 ex
1449 1175 1540 1214 specie
1554 1178 1760 1216 comparabili;

1233 1215 1424 1253 comparabile
1437 1224 1533 1244 autern
1544 1227 1578 1245 ex
1590 1219 1763 1248 conferenda

1233 1262 1319 1292 atque
1342 1255 1523 1284 affimulanda
1538 1265 1637 1286 natura
1648 1258 1762 1295 jndica-

1233 1303 1279 1323 tur
1300 1309 1317 1323 ω
1336 1305 1344 1324 1
1363 1296 1449 1333 simile
1468 1306 1552 1325 autem
1574 1307 1621 1326 aut
1640 1310 1672 1327 ex
1676 1300 1763 1337 specie

1232 1336 1402 1373 comparabili
1415 1345 1462 1365 aut
1480 1348 1511 1365 cx
1524 1341 1673 1376 cctqferenda
1686 1346 1767 1379 alque*

1231 1376 1397 1412 affimilanda
1411 1385 1510 1405 natura
1513 1380 1669 1414 judicatur.

1134 1425 1169 1444 22
1192 1416 1385 1453 comparabile
1399 1425 1493 1446 autem
1516 1430 1533 1446 ω
1549 1428 1565 1446 2
1586 1427 1634 1447 aut

1133 1465 1169 1492 27
1191 1455 1228 1482 est
1250 1469 1266 1483 ω
1284 1467 1298 1484 2
1322 1458 1349 1485 d.

1135 1505 1167 1532 3¹
1193 1504 1419 1535 eventurumque
1441 1511 1458 1525 ω
1476 1507 1486 1525 1
1511 1507 1664 1528 eventurum

1153 1545 1169 1574 7
1194 1536 1377 1570 consuetudo,
1394 1538 1478 1571 affio,
1495 1538 1650 1575 judicium,
1672 1539 1762 1570 scien.

1233 1576 1284 1610 tia,
1309 1576 1461 1605 artificium
1483 1591 1501 1606 ω
1525 1588 1534 1606 1
1568 1581 1714 1616 conficetudo
1733 1590 1763 1610 ut

1233 1618 1369 1650 medicina,
1399 1620 1480 1658 αέῖἰο,
1499 1620 1644 1658 judicium,
1658 1622 1762 1657 fialen-

1232 1665 1284 1691 na,
1307 1666 1361 1685 art!
1381 1669 1458 1686 crum.

1152 1707 1170 1734 9
1193 1697 1387 1726 consueverint
1408 1710 1426 1725 ω
1443 1707 1454 1727 1
1479 1700 1664 1737 cordiae-verunt

1137 1746 1170 1764 12
1193 1744 1241 1765 aut
1263 1750 1280 1765 ω
1297 1748 1312 1766 2
1333 1747 1357 1766 et

1135 1786 1172 1805 20
1193 1775 1342 1806 necessarie
1363 1791 1380 1806 ω
1397 1788 1413 1807 2
1435 1780 1566 1816 necffrrio

1134 1817 1171 1845 26
1192 1817 1415 1855 reprehendatur
1435 1831 1452 1847 a
1470 1829 1486 1848 2
1509 1821 1702 1858 reprehenditur

1135 1866 1173 1894 30
1195 1866 1244 1886 aut
1259 1867 1336 1887 metu
1352 1867 1402 1888 aut
1416 1859 1464 1896 spe
1486 1873 1502 1888 ω
1521 1869 1532 1888 1
1556 1870 1603 1889 aut
1617 1871 1694 1892 metus
1713 1870 1763 1892 aut

1225 1900 1283 1934 spei
1303 1912 1322 1926 a
1340 1908 1355 1927 2
1376 1908 1424 1928 aut
1437 1910 1502 1929 melu
1515 1903 1629 1939 autspei

1158 1947 1167 1965 1
1195 1938 1337 1966 conclufio
1358 1951 1375 1967 ω
1391 1949 1407 1968 2
1429 1942 1463 1976 est
1477 1942 1595 1980 concltfio
1609 1953 1669 1980 quae

1153 1978 1172 2005 6
1193 1986 1222 2006 et
1238 1988 1272 2006 ne
1294 1991 1311 2006 ω
1328 1989 1344 2007 z
1367 1988 1395 2007 ut
1410 1991 1439 2008 ne

1132 2033 1172 2040 —
1193 2018 1222 2046 in
1237 2018 1263 2046 se
1284 2032 1301 2046 ω
1317 2029 1332 2046 2
1349 2019 1430 2056 ipfhm

1151 741 1169 838 »stow

1135 821 1144 918 ι-ιι-ι-ι

1158 2068 1167 2087 1
1194 2059 1249 2087 five
1263 2069 1372 2087 verum.
1397 2073 1414 2088 ω
1432 2070 1446 2088 2
1460 2062 1525 2098 five
1537 2072 1640 2090 verum.
1669 2064 1761 2093 Verum

1154 2109 1171 2128 2
1193 2099 1213 2126 fi
1226 2107 1315 2128 mater
1330 2100 1378 2133 est,
1390 2100 1489 2139 diligit
1504 2101 1595 2130 filium
1617 2115 1634 2131 ω
1648 2112 1658 2131 1
1669 2105 1699 2143 st
1711 2116 1762 2140 aa·

1233 2148 1282 2168 tem
1293 2148 1353 2178 pat.
1376 2140 1562 2180 diligirfilium

1136 2189 1170 2217 ¹3
1194 2189 1294 2208 avarus
1309 2181 1347 2208 est
1368 2194 1385 2209 ω
1402 2191 1417 2210 2
1440 2193 1545 2211 avarus

1132 2235 1173 2242 --
1193 2228 1288 2249 autem
1311 2235 1328 2249 ω
1344 2232 1359 2250 2
1380 2224 1407 2250 d.

1137 2269 1171 2300 ¹9
1192 2261 1387 2299 imprudentes
1402 2262 1531 2292 laeserunt
1546 2276 1563 2291 ω
1578 2273 1594 2293 2
1615 2267 1761 2303 impruden-

1231 2309 1271 2330 ter
1282 2301 1391 2340 lesZrunt
1604 2324 1612 2336 v

1133 2344 1166 2370 21'
1191 2342 1270 2370 locus
1292 2355 1309 2370 ω
1328 2353 1352 2376 1,
1370 2354 1386 2371 2
1406 2343 1472 2373 locus
1485 2347 1513 2372 in
1525 2348 1596 2373 mari

1135 2391 1171 2410 22
1194 2381 1292 2410 amicis
1315 2396 1332 2410 ω
1353 2393 1360 2410 1
1387 2386 1415 2412 d.

1135 2422 1172 2451 26
1193 2422 1312 2451 cicatrix
1328 2424 1365 2451 est
1386 2438 1403 2453 ω
1421 2433 1430 2452 1
1448 2425 1478 2463 fi
1487 2426 1599 2454 cicatrix
1620 2437 1637 2453 ω
1650 2434 1667 2453 2
1697 2436 1708 2454 ι
1721 2428 1758 2455 ci-

1233 2465 1367 2502 catrixest
