2176 2912
404 188 482 229 232
760 174 875 215 DE
954 173 1461 214 ORATORE

542 267 673 321 Causd,
703 279 849 308 mortem
868 268 973 321 hujus
991 278 1067 308 tam
1072 268 1411 321 fi’rtkfhmiliariter
1423 285 1438 308 .·

544 334 652 386 Qid,
669 335 711 387 st
727 335 793 388 ipſs
812 335 954 388 amaffit
967 335 986 373 ,9
1017 335 1105 388 quid
1118 335 1209 373 mihi
1223 335 1407 388 hicfacz'et
1418 333 1560 387 patri?

408 400 471 438 Ex
487 401 582 452 pari,
604 400 654 438 fic
671 419 682 445 ς
715 400 782 438 Est
800 400 969 453 ejusdem
985 410 1024 438 et
1043 401 1199 453 eripere,
1226 411 1264 439 et
1279 410 1413 439 contra
1431 398 1714 453 rempublicam
1730 398 1805 437 lar-

405 467 494 520 giri,
515 467 711 520 pecunias.

463 533 573 571 Foris
594 543 722 571 autem
742 533 981 571 assumuntur
996 547 1050 578 ea,
1074 547 1158 585 quae
1179 547 1255 572 non
1276 533 1340 571 sua
1359 534 1410 578 vi,
1428 533 1490 571 sed
1507 541 1696 577 extranea,
1716 532 1806 570 sub-
1850 531 1853 532 ⁷

407 598 595 643 levantur,
613 608 655 636 ut
668 597 749 636 haec
766 617 776 642 ;
809 599 900 637 Hoc
920 611 1055 636 verum
1070 599 1123 636 est
1139 617 1150 643 ς
1182 599 1283 636 dixit
1297 599 1402 637 enim
1419 599 1683 650 QLutatius.
1716 599 1808 636 Hoc

405 663 546 702 falsum
564 664 615 702 est
632 683 642 708 3
674 663 806 702 habita
824 664 929 702 enim
951 664 1106 715 quaestio
1127 663 1192 702 est.
1240 665 1332 702 Hoc
1353 664 1460 716 sequi
1476 664 1620 702 neceffe
1637 664 1690 702 est
1702 681 1716 708 ,ς
1745 677 1806 701 re-

409 731 488 768 cito
507 731 613 768 enim
633 730 793 767 tabulas.
827 730 889 767 De
909 743 987 781 quo
1004 743 1142 782 genere
1162 738 1245 768 toto
1264 730 1379 783 paulo
1398 738 1485 768 ante
1502 729 1597 768 dixi.
1630 729 1742 774 Haec,
1765 737 1810 768 ut

390 801 392 803 ’
410 796 624 834 brevissime
644 795 721 833 dici
741 804 963 848 potuerunt,
994 796 1047 833 ita
1070 809 1090 833 a
1107 808 1170 833 me
1186 796 1287 834 dim
1302 796 1404 835 sunt.
1443 833 1445 836 Α

464 861 574 899 XLI.
607 862 664 899 Ut
681 862 787 900 enim
800 861 834 910 *fi
850 875 986 900 aurum
1006 862 1085 906 cui,
1106 861 1212 914 quod
1227 861 1315 900 effet
1330 861 1584 900 multifariam
1607 861 1811 906 defoss‘um,

409 926 708 965 commonstrare
728 927 884 971 vellem,
915 926 1000 965 satis
1017 926 1087 965 effe
1099 927 1267 972 deberet,
1289 927 1314 965 fi
1333 927 1437 980 figna
1453 936 1492 965 et
1512 936 1619 965 notas
1636 926 1812 966 ostende-

411 1006 494 1032 rem
525 993 715 1038 locorum,
747 993 888 1046 quibus
916 994 1080 1045 cognitis
1102 993 1168 1031 ille
1188 993 1257 1031 fibi
1277 993 1354 1046 ipse
1374 992 1533 1038 foderet,
1564 1002 1602 1030 et
1621 993 1675 1038 id,
1706 992 1813 1045 quod

411 1059 540 1104 vellet,
561 1060 719 1112 parvulo
739 1060 881 1105 labore,
912 1059 1021 1098 nullo
1042 1073 1178 1104 errore,
1201 1060 1388 1098 inveniret
1403 1078 1415 1104 3
1447 1059 1497 1097 fic
1518 1058 1584 1097 has
1604 1073 1675 1111 ego
1694 1072 1810 1112 argu-

413 1134 635 1164 mentorum
655 1126 744 1164 novi
765 1135 886 1171 notas,
922 1139 1006 1178 quae
1026 1125 1092 1164 illa
1119 1124 1218 1164 mihi
1239 1126 1423 1177 quaerenti
1442 1124 1715 1170 demonstrant,
1745 1126 1815 1164 ubi

412 1191 484 1230 fint
499 1211 511 1238 ς
544 1193 688 1245 reliqua
707 1194 798 1231 cura
816 1202 854 1231 et
873 1193 1106 1245 cogitatione
1125 1201 1323 1231 eruuntur.

468 1259 587 1310 Qod
617 1268 745 1298 autem
775 1268 1092 1312 argumentorum
1125 1273 1245 1312 genus
1279 1259 1419 1312 cuique
1459 1258 1655 1297 causarum
1685 1258 1815 1311 generi

414 1325 584 1362 maxime
604 1326 819 1370 conveniat,
852 1339 929 1363 non
962 1325 1015 1363 est
1044 1325 1133 1363 artis
1159 1325 1353 1378 exquifitae
1387 1324 1637 1378 praescribere‚
1667 1324 1729 1363 sed
1762 1324 1815 1362 est

416 1390 620 1429 mediocris
640 1392 785 1444 ingenii
798 1392 985 1444 judicare.
1031 1392 1173 1444 Neque
1193 1393 1298 1430 enim
1313 1405 1418 1430 nunc
1438 1391 1477 1429 id
1497 1391 1661 1444 agimus,
1691 1399 1735 1429 ut
1754 1404 1814 1429 ar-

411 1465 492 1495 tem
523 1458 690 1509 aliquam
723 1458 875 1496 dicendi
895 1458 1149 1510 explicemus,
1180 1457 1242 1496 secl
1272 1468 1316 1496 ut
1347 1457 1568 1496 dostiffimis
1588 1457 1814 1496 hominibus

414 1522 501 1559 usus
531 1523 646 1560 nostri
676 1524 778 1575 quasi
798 1523 974 1574 quaedam
993 1525 1143 1560 monita
1172 1523 1378 1561 tradamus.
1426 1523 1502 1561 His
1523 1523 1642 1575 igitur
1659 1523 1754 1561 locis
1774 1522 1816 1560 in

415 1597 546 1626 mente
577 1597 614 1626 et
645 1588 876 1641 cogitatione
904 1587 1053 1633 defixis,
1085 1597 1122 1626 et
1155 1589 1195 1626 in
1229 1589 1337 1627 omni
1367 1601 1405 1626 re
1437 1588 1484 1626 ad
1504 1588 1712 1628 dicendum
1743 1602 1816 1641 po-

415 1653 483 1691 sita
501 1654 690 1699 excitatis,
711 1653 811 1692 nihil
831 1654 916 1699 erit,
936 1654 1040 1706 quod
1058 1663 1246 1693 oratorem
1264 1654 1432 1707 effugere
1452 1654 1577 1707 poffit,
1599 1668 1677 1693 non
1698 1655 1817 1692 modo

415 1720 455 1758 in
475 1719 686 1759 forenfibus
707 1720 1059 1774 disceptationibus,
1091 1721 1153 1759 sed
1173 1721 1334 1759 omnino
1360 1722 1401 1758 in
1421 1720 1503 1758 ullo
1523 1734 1661 1773 genere
1681 1721 1815 1759 dicen-

416 1787 469 1824 di.
503 1788 541 1825 Si
560 1800 648 1825 vero
673 1786 898 1840 assequetur,
930 1796 973 1825 ut
993 1787 1077 1825 talis
1108 1786 1293 1832 videatur,
1325 1787 1479 1839 qualem
1513 1787 1549 1825 se
1568 1787 1687 1825 videri
1708 1787 1815 1832 velit,

416 1862 455 1890 et
474 1854 618 1891 amicos
639 1867 771 1891 eorum
793 1854 845 1892 ita
865 1853 1016 1898 afficiet,
1048 1854 1148 1906 apud
1174 1867 1271 1906 quos
1292 1863 1389 1907 aget,
1422 1862 1465 1891 ut
1484 1866 1562 1898 eos,
1584 1867 1818 1906 quocunque

416 1919 522 1964 velit,
553 1919 611 1957 vel
634 1918 793 1965 trahere,
825 1920 882 1958 vel
914 1933 1054 1973 rapere,
1090 1919 1229 1973 poffit3
1261 1919 1360 1958 nihil
1384 1919 1557 1973 profesto
1575 1929 1753 1973 praeterea
1772 1919 1818 1957 ad

416 1984 625 2023 dicendum
645 1987 825 2038 requiret.

439 2060 442 2062 ’
472 2053 561 2102 Jam
583 2052 678 2090 illud
695 2053 882 2097 videmus,
905 2053 1163 2105 Nequaquam
1183 2051 1268 2090 satis
1288 2051 1370 2097 effe,
1402 2051 1565 2104 reperire
1585 2050 1679 2103 quid
1699 2050 1817 2096 dicas,

420 2117 488 2155 nisi
509 2118 548 2155 id
579 2118 779 2156 inventum
805 2120 959 2156 tractare
979 2118 1105 2170 poffis.
1148 2117 1344 2155 Tractatio
1374 2126 1502 2155 autem
1529 2117 1628 2154 varia
1653 2116 1723 2154 effe
1749 2116 1816 2154 de·

421 2184 499 2228 bet,
531 2197 578 2221 ne
599 2193 662 2221 aut
679 2185 885 2236 cognoscat
905 2193 1024 2221 artem
1045 2184 1111 2235 qui
1133 2184 1273 2227 audiat,
1304 2192 1369 2221 aut
1385 2182 1615 2236 defatigetur
1635 2182 1817 2221 fimilitu-

421 2250 519 2287 dinis
547 2249 725 2287 satietate.
773 2250 940 2302 Proponi
970 2258 1134 2302 oportet,
1166 2249 1261 2301 quid
1281 2249 1439 2293 afferas;
1472 2258 1523 2294 et,
1553 2249 1593 2287 id
1623 2263 1738 2301 quare
1768 2249 1821 2287 ita

421 2314 478 2358 fit,
501 2314 719 2358 ostendere;
752 2324 789 2352 et
813 2328 859 2352 ex
879 2315 1013 2354 iisdem
1035 2315 1110 2352 illis
1132 2308 1227 2352 locis
1255 2315 1451 2353 interdum
1471 2314 1727 2359 concludere3
1759 2327 1820 2352 re-

419 2380 593 2432 linquere
613 2380 716 2424 alias,
739 2380 889 2432 alioque
921 2380 1095 2419 transire:
1127 2380 1221 2433 saepe
1242 2394 1320 2418 non
1349 2394 1573 2433 proponere,
1602 2394 1644 2418 ac
1675 2381 1821 2419 ratione

419 2445 497 2498 ipsa
516 2443 716 2490 afferenda,
745 2446 839 2498 quid
866 2446 1160 2498 proponendum
1180 2445 1311 2491 fuerit,
1343 2446 1556 2485 declarare:
1588 2446 1614 2484 fi
1635 2446 1698 2484 cui
1727 2445 1822 2498 quid

420 2510 542 2549 fimile
575 2511 691 2558 dicas,
722 2512 827 2565 prius
860 2521 902 2550 ut
929 2512 1050 2551 fimile
1082 2510 1285 2552 confirmes
1302 2530 1314 2558 5
1357 2512 1509 2558 deinde,
1539 2512 1645 2565 quod
1678 2511 1821 2565 agitur,
