2176 2912
475 185 555 237 486
928 183 1430 224 TOPICA.

532 280 571 317 A
604 275 730 316 forma
755 276 917 329 generis,
946 290 1066 328 quam
1098 276 1315 323 interdum,
1357 290 1435 330 quo
1466 276 1616 330 planius
1655 277 1877 331 accipiatur,

476 354 625 400 partem
656 344 749 382 licet
778 343 991 389 nominare,
1022 342 1097 382 hoc
1127 344 1273 389 mod0;
1307 345 1344 383 Si
1378 344 1430 383 ita
1463 344 1591 383 Fabiae
1624 345 1789 397 pecunia
1821 344 1877 383 le-

474 421 561 465 gata
581 411 633 449 est
652 424 672 448 a
691 411 785 454 viro,
807 409 832 448 s1
853 410 886 447 ei
906 410 987 448 viro
1006 409 1294 448 materfamilias
1314 409 1401 449 effet
1413 429 1424 456 3
1456 411 1482 448 fi
1503 424 1545 449 ea
1563 411 1604 448 in
1624 425 1787 449 manum
1807 411 1880 449 viri

475 492 553 517 non
574 486 813 521 convenerat,
841 474 941 514 nihil
962 476 1122 514 debetur
1140 492 1148 514 ε
1180 490 1301 529 genus
1325 476 1430 515 enim
1451 477 1503 515 est
1533 491 1630 515 uxor
1645 495 1657 522 3
1694 478 1774 528 ejus
1796 477 1879 515 duae

474 544 610 583 formae
623 562 635 588 3
668 557 742 581 una
762 541 1114 587 matrumfamilias,
1150 556 1296 587 earum,
1324 556 1408 594 quae
1428 543 1469 580 in
1498 556 1660 581 manum
1687 547 1901 581 convene-⁷

475 620 565 650 runt
577 629 590 656 ;
621 610 737 648 altera
755 622 900 654 earum,
936 623 1022 660 quae
1042 609 1315 647 tantummodo
1336 622 1470 647 uxores
1490 607 1680 648 habentur
1701 624 1710 648 ε
1743 622 1819 662 qua
1837 611 1878 648 in

474 688 579 732 parte
599 691 689 716 curn
710 676 827 714 fuerit
843 675 975 720 Fabia,
997 675 1168 728 legatum
1189 675 1224 713 ei
1241 688 1318 714 non
1340 676 1504 714 videtur.

535 747 573 784 A
593 743 858 787 similitudine,
888 740 964 780 hoc
999 742 1140 787 modo;
1174 742 1211 780 Si
1246 741 1341 780 aedes
1369 755 1419 780 eae
1445 750 1684 787 corruerunt,
1714 742 1877 782 vitium-

474 824 519 848 ve
536 810 727 854 fecerunt,
749 822 915 861 quarum
932 807 1168 848 ususfructus
1194 808 1340 861 legatus
1361 808 1427 853 est,
1458 808 1565 847 heres
1586 808 1779 847 restituere
1799 821 1879 847 non

473 877 598 922 debet,
632 890 703 915 nec
734 874 901 920 reficere,
935 888 1014 913 non
1045 875 1182 929 magis,
1219 889 1337 927 quam
1370 875 1520 914 servum
1546 875 1752 921 restituere,
1783 875 1877 920 fiis,

472 945 582 998 cujus
604 942 838 982 ususfructus
858 941 1004 994 legatus
1025 941 1092 987 est,
1114 942 1326 995 deperiffet.

528 1012 566 1049 A
586 1008 799 1048 differentia
815 1026 827 1053 ς
859 1008 968 1053 Non,
987 1008 1013 1046 fi
1034 1008 1145 1046 uxori
1163 1009 1221 1046 vir
1240 1008 1380 1061 legavit
1399 1021 1515 1048 omne
1535 1017 1751 1061 argentum,
1772 1007 1879 1060 quod

472 1077 585 1116 suum
620 1075 722 1121 esset,
753 1074 912 1119 idcirco,
950 1088 1035 1126 quae
1070 1074 1111 1112 in
1141 1074 1366 1113 nominibus
1400 1073 1571 1119 fuerunt,
1616 1074 1739 1126 legata
1775 1074 1874 1112 sunt.

472 1143 654 1182 Multum
674 1142 779 1180 enim
801 1139 941 1186 differt,
973 1141 1013 1178 in
1034 1153 1166 1179 arcane
1186 1140 1355 1194 positum
1376 1140 1419 1179 fit
1440 1149 1657 1195 argentum,
1689 1153 1737 1178 an
1758 1140 1797 1178 in
1818 1148 1875 1178 ta-

474 1209 574 1248 bulis
595 1208 788 1246 debeatur.

528 1276 590 1313 Ex
609 1275 799 1313 contrario
819 1283 962 1319 autem,
984 1274 1058 1319 fic;
1091 1275 1185 1313 Non
1206 1274 1319 1313 debet
1338 1287 1380 1312 ea
1398 1273 1551 1318 mulier,
1582 1273 1647 1312 cui
1673 1273 1731 1311 vir
1749 1272 1875 1311 bono-

471 1356 560 1381 rum
579 1342 735 1380 suorum
756 1339 1042 1380 usumfructum
1060 1341 1212 1394 legavit,
1235 1341 1342 1380 cellis
1357 1341 1511 1379 vinariis
1531 1349 1569 1379 et
1584 1340 1736 1388 oleariis
1752 1339 1876 1392 plenis

472 1409 624 1454 relictis,
647 1418 779 1461 putare
798 1409 837 1446 id
858 1408 903 1446 ad
924 1408 958 1446 se
978 1409 1179 1461 pertinere.
1230 1408 1330 1448 Usus
1351 1408 1471 1454 enim,
1501 1421 1578 1447 non
1597 1407 1749 1453 abusus,
1771 1406 1875 1460 lega-

470 1484 532 1515 tus
552 1476 617 1514 est.
651 1476 708 1513 Ea
727 1474 814 1513 sunt
834 1475 934 1512 inter
953 1474 988 1512 se
1008 1474 1209 1514 contraria.

526 1542 597 1581 IV.
630 1541 694 1580 Ab
725 1541 913 1592 adjunctis
929 1558 942 1585 ς
975 1541 1013 1579 Si
1047 1554 1089 1578 ea
1123 1541 1263 1579 mulier
1293 1541 1565 1582 testamentum
1595 1539 1702 1586 fecit,
1735 1553 1819 1592 quae
1839 1538 1876 1577 se

469 1608 595 1661 capite
615 1619 816 1659 nunquam
837 1605 1035 1650 diminuit,
1064 1619 1142 1643 non
1162 1606 1312 1644 videtur
1329 1620 1375 1644 ex
1395 1606 1520 1644 edicto
1540 1606 1715 1645 Praetoris
1736 1605 1874 1643 secun-

469 1673 567 1711 dum
587 1686 645 1711 eas
667 1672 812 1710 tabulas
843 1670 1013 1724 poffeffio
1041 1671 1134 1709 dari.
1194 1671 1434 1724 Adjungitur
1454 1672 1574 1716 enim,
1603 1680 1646 1709 ut
1665 1669 1875 1709 secundum

470 1739 678 1784 servorum,
701 1736 909 1776 secundum
931 1737 1105 1782 exulum,
1120 1736 1328 1776 secundum
1349 1751 1556 1791 puerorum
1578 1737 1722 1776 tabulas
1736 1736 1874 1790 poffes-

471 1807 523 1844 sio
543 1805 716 1843 videatur
736 1818 782 1843 ex
803 1804 926 1842 edicto
947 1804 1039 1842 dari.

517 1871 581 1909 Ab
602 1870 914 1909 antecedentibus
931 1878 1072 1915 autern,
1088 1878 1125 1908 et
1145 1869 1484 1923 consequentibus,
1501 1879 1539 1909 et
1555 1868 1872 1925 repugnantibuS,

468 1937 545 1976 hoc
575 1933 721 1982 modo3
753 1937 817 1975 Ab
849 1935 1177 1982 antecedentibus,
1210 1936 1246 1974 Si
1267 1936 1338 1975 viri
1370 1936 1485 1990 culpa
1503 1935 1650 1975 fiotum
1670 1936 1723 1975 est
1742 1935 1872 1975 divor-

469 2003 584 2048 tium,
623 2003 687 2043 etfi
719 2003 860 2043 mulier
892 2002 1077 2042 nuntium
1104 2001 1261 2048 remisit,
1294 2011 1422 2042 tamen
1459 2016 1528 2056 pro
1559 2002 1689 2043 liberis
1720 2014 1873 2043 manere

469 2069 570 2108 nihil
591 2079 755 2124 oportet.

523 2138 561 2174 A
595 2136 944 2189 consequentibus,
989 2137 1027 2175 Si
1059 2136 1212 2181 mulier,
1256 2149 1348 2175 cum
1382 2135 1509 2176 fuisset
1544 2145 1663 2189 nupta
1699 2149 1792 2174 cum
1826 2149 1873 2175 eo

468 2203 629 2256 quicum
650 2203 837 2240 connubii
862 2204 926 2255 jus
948 2216 1025 2240 non
1045 2202 1146 2247 effet,
1178 2204 1362 2241 nuntium
1393 2203 1550 2248 remifit‚
1582 2202 1768 2256 quoniam
1803 2202 1872 2255 qui

468 2270 545 2308 nati
567 2269 653 2308 sunt
682 2278 829 2322 patrem
851 2283 927 2307 non
952 2269 1176 2321 sequuntur,
1208 2283 1277 2322 pro
1309 2270 1438 2309 liberis
1460 2282 1613 2309 manere
1633 2268 1733 2308 nihil
1754 2282 1871 2322 opor-

469 2345 538 2374 tet.

523 2403 559 2440 A
596 2402 896 2454 repugnantibus
912 2420 924 2447 3
971 2401 1009 2440 Si
1037 2400 1309 2455 paterfamilias
1331 2401 1441 2441 uxori
1477 2402 1704 2440 ancillarum
1737 2400 1870 2440 usum-

466 2466 638 2507 fructum
660 2468 799 2522 legavit
819 2482 838 2507 a
858 2467 953 2514 filio,
985 2481 1109 2521 neque
1129 2481 1149 2506 a
1180 2468 1345 2509 secundo
1372 2468 1511 2508 herede
1531 2468 1684 2522 legavit,
1714 2477 1870 2508 mortuo
