2176 2912
408 282 480 320 162
758 280 872 319 DE
949 278 1455 319 ORATORE

457 374 573 412 Hanc
604 371 738 425 ipsam,
770 373 898 425 inquit
930 372 1136 426 Sulpicius,
1166 372 1268 412 nosse
1286 372 1496 411 volumus:
1528 379 1695 409 attamen
1717 369 1801 417 ista,

402 453 487 492 quae
504 440 569 477 abs
591 448 627 477 te
647 439 812 477 breviter
831 439 878 477 de
899 449 977 478 arte
996 439 1149 477 decursa
1168 439 1268 484 sunt,
1298 439 1427 477 audire
1447 439 1641 491 cupimus,
1672 452 1801 490 quan-

402 518 519 557 quarn
541 505 627 543 sunt
647 505 758 542 nobis
779 518 934 558 quoque
964 519 1041 543 non
1061 505 1245 543 inaudita.
1286 506 1434 543 Verum
1451 505 1520 542 illa
1540 518 1631 542 mox
1648 522 1659 549 3
1693 517 1798 542 nunc

401 571 447 609 de
467 571 545 624 ipsa
564 571 848 615 exercitatione,
870 571 964 623 quid
985 571 1139 616 sentias,
1156 572 1379 623 quaerimus.
1859 608 1862 609 γ

447 638 642 675 ΧΧΧΙΙΙ.
674 638 870 689 Equidem
896 637 1018 689 probo
1038 637 1123 682 ista,
1141 637 1290 675 Craffus
1312 637 1454 689 inquit,
1483 650 1568 688 quae
1587 649 1653 674 vos
1673 636 1803 674 facere·

399 701 540 747 soletis,
562 711 619 746 ut,
651 701 758 739 causa
777 702 903 753 aliqua
922 702 1040 753 posita
1059 702 1249 739 consimili
1271 702 1467 739 causarum
1487 714 1632 745 earum,
1649 715 1735 753 quae
1755 701 1796 738 in

398 766 528 806 forum
549 767 787 812 deferuntur,
803 767 937 804 dicatis
958 766 1076 819 qua-m
1097 768 1269 805 maxime
1287 768 1332 805 ad
1353 768 1549 805 veritatem
1566 780 1797 805 accommo-

398 833 496 871 date.
557 833 628 870 Sed
648 833 822 885 plerique
842 834 881 870 in
901 831 976 869 hoc
997 846 1133 870 vocem
1153 833 1288 877 modo,
1307 845 1432 884 neque
1451 845 1537 870 eam
1553 832 1725 877 scienter,
1757 840 1801 870 et

396 899 493 936 vires
513 907 689 936 exercent
708 898 805 943 suaS,
832 907 868 936 et
888 898 1028 950 linguae
1048 898 1284 937 celeritatem
1304 899 1482 943 incitant,
1512 898 1796 951 verborumque

395 963 612 1016 frequentia
629 964 864 1002 delectantur
881 979 890 1002 ε
922 965 961 1001 in
982 978 1060 1016 quo
1078 963 1181 1002 fallit
1195 977 1275 1010 eos,
1293 965 1398 1017 quod
1418 965 1635 1009 audierunt,
1656 964 1797 1004 dicendo

394 1028 559 1074 homines,
581 1039 624 1068 ut
641 1029 776 1075 dicant,
797 1030 927 1083 efficere
940 1030 1068 1082 Jblere.
1118 1030 1218 1068 Vere
1243 1031 1348 1069 enim
1369 1031 1486 1068 etiarn
1507 1030 1605 1068 illud
1634 1031 1792 1075 dicit-ur,

386 1096 558 1148 perverst
571 1094 684 1133 dicere
702 1094 866 1139 homines,
889 1096 1059 1148 perveffi’
1077 1093 1228 1140 dicendo,
1240 1095 1418 1148 fizcillime
1436 1095 1604 1148 cmfiqui.
1638 1097 1794 1148 Qam-

394 1160 530 1198 obrem
560 1161 599 1198 in
631 1160 709 1198 istis
743 1161 830 1214 ipfis
849 1161 1201 1206 exercitationibus,
1232 1162 1298 1200 etsi
1327 1162 1422 1199 utile
1447 1162 1500 1198 est
1529 1162 1646 1198 etiam
1667 1161 1793 1199 subito

394 1224 489 1278 saepe
508 1225 646 1270 dicere,
669 1235 797 1264 tamen
817 1226 915 1264 illud
948 1226 1097 1271 utilius,
1128 1225 1282 1279 sumpto
1302 1226 1421 1279 spatio
1452 1225 1498 1262 ad
1524 1225 1791 1279 cogitandum,

393 1292 558 1343 paratius
593 1301 707 1343 atque
738 1292 949 1329 accuratius
981 1292 1121 1329 dicere.
1182 1292 1309 1344 Caput
1335 1301 1463 1329 autem
1494 1291 1560 1336 est,
1594 1290 1698 1343 quod
1718 1291 1793 1343 (ut

390 1368 477 1394 vere
507 1357 651 1407 dicam)
689 1357 852 1394 minime
882 1356 1063 1401 facimus,
1095 1356 1166 1408 (est
1195 1357 1300 1395 enim
1321 1357 1454 1409 magni
1486 1357 1639 1402 laboris,
1669 1370 1791 1409 quem

389 1422 564 1475 plerique
595 1422 789 1475 fugimus)
821 1436 937 1475 quam
959 1423 1176 1475 plurimum
1202 1423 1375 1462 scribere.
1435 1423 1554 1476 Stylus
1579 1423 1730 1476 optimus
1754 1433 1791 1461 et

382 1488 688 1541 pressantgffimus
717 1488 855 1527 dicendi
880 1489 1035 1542 ejffi’c‘lor,
1065 1504 1109 1528 ac
1135 1489 1325 1542 magsser3
1357 1503 1481 1542 neque
1501 1489 1665 1541 injuria:
1698 1502 1792 1527 nam

389 1554 416 1592 fi
437 1554 602 1592 subitam
622 1563 660 1591 et
690 1553 891 1592 fortuitam
911 1555 1125 1592 orationem
1152 1556 1433 1593 commentatio
1463 1564 1501 1593 et
1523 1555 1707 1607 cogitatio
1727 1554 1787 1592 fa-

389 1619 464 1658 cile
483 1620 604 1657 vincit
620 1637 633 1664 5
664 1618 764 1657 hanc
784 1619 905 1672 ipsam
925 1619 1096 1672 profecto
1116 1619 1255 1658 affidua
1273 1634 1316 1658 ac
1336 1620 1500 1673 diligens
1520 1620 1705 1674 scriptura
1723 1621 1786 1659 su-

388 1686 550 1738 perabit.

445 1752 595 1789 Omnes
615 1750 721 1788 enim
751 1749 826 1788 five
845 1750 934 1789 artis
954 1750 1041 1789 sunt
1066 1750 1158 1795 loci,
1188 1751 1259 1789 five
1288 1752 1433 1804 ingenii
1453 1750 1650 1803 cujusdam
1671 1760 1788 1804 atque

389 1816 612 1867 prudentiae,
644 1815 711 1867 qui
731 1815 850 1853 modo
869 1815 997 1854 insunt
1028 1816 1069 1854 in
1099 1829 1142 1853 ea
1161 1829 1213 1860 re,
1244 1816 1291 1854 de
1311 1830 1386 1869 qua
1406 1817 1623 1862 scribimus,
1644 1817 1784 1869 anqui-

387 1881 560 1918 rentibus
582 1880 707 1925 nobis‚
738 1882 923 1933 omnique
942 1882 1021 1919 acie
1040 1881 1186 1933 ingenii
1206 1882 1560 1934 contemplantibus
1580 1882 1786 1921 ostendunt

387 1945 422 1983 se
442 1955 479 1983 et
499 1955 708 1984 occurrunt
723 1965 734 1991 ;
767 1946 975 1998 omnesque
996 1946 1202 1991 sententiae,
1220 1948 1410 2000 verbaque
1425 1949 1570 1993 omnia,
1591 1962 1676 2000 quae
1697 1948 1784 1986 sunt

386 2011 570 2063 cujusque
590 2012 738 2064 generis
760 2012 932 2050 maxime
950 2012 1122 2057 illustria,
1154 2012 1222 2051 sub
1242 2026 1404 2051 acumen
1426 2014 1511 2065 styli
1542 2013 1715 2058 subeant,
1745 2022 1783 2051 et

387 2077 587 2115 succedant
609 2077 750 2116 neceffe
766 2078 841 2116 est:
874 2086 960 2116 tum
980 2078 1059 2131 ipsa
1087 2078 1305 2123 collocatio,
1341 2078 1676 2131 conformatioque
1694 2092 1780 2117 ver-

387 2143 525 2181 borum
553 2143 748 2196 perficitur
768 2145 808 2182 in
831 2144 1042 2193 scribend0‚
1065 2158 1142 2183 non
1163 2145 1329 2197 poetico,
1351 2145 1412 2182 sed
1432 2145 1599 2197 quodam
1616 2145 1782 2183 oratorio

385 2222 546 2246 numero
566 2219 603 2246 et
623 2210 753 2248 modo.
815 2211 912 2248 Haec
933 2210 1034 2254 sunt,
1066 2224 1151 2263 quae
1170 2210 1356 2249 clamores
1386 2220 1424 2248 et
1450 2211 1718 2249 admirationes
1738 2211 1779 2249 in

384 2275 495 2312 bonis
516 2275 727 2312 oratoribus
747 2276 946 2320 efficiunt,
970 2289 1093 2327 neque
1113 2290 1155 2313 ea
1174 2276 1391 2328 quisquam,
1411 2277 1477 2314 nisi
1495 2277 1561 2314 diu
1583 2276 1778 2314 multum-

383 2353 459 2392 que
478 2340 709 2392 scriptitarit,
726 2340 870 2378 etiamfi
891 2339 1218 2378 vehementiffime
1238 2342 1273 2379 se
1296 2342 1335 2379 in
1359 2340 1419 2379 his
1441 2342 1574 2380 subitis
1595 2342 1778 2380 dictioni-

383 2406 454 2443 bus
474 2406 697 2449 exercuerit,
730 2405 983 2457 consequetur
1002 2421 1011 2444 ε
1044 2415 1081 2443 et
1101 2407 1168 2458 qui
1189 2420 1208 2444 a
1229 2407 1417 2445 scribendi
1437 2407 1712 2445 consuetudine
1733 2407 1778 2445 ad

382 2471 591 2509 dicendum
611 2471 727 2516 venit,
750 2470 848 2509 hanc
868 2470 976 2510 affert
996 2471 1234 2517 facultatem,
1258 2482 1313 2517 ut,
1332 2474 1448 2511 etiam
1470 2473 1596 2511 subito
1612 2474 1638 2511 fi
1658 2473 1775 2518 dicat,

382 2547 509 2575 tamen
546 2537 624 2580 illa,
663 2551 746 2589 quae
777 2537 965 2582 dicantur,
998 2538 1135 2576 sunilia
1174 2538 1401 2591 scriptorum
1438 2540 1509 2577 effe
1546 2540 1744 2578 videantur
1761 2557 1773 2583 ς

381 2614 495 2656 atque
524 2603 654 2648 etiam,
691 2603 716 2641 fi
748 2603 902 2657 quando
932 2604 972 2642 in
1003 2604 1166 2645 dicendo
1185 2604 1372 2658 scriptum
1406 2606 1576 2645 attulerit
1613 2604 1773 2658 aliquid,
