2176 2912
712 174 1376 217 PARTITIONES.
1670 189 1747 229 519

341 274 561 318 conficitur,
597 280 634 310 et
665 284 807 310 rerum.
867 270 994 308 Verba
1027 268 1204 322 ponenda
1235 267 1336 313 sunt,
1368 281 1452 319 quae
1480 268 1562 306 vim
1583 266 1748 306 habeant

343 340 570 383 illustrandi,
608 344 676 376 nec
697 338 744 374 ab
776 337 843 374 usu
865 336 936 374 fint
956 334 1212 380 abhorrentia,
1235 335 1374 387 gravia,
1403 334 1527 387 plena,
1564 334 1747 379 sonantia,

336 409 483 460 juncta,
505 404 615 449 fasta,
637 403 922 456 cognominata,
961 415 1038 439 non
1057 401 1224 453 vulgata,
1256 400 1453 453 superlata,
1478 401 1515 438 in
1537 401 1748 453 primisque

343 472 528 516 transsata,
569 484 639 508 nec
674 470 713 507 in
750 469 907 521 singulis
938 467 1078 512 verbis,
1115 466 1176 504 sed
1213 467 1251 504 in
1285 467 1576 504 continentibus
1613 466 1746 509 soluta,

342 554 427 593 quae
458 539 641 576 dicuntur
676 537 752 575 fine
782 537 1067 588 conjunctione,
1104 543 1148 572 ut
1180 534 1289 587 plura
1318 533 1530 571 videantur.
1591 535 1750 585 Augcnt

342 607 459 644 etiam
485 606 598 644 relata
618 604 743 647 verba,
766 604 911 647 iterata,
943 601 1151 654 duplicata,
1179 610 1217 638 et
1237 613 1291 644 ea,
1323 614 1407 652 quae
1427 599 1635 637 ascendunt
1663 612 1750 651 gra-

343 672 465 710 datim
492 673 538 709 ab
569 669 847 708 humilioribus
880 669 1004 706 verbis
1028 668 1074 706 ad
1096 667 1312 720 superiora:
1345 667 1583 717 omninoque
1603 664 1751 717 semper

343 740 447 791 quasi
469 738 662 782 naturalis,
695 746 732 774 et
753 749 830 774 non
851 735 1049 788 explanata
1069 735 1203 778 oratio,
1226 733 1287 770 sed
1307 733 1485 786 gravibus
1508 730 1643 769 referta
1664 744 1749 769 ver-

343 807 416 851 bis,
439 807 484 844 ad
505 804 725 857 augendum
746 802 1087 841 accommodatior.
1149 802 1245 839 Haec
1268 800 1386 852 igitur
1407 800 1446 836 in
1468 798 1619 842 verbis;
1658 798 1749 850 qui-

343 873 414 910 bus
450 873 546 910 actio
581 884 687 914 voce,
723 869 847 913 vultu,
883 878 921 906 et
954 867 1060 920 gestu
1081 880 1311 918 congruens,
1343 875 1380 903 et
1415 866 1501 918 ap'ta
1521 864 1566 902 ad
1601 865 1750 902 animos

342 937 635 990 permovendOS,
658 934 986 972 accommodanda
1005 932 1071 970 est.
1105 932 1175 969 Sed
1195 941 1233 969 et
1261 932 1300 969 in
1321 931 1462 975 verbis,
1484 939 1522 967 et
1542 930 1582 967 in
1603 930 1751 967 actione

341 1004 451 1042 causa
481 1003 558 1040 erit
585 1002 759 1046 tenenda,
795 1009 834 1038 et
853 1014 923 1053 pro
945 1013 982 1037 re
1002 998 1159 1052 agenda.
1224 998 1332 1035 Nam
1352 995 1433 1034 haec
1454 996 1543 1048 quia
1573 996 1752 1033 videntur

342 1069 581 1123 perabsurda‚
603 1074 706 1106 cum'
715 1068 888 1120 graviora
907 1067 1007 1111 sunt,
1030 1079 1147 1117 quam
1169 1064 1277 1102 causa
1291 1062 1365 1105 fert
1381 1081 1392 1108 5
1417 1063 1634 1115 diligenter,
1657 1061 1752 1114 quid

342 1146 540 1189 quemque
556 1136 701 1178 deceat,
718 1133 975 1186 judicandum
994 1132 1059 1171 est.

370 1203 482 1240 XVI.
499 1203 648 1240 Rerum
661 1199 912 1253 amplificatio
925 1198 1091 1236 sumitur
1108 1196 1249 1235 eisdem
1270 1210 1317 1234 ex
1334 1196 1428 1233 locis
1445 1194 1642 1239 omnibus,
1661 1194 1751 1246 qui-

343 1269 414 1307 bus
436 1268 515 1313 illa,
538 1281 624 1320 quae‘
643 1267 744 1304 diffa-
760 1266 911 1304 suntad
929 1264 1072 1303 fidem':
1096 1264 1342 1315 maximeque
1363 1254 1603 1300 definitiones
1625 1261 1752 1299 valent

342 1336 596 1388 conglobatae,
637 1342 675 1371 et
710 1333 1029 1385 consequentium
1073 1330 1346 1382 frequentatio,
1382 1339 1419 1366 et
1457 1327 1748 1372 contrariarum,

342 1412 381 1440 et
401 1402 658 1445 dissimilium,
678 1409 715 1437 et
733 1401 832 1437 inter
853 1399 891 1437 se
907 1396 1168 1452 pugnantium
1190 1410 1317 1434 rerum
1339 1394 1535 1433 conflictio
1555 1413 1566 1438 ς
1597 1403 1634 1431 et
1655 1407 1747 1432 cau-

343 1469 402 1514 sae,
438 1478 476 1506 et
510 1482 565 1513 ea,
606 1472 690 1520 qua*
712 1466 809 1504 sunt‘
833 1466 878 1503 de
913 1465 1029 1503 causis
1057 1473 1151 1508 orta,
1187 1462 1433 1514 maximeque
1465 1461 1749 1506 similitudines,

341 1544 379 1572 et
399 1534 603 1586 exempla;
628 1533 724 1571 fiftae
744 1533 859 1570 etiam
881 1531 1068 1584 personam
1092 1528 1201 1568 muta
1221 1530 1385 1580 denique
1402 1529 1636 1579 loquantur3
1660 1540 1750 1564 om·-

342 1601 513 1653 ninoque
534 1613 576 1636 ea
596 1599 683 1637 sunt
709 1597 936 1641 adhibenda,
970 1597 996 1634 fi
1017 1596 1125 1634 causa
1145 1596 1302 1648 patitur,
1332 1608 1416 1646 quae
1436 1606 1574 1645 magna
1600 1591 1748 1630 haben-

342 1677 433 1711 tur3
457 1680 624 1719 quorum
643 1665 696 1703 est
717 1664 859 1717 duplex
877 1664 1012 1716 genus.
1064 1662 1154 1700 Alia
1173 1661 1278 1699 enim
1302 1674 1441 1713 magna
1461 1659 1593 1697 natura
1614 1659 1749 1697 viden-

342 1743 429 1778 tur;
461 1733 533 1770 alia
564 1732 646 1769 usu.
707 1730 872 1775 Natura,
906 1739 948 1767 ut
968 1728 1140 1773 caelestia,
1176 1737 1219 1766 ut
1249 1727 1392 1772 divina,
1428 1735 1471 1764 ut
1491 1739 1545 1771 ea,
1579 1738 1748 1778 quorum

342 1800 510 1837 obscura>
530 1798 661 1842 causae,
681 1807 736 1842 ut,
759 1798 798 1834 in
820 1796 942 1841 terris,
966 1795 1190 1846 mundoque
1206 1793 1445 1831 admirabilia
1465 1806 1548 1845 quae
1567 1792 1677 1835 sunt;
1701 1805 1749 1829 ex

343 1865 500 1916 quibus,
535 1862 811 1914 similibusque,
846 1862 871 1899 fi
902 1861 1086 1904 attendas,
1119 1860 1165 1897 acl
1192 1859 1413 1911 augendum
1435 1857 1627 1911 permulta
1657 1856 1747 1909 sup-

341 1939 493 1983 petunt.
556 1929 652 1973 Usu,
681 1943 764 1980 qua:
786 1928 962 1965 videntur
982 1925 1208 1964 hominibus
1236 1934 1300 1962 aut
1332 1924 1511 1976 prodesse,
1541 1932 1605 1961 aut
1625 1922 1749 1960 obeffe

342 1996 633 2040 vehementh
657 2009 823 2047 quorum
847 1995 932 2031 sunt
952 2006 1089 2045 genera
1109 1992 1153 2030 ad
1175 1991 1491 2044 amplificandum
1515 1991 1596 2026 tria.
1641 1990 1748 2027 Nam

343 2074 408 2102 aut
422 2065 582 2101 caritate
605 2070 807 2100 moventur
827 2060 1034 2104 hoxnincs3
1059 2069 1100 2096 ut
1121 2059 1295 2102 deorum,
1318 2067 1361 2095 ut
1382 2058 1525 2109 panim,
1548 2065 1590 2093 ut
1609 2068 1748 2108 paren-

343 2140 455 2168 tum:
489 2139 553 2168 aut
573 2142 701 2167 amore
721 2147 734 2173 ,-
768 2138 809 2165 ut
830 2127 1007 2171 fratrum,
1045 2135 1087 2163 ut
1115 2126 1342 2177 conjugum,
1376 2133 1417 2160 ut
1445 2123 1670 2165 liberorum,
1703 2130 1747 2158 ut

341 2196 577 2234 familiarum
594 2211 602 2233 ε
635 2205 699 2232 aut
719 2194 939 2239 honestate5
964 2203 1007 2231 ut
1027 2194 1231 2236 virtutum,
1250 2192 1495 2242 maximeque
1515 2203 1644 2227 earum
1663 2202 1747 2240 qua:

342 2263 388 2299 ad
415 2263 733 2299 communionem
768 2260 977 2298 hominum
1009 2269 1045 2297 et
1072 2259 1341 2296 liberalitatem
1362 2257 1501 2294 valent.
1562 2257 1621 2292 Ex
1646 2255 1687 2291 iis
1709 2263 1746 2290 et

342 2327 623 2364 cohortationes
645 2326 850 2363 sumuntur
869 2326 915 2362 ad
946 2339 986 2362 ea
1008 2323 1231 2367 retinenda3
1264 2332 1302 2359 ct
1333 2323 1371 2359 in
1393 2335 1470 2365 eos,
1504 2334 1524 2358 a
1544 2319 1684 2372 quibus
1705 2331 1746 2354 ea

343 2394 482 2431 violata
502 2393 600 2436 sunt,
624 2392 710 2429 odia
730 2392 952 2435 incitantur,
975 2401 1011 2427 ct
1032 2390 1222 2427 miseratio
1243 2389 1422 2426 nascitur.

398 2460 530 2498 XVII.
571 2459 749 2510 Proprius
784 2458 890 2495 locus
925 2457 1088 2509 augendi
1111 2457 1148 2493 in
1183 2454 1242 2492 hi„-
1265 2456 1375 2493 rebus
1409 2463 1472 2490 aut
1493 2451 1644 2493 aminis,
1681 2459 1746 2486 aut

339 2526 543 2565 amittendi
560 2525 754 2578 periculo:
778 2524 877 2563 nihil
899 2525 951 2562 est
967 2524 1073 2562 enim
1095 2532 1174 2561 tam
1196 2522 1421 2565 miserabile,
1438 2532 1553 2572 quam
1567 2531 1612 2555 cx
1634 2518 1745 2554 beato
