2176 2912
450 193 530 243 264
807 193 920 231 DE
999 193 1504 231 ORATORE

448 278 634 338 quidnam
655 285 720 323 illa
751 298 806 323 ars
836 286 985 324 efficere
1005 285 1137 338 poffet,
1168 285 1298 323 dixifi‘e
1319 286 1432 324 illum
1453 285 1662 329 doctorem,
1695 293 1738 323 ut
1757 299 1844 323 om-

449 352 512 389 nia
531 350 764 389 meminiffet
777 369 788 395 3
820 361 858 388 et
887 352 922 388 ei
944 350 1251 389 Themistoclem
1273 351 1509 403 respondiffe,
1542 351 1684 403 gratius
1705 351 1774 388 fibi
1794 351 1844 388 il—

449 417 534 454 lum
553 416 623 454 effe
643 415 847 461 facturum,
870 417 896 455 fi
917 416 952 454 se
972 417 1160 461 obliviscI,
1183 431 1266 468 quae
1286 417 1412 462 vellet,
1434 430 1552 469 quam
1572 416 1598 454 si
1619 415 1844 460 meminiffe,

450 482 646 520 docuiffet.
706 482 882 527 Videsne,
914 497 997 534 quae
1019 484 1073 520 vis
1103 484 1143 520 in
1167 482 1325 520 homine
1351 483 1526 520 acerrimi
1546 483 1705 534 ingenii,
1728 495 1846 534 quam

449 558 599 601 potens,
617 558 653 586 et
673 558 815 599 quanta
834 562 940 587 mens
969 547 1111 586 fuerit?
1143 549 1211 600 qui
1232 549 1283 585 ita
1303 548 1549 600 responderit,
1571 556 1614 585 ut
1635 547 1847 600 intelligere
1875 550 1878 551 ⁷

449 614 653 667 possemus,
685 613 783 651 nihil
815 627 860 651 ex
891 614 995 651 illius
1017 614 1159 658 animo,
1190 613 1295 664 quod
1314 613 1427 650 semel
1447 613 1535 650 esset
1555 612 1740 657 infusum,
1771 626 1844 652 un-

449 694 567 732 quam
587 679 740 717 effluere
760 680 918 731 potuiffe
936 695 944 716 :
968 692 1060 716 cum
1080 679 1238 730 quidem
1258 680 1292 716 ei
1312 678 1428 715 fuerit
1447 678 1653 730 optabilius
1674 678 1847 715 oblivisci

451 745 550 797 poffe
584 745 725 796 potius,
756 744 860 796 quod
891 743 1105 782 meminisse
1125 744 1258 788 nollet,
1282 757 1398 796 quam
1419 743 1523 795 quod
1543 742 1656 781 semel
1676 742 1844 786 audiffet,

451 809 657 854 vidissetve,
690 809 917 848 meminiffe.
970 809 1041 847 Sed
1061 823 1184 861 neque
1213 819 1367 862 propter
1386 808 1460 846 hoc
1482 807 1757 846 Themistoclis
1786 821 1846 845 re·-

450 875 644 927 sponsum,
677 876 871 912 memoriae
891 875 1003 912 nobis
1034 888 1146 927 opera
1165 875 1288 912 danda
1318 888 1394 912 non
1414 874 1489 918 est;
1522 888 1645 926 neque
1668 874 1734 912 illa
1762 887 1848 912 mea

449 941 579 977 cautio
613 949 650 977 et
682 940 866 977 timiditas
897 941 937 978 in
977 940 1093 978 causls
1136 949 1289 992 propter
1333 939 1571 992 praestantem
1603 939 1845 992 prudentiam

451 1006 567 1044 Craffi
599 1006 826 1059 negligenda
857 1006 923 1044 est.
975 1007 1147 1058 Uterque
1177 1007 1281 1044 enim
1310 1006 1469 1044 istorum
1500 1019 1577 1043 non
1597 1004 1697 1044 mihi
1717 1005 1846 1044 attulit

450 1071 632 1123 aliquam,
656 1071 715 1108 sed
736 1072 842 1108 suam
862 1071 1100 1124 significavit,
1122 1070 1362 1110 facultatem.

506 1138 666 1175 Etenim
699 1137 891 1189 permulta
910 1138 996 1175 sunt
1015 1138 1056 1175 in
1086 1137 1217 1181 caufis,
1250 1138 1289 1174 in
1310 1138 1417 1174 omni
1438 1146 1541 1188 parte
1560 1135 1741 1174 orationis
1768 1135 1845 1173 cir-

449 1203 748 1255 cumspicienda,
779 1217 826 1240 ne
860 1203 954 1256 quid
988 1202 1170 1248 offendas,
1202 1217 1249 1241 ne
1275 1216 1352 1255 quo
1385 1204 1518 1241 irruas.
1578 1204 1681 1255 Saepe
1709 1201 1849 1254 aliquis

449 1269 550 1307 testis
570 1279 634 1307 aut
667 1283 745 1306 non
766 1269 881 1314 laedit,
913 1278 977 1307 aut
1004 1269 1132 1307 minus
1157 1269 1274 1314 laedit,
1307 1269 1375 1307 nifi
1396 1268 1613 1307 lacessatur:
1645 1277 1726 1306 orat
1746 1280 1845 1312 reus,

449 1345 588 1388 urgent
618 1335 789 1372 advocati
820 1344 862 1373 ut
884 1334 1127 1379 invehamur,
1169 1345 1212 1373 ut
1243 1335 1342 1373 male
1376 1335 1563 1378 dicamus,
1607 1334 1772 1385 denique
1803 1342 1847 1372 ut

448 1401 725 1454 interrogemus
744 1417 753 1440 ε
800 1416 878 1440 non
915 1415 1086 1447 moveor,
1132 1416 1209 1441 non
1243 1403 1482 1455 obtempero,
1527 1415 1604 1440 non
1643 1399 1844 1445 satisfacio,

449 1481 573 1519 neque
606 1478 734 1506 tamen
765 1468 885 1506 ullam
919 1467 1088 1520 affequor
1107 1468 1274 1506 laudem.
1335 1469 1526 1507 Homines
1548 1468 1653 1505 enim
1673 1466 1845 1518 imperiti

446 1532 598 1570 facilius
623 1533 726 1584 quod
748 1532 859 1570 stulte
890 1533 1042 1578 dixeris,
1074 1532 1359 1585 reprehendere,
1392 1547 1508 1585 quam
1540 1532 1643 1584 quod
1663 1532 1847 1584 sapienter

446 1599 620 1642 tacueris,
652 1598 802 1635 laudare
831 1597 996 1650 poffunt.
1046 1599 1127 1636 Hic
1159 1608 1347 1650 quantum
1375 1599 1419 1636 fit
1446 1599 1553 1642 mali,
1585 1599 1609 1636 fi
1630 1598 1786 1642 iratum,
1818 1597 1844 1635 fi

447 1678 524 1702 non
546 1664 720 1708 stultum,
753 1663 777 1701 fi
800 1678 875 1701 non
897 1664 1020 1702 levem
1042 1664 1174 1702 testem
1195 1664 1355 1702 laeseris?
1387 1664 1504 1702 habet
1523 1665 1627 1702 enim
1648 1672 1684 1700 et
1705 1664 1845 1701 volun—

447 1740 567 1769 tatem
601 1730 764 1768 nocendi
797 1731 836 1767 in
863 1731 1069 1775 iracundia,
1111 1739 1149 1768 et
1180 1731 1261 1768 vim
1289 1732 1326 1768 in
1351 1731 1520 1783 ingenio,
1552 1740 1588 1767 et
1623 1730 1773 1783 pondus
1805 1730 1845 1768 in

446 1797 536 1834 vita.
596 1797 696 1840 Nec,
728 1796 753 1834 s1
787 1795 861 1833 hoc
893 1797 1040 1835 Crafl‘us
1063 1810 1139 1834 non
1166 1797 1396 1841 committit,
1427 1797 1513 1834 ideo
1541 1810 1617 1833 non
1646 1796 1776 1840 multi,
1807 1804 1846 1834 et

447 1861 540 1913 saepe
573 1862 827 1899 committunt
847 1877 855 1898 ε
888 1876 966 1913 quo
998 1862 1156 1914 quidem
1178 1861 1277 1900 mihi
1298 1862 1416 1900 videri
1438 1862 1586 1914 turpius
1616 1861 1715 1899 nihil
1736 1861 1843 1905 solet,

447 1940 562 1978 quam
585 1931 675 1965 eum
696 1941 741 1965 ex
758 1928 916 1965 oratoris
937 1928 1039 1966 dicto
1060 1929 1203 1980 aliquo,
1226 1938 1289 1966 aut
1306 1927 1493 1980 responso,
1516 1937 1579 1964 aut
1600 1937 1746 1979 rogatu,
1769 1927 1844 1964 ser-

448 2008 512 2031 mo
544 1994 607 2031 ille
638 1994 820 2046 sequitur,
853 1994 993 2033 Occidit
1012 1995 1092 2033 ille:
1122 1994 1411 2047 adefizriumne
1424 1994 1443 2032 ,ἒ
1472 1994 1572 2032 immo
1592 2007 1690 2036 vero,
1722 1993 1843 2038 aiunt,

432 2064 489 2111 st,
511 2071 544 2097 ct
565 2076 653 2104 cum,
684 2076 781 2114 quem
801 2060 967 2112 dffl’ndit.

502 2127 668 2163 LXXV.
693 2128 781 2163 Hoc
800 2126 947 2164 Craffus
970 2139 1045 2164 non
1063 2135 1170 2178 putat
1184 2125 1251 2163 nisi
1269 2125 1425 2177 perfidia
1440 2124 1607 2162 accidere
1622 2123 1746 2176 pofl‘e3
1772 2137 1843 2176 ego

446 2201 575 2229 autem
596 2192 787 2243 sazpifiime
811 2193 920 2229 video
940 2192 978 2229 in
1000 2192 1116 2229 causis
1135 2191 1280 2243 aliquid
1301 2191 1393 2228 mali
1420 2189 1540 2228 facere
1559 2189 1737 2228 homines
1764 2190 1842 2228 mi·

444 2259 549 2296 nime
570 2258 704 2296 malos.
751 2258 857 2309 Qid
875 2258 985 2302 illud,
1008 2257 1112 2310 quod
1136 2257 1243 2310 supra
1262 2258 1357 2302 dixi,
1389 2257 1504 2295 solere
1531 2271 1593 2296 me
1614 2257 1758 2301 cedere,
1789 2266 1841 2301 et,

445 2334 489 2362 ut
522 2324 671 2377 planius
703 2324 843 2368 dicam,
876 2323 1008 2376 fugere
1039 2336 1093 2368 ea,
1125 2338 1209 2375 quae
1239 2324 1346 2361 valde
1376 2323 1523 2362 causam
1544 2337 1671 2361 meam
1691 2336 1842 2376 preme-

445 2391 556 2428 rent?
589 2391 693 2427 Cum
715 2390 753 2427 id
775 2403 852 2427 non
881 2389 1030 2427 faciunt
1049 2389 1127 2434 alii,
1158 2389 1427 2441 versanturque
1452 2390 1491 2427 in
1511 2388 1680 2427 hostium
1701 2388 1841 2432 castris,

445 2470 488 2494 ac
509 2455 571 2494 sua
595 2455 763 2508 praesidia
780 2456 999 2500 dimittunt,
1031 2455 1322 2494 mediocriterne
1341 2455 1458 2496 ,caufis
1479 2464 1635 2499 nocent,
1667 2468 1760 2492 cum
1778 2462 1843 2492 aut

445 2522 739 2562 adversariorum
756 2523 975 2574 adjumenta
986 2522 1231 2567 confirmant,
1245 2531 1310 2561 aut
1322 2534 1376 2567 ea,
1394 2535 1478 2575 quae
1490 2522 1613 2562 sanare
1625 2530 1836 2574 nequeunt,
