2176 2912
424 245 473 297 36
723 243 826 283 DE
899 244 1513 286 INVENTIONE

420 339 569 378 efficere
603 342 809 393 oportebit.
856 342 976 381 Nunc
996 345 1195 396 quoniam,
1227 358 1319 396 quas
1351 358 1406 384 res
1441 345 1597 384 exordio
1627 344 1816 384 conficere

421 415 606 458 oporteat,
637 407 785 445 dietum
806 408 885 453 est,
917 409 1111 461 reliquum
1135 410 1200 455 est,
1232 419 1275 448 ut
1295 411 1524 457 ostendatur,
1547 412 1688 464 quibus
1708 425 1814 465 quae-

421 483 495 522 que
515 485 572 509 res
591 473 801 511 rationibus
822 473 962 511 confici
981 475 1106 526 poffit.

478 538 748 577 Benevolentia
767 549 931 590 quatuor
949 553 995 578 ex
1026 541 1119 579 locis
1141 551 1408 594 comparatur;
1440 543 1487 581 ab
1514 543 1648 588 nostra,
1681 542 1728 580 ab
1748 542 1827 580 ad-.

422 604 684 650 versariorum,
706 604 752 642 ab
766 605 947 656 judicum
968 606 1136 658 persona,
1158 608 1203 645 ab
1222 608 1299 660 ipsa
1319 609 1438 646 causa.
1471 609 1535 647 Ab
1556 609 1692 653 nostra,
1713 609 1740 646 fi
1770 609 1817 646 de

423 669 557 707 nostris
577 669 685 708 saetis
706 679 743 708 et
763 671 900 709 officiis
921 672 997 709 fine
1015 674 1224 725 arrogantia
1240 674 1412 712 dicemus
1431 689 1439 712 ε
1472 675 1498 712 fi
1515 675 1677 713 crimina
1696 674 1814 719 illata,

422 743 461 771 et
480 735 623 787 aliquas
645 736 773 773 minus
793 735 965 774 honestas
987 737 1216 790 suspiciones
1242 739 1395 790 injefias
1415 740 1609 778 diluemus
1627 755 1636 778 ε
1668 740 1709 785 fi,
1731 753 1817 792 quae

422 799 670 839 incommoda
699 802 918 846 acciderint,
961 812 1025 841 aut
1059 817 1143 855 quae
1176 804 1315 842 instent
1346 805 1603 850 difficultates,
1645 805 1815 858 profere-

422 879 510 904 mus
527 882 535 904 :
559 867 583 904 fi
601 880 725 919 prece,
741 876 778 904 et
794 867 1051 906 obsecratione
1070 868 1213 907 humili
1233 883 1274 908 ac
1296 870 1458 923 supplici
1478 881 1646 909 utemur.
1669 871 1815 923 Abrad-

422 932 670 970 versariorum
683 942 826 977 autem,
837 933 861 971 fi
875 946 938 972 eos
953 943 1019 972 aut
1030 935 1070 972 in
1083 935 1231 981 odium,
1246 937 1362 974 autin
1377 937 1574 982 invidiam,
1589 945 1653 974 aut
1665 937 1706 975 in
1720 950 1816 975 con·

421 999 678 1051 temptionem
700 999 947 1038 adducemus.
993 1001 1039 1038 In
1058 1002 1194 1040 odium
1224 1002 1473 1048 adducentur,
1504 1003 1529 1041 si
1556 1003 1650 1055 quid
1681 1016 1818 1040 eorum

422 1063 569 1116 spurce,
590 1064 762 1117 superbe,
784 1065 1002 1111 crudeliter,
1024 1067 1211 1105 malitiose
1229 1067 1374 1106 faetum
1390 1068 1616 1121 proferetur.
1649 1070 1694 1108 In
1714 1069 1817 1107 invi-

422 1131 540 1175 diam,
572 1131 597 1168 fi
629 1132 684 1170 vis
703 1145 852 1177 eorum,
884 1133 1069 1185 potentia,
1095 1134 1251 1180 divitiae,
1273 1136 1466 1188 cognatio,
1497 1136 1668 1188 pecuniae
1687 1134 1818 1189 profe-

422 1206 566 1242 rentur,
597 1205 710 1249 atque
728 1210 863 1235 eorum
884 1198 970 1236 usus
991 1212 1165 1252 arrogans
1192 1209 1228 1238 et
1248 1201 1522 1246 intolerabilis,
1555 1210 1598 1239 ut
1616 1200 1677 1239 his
1704 1201 1817 1239 rebus

422 1263 545 1315 magis
566 1263 777 1309 videantur,
800 1278 916 1316 quam
937 1265 1054 1304 causae
1074 1267 1159 1312 suae,
1181 1267 1385 1305 confidere.
1418 1268 1463 1304 In
1484 1268 1816 1320 contemptionem

422 1329 670 1373 adducentur,
715 1329 741 1367 fi
774 1343 907 1368 eorum
940 1330 1087 1376 inertia,
1119 1332 1366 1385 negligentia,
1397 1332 1559 1385 ignavia,
1590 1333 1817 1370 defidiosum

423 1394 605 1438 studium,
634 1404 671 1432 et
688 1395 926 1433 luxuriosum
946 1396 1071 1434 otium
1092 1397 1317 1449 proferetur.
1341 1397 1406 1436 Ab
1430 1398 1648 1436 auditorum
1662 1397 1818 1450 persona

422 1460 683 1498 benevolentia
702 1461 931 1512 captabitur,
965 1462 990 1499 s1
1012 1475 1068 1500 res
1089 1463 1135 1501 ab
1156 1462 1215 1501 his
1235 1463 1398 1509 fortiter,
1420 1464 1616 1516 sapienter,
1639 1463 1815 1502 mansue-

420 1534 459 1563 te
478 1525 587 1578 gestae
608 1525 858 1576 proferentur,
881 1536 924 1563 ut
946 1540 992 1564 ne
1013 1541 1087 1578 qua
1107 1527 1299 1566 afl'entatio
1319 1529 1438 1566 nimia
1458 1529 1712 1582 fignificetur;
1735 1538 1773 1567 et
1790 1529 1816 1566 fi

422 1591 469 1627 de
499 1589 573 1635 his,
606 1604 723 1642 quam
753 1590 908 1628 honesta
934 1592 1184 1638 existimatio,
1215 1603 1432 1646 quantaque
1454 1608 1586 1633 eorum
1604 1595 1758 1647 judicii,
1780 1604 1817 1633 et

422 1656 654 1693 auetoritatis
676 1657 885 1708 expe&atio
909 1658 966 1702 s1t,
996 1658 1224 1697 ostendetur.
1257 1660 1321 1698 Ab
1342 1661 1453 1698 rebus
1475 1661 1575 1713 ipfis,
1607 1661 1632 1698 fi
1667 1661 1816 1699 causam

420 1721 586 1759 nostram
617 1722 804 1760 laudando
834 1723 1079 1769 extollemus,
1120 1725 1413 1764 adversariorum
1440 1727 1589 1765 causam
1622 1741 1688 1779 per
1719 1740 1814 1765 con-

422 1788 678 1840 temptionem
697 1788 970 1841 deprimemus.

476 1856 659 1893 Attentos
685 1863 813 1893 autem
833 1854 1033 1901 faciemus,
1065 1857 1090 1894 fi
1118 1857 1463 1897 demonstrabimus
1484 1873 1539 1905 ea,
1569 1874 1652 1912 quae
1678 1860 1816 1898 dicturi

421 1920 577 1964 erimus,
600 1933 750 1973 magna,
772 1934 880 1966 nova,
902 1922 1143 1960 incredibilia
1161 1923 1257 1968 effe3
1288 1934 1352 1962 aut
1372 1925 1417 1962 ad
1438 1939 1586 1970 omnes,
1608 1935 1673 1963 aut
1692 1926 1738 1963 ad
1753 1938 1815 1963 eos

422 1985 490 2037 qui
511 1985 685 2031 audiunt,
700 1995 764 2024 aut
785 1987 829 2025 ad
851 1987 998 2039 aliquos
1019 1988 1179 2027 illustres
1195 1989 1387 2035 homines,
1403 2000 1467 2028 aut
1484 1991 1529 2029 ad
1546 1991 1635 2029 deos
1651 1993 1817 2029 immor-

421 2051 528 2095 tales,
557 2060 621 2089 aut
641 2051 686 2089 ad
706 2052 896 2091 summam
918 2054 1151 2105 reipublicae,
1180 2056 1394 2107 pertinere,
1425 2066 1463 2094 et
1483 2057 1507 2094 s1
1529 2056 1821 2108 pollicebimur,

424 2129 492 2154 nos
514 2117 618 2153 brevi
639 2117 803 2156 nostram
823 2118 972 2155 causam
994 2118 1326 2165 demonstraturos,
1359 2131 1472 2173 atque
1491 2134 1728 2173 exponemus
1748 2123 1816 2174 ju-

419 2183 670 2228 dicationem,
702 2192 766 2221 aut
791 2184 1058 2235 judicationeS,
1092 2185 1116 2223 s1
1138 2186 1264 2238 plures
1285 2196 1409 2225 erunt.
1449 2187 1605 2226 Dociles
1627 2188 1816 2226 auditores

423 2247 624 2293 faciemus,
656 2249 681 2286 s1
702 2258 826 2302 aperte
858 2259 895 2288 et
916 2250 1077 2288 breviter
1098 2250 1289 2290 summam
1318 2254 1434 2292 causae
1465 2267 1714 2306 exponemus,
1741 2253 1816 2292 hoc

423 2314 490 2359 est,
523 2315 561 2351 in
593 2328 671 2366 quo
701 2316 874 2353 consistat
904 2318 1167 2355 controverfia.
1200 2318 1305 2356 Nam
1326 2328 1377 2374 et,
1410 2333 1502 2358 cum
1524 2319 1692 2357 docilem
1723 2321 1816 2359 velis

424 2379 559 2425 facere,
576 2381 685 2418 simul
706 2391 894 2419 attentum
917 2381 1029 2420 facias
1045 2393 1209 2435 oportet.
1233 2385 1337 2423 Nam
1359 2386 1390 2423 is
1412 2387 1579 2424 maxime
1595 2386 1729 2424 docilis
1749 2386 1816 2432 est,

424 2446 490 2497 qui
512 2446 753 2484 attentiffime
773 2447 824 2484 cst
844 2457 992 2499 paratus
1013 2449 1154 2486 audire.

479 2512 610 2549 XVII.
644 2512 761 2551 Nunc
794 2513 1061 2552 infinuationcs
1083 2515 1411 2567 quemadmodum
1434 2517 1581 2554 traCtari
1601 2517 1816 2563 conveniat,

425 2577 601 2632 deinceps
622 2577 830 2617 dicendum
847 2579 1008 2620 videtur.
1031 2581 1287 2621 Infinuatione
1304 2583 1421 2636 igitur
1438 2583 1625 2623 utendum
1641 2583 1707 2630 est,
1724 2597 1818 2622 cum>
