2176 2912
423 205 499 258 380
762 204 895 243 DE
1007 201 1482 244 CLARIS

421 295 548 340 suum,
585 304 621 333 et
652 306 742 333 eum
772 294 966 348 legentem
986 308 1136 340 omnes,
1167 303 1301 347 praeter
1322 293 1540 337 Platonem,
1573 289 1824 344 reliquissent,

421 362 576 412 Legam,
607 360 750 412 inquit,
781 360 888 398 nihilo
917 360 1032 399 minus
1043 378 1055 405 3
1088 360 1197 398 Plato
1217 360 1306 398 enim
1325 358 1414 397 mihi
1439 373 1530 397 unus
1549 357 1661 411 instar
1682 356 1727 410 cst
1751 370 1825 396 om—

422 426 519 464 m'um
539 425 698 464 millium.
758 426 811 463 Et
842 427 952 463 recte.
1013 427 1157 464 Poema
1185 425 1291 462 enim
1324 424 1583 468 reconditum,
1614 435 1828 476 paucorum

422 490 695 544 approbatione
710 510 723 536 5
755 491 876 529 oratio
906 491 1101 543 popularis
1132 490 1177 527 ad
1199 490 1347 528 sensum
1381 490 1488 542 vulgi
1519 489 1633 526 debet
1664 486 1826 526 moveri.

421 559 492 602 At,
528 557 554 595 fi
574 557 742 594 eundem
762 555 867 595 hunc
889 556 1092 594 Platonem
1112 570 1235 593 unum
1256 556 1471 593 auditorem
1497 554 1653 592 haberet
1674 555 1828 591 Demo-

421 622 587 668 sthenes,
623 637 716 660 cum
746 622 835 660 effet
866 622 1019 660 relictus
1040 635 1061 658 a
1078 622 1237 666 caeteris,
1257 622 1422 659 verbum
1442 620 1565 659 facere
1594 633 1672 658 non
1692 619 1826 672 poffet.

424 689 563 741 Qid?
595 698 652 734 tu,
684 690 816 733 Brute,
846 688 980 740 poffes,
1013 687 1040 725 fi
1060 697 1111 732 te,
1146 696 1190 724 ut
1217 687 1429 725 Curionem
1450 685 1660 739 quondam,
1691 685 1831 724 concIO

423 754 655 807 reliquisset?
677 754 763 805 Ego
782 766 886 797 vero,
907 753 1037 805 inquit
1056 753 1137 797 ille,
1159 761 1202 790 ut
1218 766 1282 791 me
1295 753 1368 790 tibi
1381 752 1567 797 indicem,
1588 752 1629 790 in
1644 752 1698 789 eis
1712 751 1830 789 etiam

424 820 556 865 caufis,
584 820 625 857 in
647 819 789 871 quibus
816 819 944 857 omnis
976 832 1032 856 res
1064 818 1176 857 nobis
1197 832 1290 857 cum
1310 817 1508 871 judicibus
1528 818 1594 863 est,
1624 830 1703 855 non
1737 829 1831 855 cum

423 885 584 938 populo,
607 894 736 922 tamen
757 884 783 921 fi
803 897 824 921 a
839 897 980 922 corona
994 884 1147 921 relictus
1165 884 1247 929 fim,
1271 898 1348 921 non
1369 897 1509 936 queam
1528 883 1667 921 dicere.
1701 883 1760 920 Ita
1778 881 1830 926 se,

422 952 599 1004 inquam,
621 964 678 989 res
699 949 830 989 habet.
873 951 944 995 Ut,
965 950 992 989 fi
1011 949 1116 987 tibiae
1136 950 1274 988 inflatae
1294 963 1372 988 non
1402 949 1566 988 referant
1586 949 1738 993 sonum,
1759 947 1830 986 ab·

418 1017 605 1069 jiciendas
625 1030 685 1054 eas
706 1016 775 1054 fibi
795 1016 939 1054 tibicen
959 1024 1092 1068 putet;
1125 1016 1174 1054 fic
1205 1016 1345 1054 oratori
1364 1016 1501 1069 populi
1521 1028 1625 1053 aures
1646 1023 1832 1066 tanquam

425 1083 531 1121 tibiae
549 1083 660 1128 sunt3
692 1095 743 1120 eae
763 1081 790 1119 fi
810 1081 988 1120 inflatum
1009 1095 1088 1120 non
1108 1082 1314 1134 recipiunt,
1344 1091 1409 1119 aut
1429 1082 1456 1119 fi
1482 1081 1633 1119 auditor
1652 1079 1831 1124 omnino,

423 1157 609 1201 tanquam
630 1161 768 1200 equus,
790 1161 869 1187 non
888 1147 996 1193 facit,
1017 1148 1188 1200 agitandi
1208 1147 1295 1185 finis
1311 1146 1508 1185 faciendus
1529 1147 1595 1186 est.

485 1215 577 1254 LII.
610 1215 701 1252 Hoc
723 1223 851 1251 tamen
872 1214 1039 1258 interest,
1067 1213 1172 1265 quod
1192 1213 1331 1266 vulgus
1352 1213 1549 1251 interdum
1565 1225 1643 1251 non
1662 1211 1832 1265 proban-

426 1281 521 1319 dum
541 1290 730 1319 oratorem
751 1281 900 1333 probat,
927 1280 989 1318 sed
1009 1280 1146 1333 probat
1166 1280 1242 1318 fine
1263 1280 1562 1333 comparatione,
1592 1293 1685 1318 cum
1704 1292 1725 1316 a
1744 1291 1832 1317 me-

425 1346 559 1392 diocri,
577 1355 642 1385 aut
662 1346 779 1384 etiarn
793 1359 814 1383 a
828 1345 946 1391 malo,
968 1346 1200 1385 delectatur:
1222 1360 1267 1384 eo
1287 1346 1340 1384 est
1352 1355 1556 1384 contentus
1570 1364 1581 1390 3
1605 1344 1675 1383 esse
1690 1344 1834 1383 melius

425 1427 503 1451 non
524 1413 636 1451 sentit
653 1431 664 1458 3
688 1412 799 1457 illud,
820 1412 925 1464 quod
945 1413 1012 1458 est,
1029 1413 1297 1466 qualecunque
1317 1413 1382 1458 est,
1401 1413 1550 1465 probat.
1584 1413 1711 1450 Tenet
1726 1411 1834 1448 enim

426 1493 532 1517 aures
553 1479 611 1517 vel
633 1480 838 1517 mediocris
859 1488 997 1524 orator,
1033 1480 1077 1517 fit
1104 1480 1222 1518 modo
1239 1480 1385 1532 aliquid
1415 1480 1454 1517 in
1475 1493 1543 1517 eo:
1576 1492 1645 1516 nec
1667 1491 1722 1516 res
1755 1476 1834 1514 ulla

425 1546 513 1598 plus
544 1545 645 1597 apud
676 1544 824 1581 animos
856 1543 1082 1589 hominum,
1118 1559 1236 1596 quam
1269 1545 1362 1582 ordo
1392 1554 1430 1582 et
1457 1553 1613 1582 ornatus
1634 1542 1832 1587 orationis,

425 1611 538 1650 valet.
571 1611 700 1662 Qare
721 1609 807 1661 quis
829 1622 875 1647 ex
896 1610 1056 1662 populo,
1087 1623 1180 1648 cum
1206 1609 1490 1662 QScaevolam
1517 1623 1587 1662 pro
1611 1609 1673 1647 M.
1698 1609 1832 1660 Copo-

425 1677 491 1715 nio
511 1676 706 1714 dicentem
735 1674 884 1712 audiret
912 1675 953 1712 in
983 1688 1024 1712 ea
1057 1675 1178 1720 causa,
1210 1677 1255 1712 de
1286 1688 1361 1726 qua
1381 1683 1466 1712 ante
1488 1674 1583 1719 dixi,
1615 1674 1833 1726 quidquam

426 1742 600 1795 politius,
631 1750 697 1780 aut
728 1739 955 1793 elegantius,
986 1750 1050 1778 aut
1071 1742 1231 1779 omnino
1252 1741 1391 1779 melius
1412 1750 1476 1779 aut
1508 1742 1737 1793 expetitaret,
1768 1748 1834 1778 aut

425 1808 529 1861 posse
562 1807 645 1846 fieri
679 1807 860 1859 putaret?
892 1808 999 1845 Cum
1029 1808 1060 1845 is
1082 1806 1157 1845 hoc
1193 1807 1350 1860 probare
1378 1807 1507 1852 vellet,
1538 1807 1614 1845 Μ’.
1650 1805 1838 1851 Curium,

426 1888 520 1912 cum
540 1874 592 1911 ita
607 1871 715 1910 heres
737 1872 931 1911 institutus
948 1872 1050 1919 esset,
1070 1874 1094 1911 fi
1112 1874 1285 1926 pupillus
1302 1883 1388 1911 ante
1405 1882 1580 1911 mortuus
1598 1872 1699 1916 effet,
1715 1885 1834 1923 quam

425 1941 466 1978 in
498 1939 620 1978 suam*
639 1938 801 1977 tutelam
833 1939 1003 1984 venisset,
1035 1939 1185 1992 pupillo
1220 1954 1298 1977 non
1333 1949 1421 1977 nato
1452 1938 1633 1977 heredem
1664 1937 1735 1975 effe
1755 1950 1834 1975 non

426 2005 553 2060 poffe3
585 2006 681 2058 quid
711 2005 778 2042 ille
809 2019 886 2043 non
908 2005 1007 2043 dixit
1028 2006 1073 2043 de
1086 2006 1409 2044 'testamentorum
1434 2006 1551 2057 jure?
1588 2004 1634 2041 de
1665 2003 1834 2055 antiquis

426 2072 604 2111 formulis
624 2072 637 2108 ?
673 2071 784 2123 quid,
815 2071 1148 2122 quemadmodum
1170 2071 1283 2109 scribi
1302 2070 1538 2123 oportuisset,
1570 2069 1595 2106 fi
1615 2069 1730 2106 etiam
1751 2069 1834 2105 filio

426 2152 506 2177 non
526 2147 615 2176 nato
630 2136 738 2175 heres
759 2136 1046 2175 institueretur?
1079 2139 1210 2189 Qum
1230 2136 1443 2189 captiosum
1460 2135 1530 2173 effe
1546 2134 1705 2188 populo,
1728 2135 1834 2186 quod

428 2204 615 2256 scriptum
631 2202 733 2246 esset,
750 2202 910 2254 negligi,
927 2212 964 2240 et
984 2203 1165 2254 opinione
1187 2203 1304 2254 quaeri
1324 2202 1563 2246 voluntates,;
1587 2210 1624 2238 et
1645 2201 1833 2252 interpre-

427 2269 572 2307 tatione
606 2267 849 2311 disertorum,
894 2267 1031 2319 scripta
1064 2267 1301 2319 fimplicium
1340 2266 1549 2304 hominum
1589 2275 1799 2318 pervertere
1818 2266 1832 2303 ?

431 2337 562 2386 Qam
584 2334 650 2372 ille
684 2333 808 2371 multa
827 2333 873 2370 de
894 2333 1116 2371 auctoritate
1137 2334 1253 2386 patris
1275 2333 1344 2378 sui,
1376 2334 1443 2385 qui
1476 2333 1621 2386 semper
1635 2333 1700 2384 jus
1735 2332 1834 2370 illud

430 2401 501 2439 effe
521 2399 768 2438 defenderat?
801 2412 919 2451 quam
940 2399 1101 2437 omnino
1119 2399 1243 2437 multa
1260 2399 1305 2437 de
1326 2399 1679 2450 conservandojure
1695 2397 1802 2435 civili
1819 2398 1833 2434 Β

432 2468 531 2518 Qae
551 2465 709 2519 quidem
730 2465 861 2503 omnia
879 2479 971 2503 cum
993 2466 1125 2517 perite,
1156 2473 1192 2502 et
1212 2465 1384 2510 scienter,
1420 2474 1505 2502 tum
1532 2474 1570 2502 et
1590 2464 1765 2507 breviter,
1796 2472 1836 2501 et

432 2531 562 2586 preffe,
607 2540 645 2570 et
675 2530 760 2570 satis
794 2540 938 2578 ornate,
983 2540 1021 2570 et
1055 2531 1313 2586 pereleganter
1347 2531 1503 2577 diceret,
1548 2530 1635 2583 quis
1670 2528 1759 2567 effet
1792 2527 1834 2566 in
