2176 2912
520 231 1316 271 LIBERPRIMUS.
1604 235 1652 285 65

303 329 410 366 Cum
436 333 581 368 autem,
612 323 672 362 his
697 322 895 368 CODCCffiS‚
926 324 1150 376 complexio
1175 338 1222 361 ex
1246 323 1306 361 his
1329 337 1406 361 non
1434 324 1653 369 conficitur,

248 391 331 430 haec
357 400 469 428 erunt
500 389 794 433 confideranda;
828 403 925 426 num
957 389 1061 426 aliud
1093 389 1335 434 conficiatur,
1367 389 1471 426 aliud
1492 390 1653 434 dicatur,

247 457 322 495 hoc
340 456 483 501 modo;
517 456 568 501 Si,
591 469 681 494 cum
700 456 839 508 aliquis
861 455 962 493 dicat
980 455 1014 493 se
1035 455 1254 508 profedhlm
1272 455 1342 493 effe
1358 455 1404 492 ad
1425 457 1653 499 exercitum,

247 532 381 561 contra
411 536 503 560 eum
535 523 622 574 quis
648 522 742 559 velit
772 520 845 559 hac
877 522 1210 574 argumentatione
1243 522 1324 566 uti;
1376 522 1413 559 Si
1434 522 1590 559 venifl'es
1612 523 1656 558 ad

250 589 482 634 exercitum,
500 602 521 626 a
534 588 700 626 tribunis
714 588 949 626 militaribus
963 588 1063 626 visus
1080 588 1183 626 effes.
1227 589 1320 627 Non
1339 601 1376 625 es
1393 597 1523 626 autem
1537 588 1582 625 ab
1597 587 1656 625 his

250 655 366 693 visus.
410 655 505 693 Non
521 668 560 692 es
578 655 696 706 igitur
712 653 905 707 profestus
922 655 967 692 ad
985 656 1214 693 exercitum.
1260 655 1340 692 Hic
1354 668 1446 692 cum
1464 654 1656 692 conceffe-

249 721 301 758 ris
329 720 633 773 propofitIOnem
664 730 701 757 et
730 719 1044 772 assumptionem,
1076 721 1299 773 complexio
1329 720 1381 758 est
1412 719 1655 758 infirmanda.

250 786 375 824 Aliud
395 787 516 831 enim,
550 800 668 838 quam
689 786 913 838 cogebatur,
946 786 1100 824 illatum
1121 787 1185 825 est.

305 854 366 890 Ac
398 866 502 890 nunc
533 853 708 904 quidem,
734 865 820 903 quo
846 850 999 890 facilius
1028 866 1084 891 res
1117 853 1425 906 cognosceretur,
1458 854 1659 906 perspicuo

250 926 289 955 et
308 917 444 970 grandi
460 918 555 955 vitio
567 917 775 970 praeditum
788 917 988 970 posuimus
1004 919 1251 971 exemplum:
1275 919 1337 956 sed
1350 919 1444 971 saepe
1460 919 1658 957 obscurius

251 984 421 1036 pofitum
450 983 592 1021 vitium
623 997 693 1037 pro
719 997 808 1021 vero
835 984 1033 1035 probatur,
1065 998 1158 1022 cum
1185 994 1250 1022 aut
1276 998 1413 1037 parum
1435 985 1659 1023 memineris

254 1050 361 1102 quod
382 1049 620 1095 concefferis,
652 1059 718 1088 aut
743 1050 976 1103 ambiguum
1008 1051 1166 1102 aliquod
1196 1065 1266 1103 pro
1292 1061 1398 1089 certo
1424 1052 1661 1089 concefferis.

253 1116 503 1168 Ambiguum
524 1116 549 1154 fi
569 1116 793 1154 concefferis
812 1129 858 1154 ex
879 1130 921 1154 ea
936 1126 1042 1169 parte
1062 1131 1181 1169 quam
1202 1117 1280 1170 ipse
1297 1117 1547 1162 intellexeris,
1576 1131 1660 1155 eam

253 1190 403 1233 partem
423 1181 449 1218 fi
466 1181 694 1219 adversarius
716 1182 761 1219 ad
781 1182 896 1219 aliam
913 1196 980 1235 per
996 1183 1313 1235 complexionem
1326 1184 1419 1221 velit
1433 1197 1659 1221 accommo-

255 1247 357 1291 dare,
381 1247 638 1285 demonstrare
654 1248 863 1300 oportebit,
886 1263 963 1286 non
984 1263 1032 1287 ex
1049 1263 1094 1286 eo
1115 1250 1220 1301 quod
1239 1249 1318 1302 ipse
1339 1250 1577 1294 concefleris‚
1600 1250 1662 1288 sed

255 1326 302 1351 ex
323 1326 368 1350 eo
385 1313 490 1364 quod
511 1313 578 1350 ille
598 1313 815 1366 sumpserit,
847 1314 988 1351 confici
1009 1315 1341 1367 complexionem,
1373 1317 1419 1354 ad
1445 1315 1551 1354 hunc
1573 1330 1661 1354 mo-

255 1380 376 1424 dum,
410 1380 447 1417 Si
464 1380 638 1432 pecuniae
654 1380 851 1432 indigetis,
873 1381 1080 1433 pecuniam
1097 1395 1174 1419 non
1193 1381 1357 1420 habetis.
1402 1382 1439 1420 Si
1456 1383 1663 1434 pecuniam

255 1460 333 1484 non
350 1445 513 1491 habetis,
529 1460 712 1499 pauperes
725 1447 825 1485 estis.
875 1447 1063 1499 Indigetis
1076 1458 1206 1486 autem
1223 1449 1415 1500 pecuniae:
1439 1458 1664 1486 mercaturae

255 1513 376 1558 enim,
395 1513 463 1551 nifi
477 1513 530 1550 ita
545 1513 647 1558 efl'et,
663 1527 819 1566 operam
833 1527 910 1551 non
928 1513 1080 1552 daretis.
1105 1515 1293 1567 Pauperes
1311 1515 1430 1566 igitur
1448 1515 1547 1552 estis.
1572 1516 1664 1553 Hoc

257 1580 307 1618 fic
324 1579 641 1633 reprehenditur;
675 1582 781 1618 Cum
798 1580 965 1625 dicebaS,
989 1581 1026 1618 Si
1048 1581 1230 1633 indigetis
1248 1582 1435 1633 pecuniae,
1457 1582 1665 1634 pecuniam

258 1660 336 1685 non
356 1646 504 1684 habetis
518 1665 530 1690 3
562 1646 638 1685 hoc
658 1647 942 1699 intelligebam,
975 1647 1013 1684 Si
1039 1657 1196 1700 propter
1228 1648 1400 1700 inopiam
1432 1649 1471 1686 in
1504 1648 1666 1701 egestate

258 1713 357 1758 estis,
376 1714 582 1765 pecuniam
598 1727 676 1751 non
692 1713 861 1751 habetis:
885 1723 923 1750 et
940 1713 1086 1750 idcirco
1102 1713 1378 1752 concedebam.
1413 1716 1517 1752 Cum
1534 1724 1665 1752 autem

260 1778 336 1817 hoc
353 1779 542 1824 sumebas,
565 1780 752 1832 Indigetis
770 1789 899 1818 autem
917 1780 1113 1831 pecuniae;
1147 1780 1245 1817 illud
1259 1780 1512 1832 accipiebam,
1535 1781 1666 1818 Vultis

261 1854 391 1882 autem
408 1846 580 1897 pecuniae
594 1846 680 1897 plus
697 1845 850 1882 habere.
884 1846 945 1882 Ex
960 1846 1102 1896 quibus
1119 1846 1424 1884 conceffionibus
1443 1860 1520 1884 non
1540 1846 1666 1884 confi-

262 1913 362 1949 citur
378 1910 468 1955 hoc,
492 1913 680 1964 Pauperes
698 1912 816 1964 igitur
829 1912 928 1949 estis.
963 1911 1230 1949 Conficeretur
1247 1922 1391 1957 autem,
1410 1913 1435 1950 fi
1454 1913 1526 1950 tibi
1540 1913 1669 1965 primo

262 1992 419 2030 quoque
438 1977 513 2015 hoc
534 1977 806 2022 conccffiffmn,
840 1978 921 2029 Qi
944 1978 1150 2030 pecuniam
1171 1978 1358 2029 majorem
1376 1978 1493 2016 vellet
1513 1977 1667 2023 habere,

263 2058 354 2082 eum
374 2045 580 2096 pecuniam
603 2058 679 2082 non
701 2043 854 2082 habere.

318 2110 510 2148 XLVIII.
545 2113 648 2163 Saepe
684 2120 813 2148 autem
848 2110 1019 2148 oblitum
1054 2119 1192 2163 putant
1226 2111 1321 2162 quid
1355 2110 1593 2155 concesseris,
1634 2120 1671 2147 et

264 2177 408 2215 idcirco
429 2176 469 2213 id
489 2177 593 2228 quod
615 2190 692 2215 non
713 2176 933 2222 conficitur,
965 2177 1069 2229 quasi
1089 2177 1331 2221 conficiatur,
1364 2177 1403 2214 in
1425 2177 1671 2215 conclufione

269 2242 446 2287 infertur,
478 2241 553 2280 hoc
586 2243 728 2287 modo;
774 2243 811 2281 Si
832 2243 878 2281 ad
899 2243 1013 2281 illum
1035 2242 1224 2281 hereditas
1246 2242 1436 2287 veniebat,
1469 2243 1674 2280 verisnnile

265 2309 317 2347 est
337 2310 384 2347 ab
401 2309 470 2346 illo
489 2308 560 2346 effe
581 2319 777 2347 necatum.
829 2309 982 2347 Deinde
999 2308 1074 2347 hoc
1095 2310 1308 2362 approbant
1329 2309 1510 2362 plurimis
1532 2309 1671 2346 verbis.

269 2374 356 2412 Post
369 2375 577 2419 adsumunt,
596 2375 659 2413 Ad
676 2375 791 2413 illum
808 2385 938 2413 autem
952 2374 1150 2413 haereditas
1165 2375 1354 2412 veniebat.
1388 2375 1541 2414 Deinde
1555 2373 1675 2411 infer-

268 2449 345 2483 tur,
369 2440 439 2477 Ille
454 2441 574 2492 igitur
587 2441 745 2479 occidit.
790 2441 834 2478 Id
847 2454 893 2479 ex
908 2441 968 2485 iis,
991 2454 1076 2492 quae
1090 2440 1340 2493 sumpserant,
1363 2454 1440 2477 non
1455 2439 1673 2476 conficitur.

269 2512 399 2561 (Qare
413 2510 608 2548 observare
628 2511 834 2563 diligenter
847 2520 1013 2563 oportet,
1036 2520 1074 2548 et
1087 2511 1182 2563 quid
1196 2511 1380 2554 sumatur,
1396 2519 1433 2546 et
1447 2509 1542 2560 quid
1556 2522 1602 2545 ex
1616 2507 1675 2544 his

269 2575 509 2614 conficiatur.
548 2576 681 2629 Ipsum
701 2586 832 2615 autem
852 2590 972 2629 genus
994 2576 1338 2629 argumentationis
1353 2575 1534 2613 vitiosum
1551 2572 1611 2610 his
1634 2572 1680 2609 de

331 2643 367 2680 T
384 2655 406 2680 o
426 2654 476 2680 M.
512 2642 542 2680 I.
1156 2642 1174 2679 I
