2176 2912
632 156 1408 202 CICERONIS.
1702 165 1750 207 13

295 290 313 325 ζ
333 285 382 323 C.
515 277 680 316 Codices
700 275 776 313 duo
791 273 1010 312 membran.
1031 277 1086 321 40.
1121 271 1225 309 Coll.
1244 271 1361 322 Corp.
1382 267 1541 312 Christi,
1557 268 1664 313 alter,
1678 268 1749 308 Li·-

296 329 313 340 ἢ
458 341 546 379 bros
570 351 607 390 5.
639 337 686 375 de
716 336 880 375 Finibus
911 333 1132 378 continens,
1165 345 1304 384 parum
1335 339 1533 368 accuratus
1558 339 1596 368 et
1615 342 1754 382 parum

459 400 642 453 antiquus
662 416 672 442 ;
705 397 867 450 scriptus
890 395 970 433 scil.
994 407 1094 432 anno
1122 407 1238 447 1472.
1283 393 1328 430 ln
1351 392 1476 430 Cat-al.
1499 391 1610 430 Bodl.
1634 402 1754 445 1559.

299 551 347 589 C.
393 547 507 587 Alter
540 544 744 583 continens
778 542 918 580 Libros
953 554 973 594 5
1002 538 1168 578 Tuscul.
1216 537 1430 590 Qaestion.
1481 537 1652 591 Scriptus
1682 537 1758 576 fuit

465 607 597 645 eadem
621 605 661 643 ni
683 604 793 642 fallar
815 616 948 648 manu,
970 615 1045 654 qua
1064 601 1168 654 prior
1185 600 1251 638 ille
1272 601 1317 638 de
1334 599 1514 638 Finibus.
1564 600 1611 637 In
1633 599 1758 638 Catal.

465 668 580 707 Bodl.
601 667 717 719 1560.

304 813 418 856 1686.
439 814 479 852 in
502 812 590 850 Cat.
612 808 727 848 Bodl.
759 807 895 846 Codex
910 805 1033 846 chart.
1058 811 1112 857 40.
1135 804 1254 858 ejusd.
1281 804 1385 843 Coll.
1409 804 1612 842 continens
1632 802 1753 844 Rhet.

461 874 508 912 ad
525 873 697 911 Herenn.
721 869 882 921 scriptus
905 868 1062 921 peffima
1079 881 1198 906 manu
1212 880 1312 904 anno
1331 867 1448 918 1476.
1481 866 1575 904 Non
1592 867 1756 905 contuli0

304 1035 319 1057 ο
340 1022 432 1059 AEn.
499 1017 634 1055 Codex
657 1015 875 1054 membran.
908 1021 962 1064 4⁰.
997 1013 1167 1066 Collegii.
1187 1013 1302 1051 AEnei
1324 1011 1432 1056 Nafi,
1464 1012 1668 1050 continens
1692 1012 1764 1050 Li-

473 1080 559 1117 brob
581 1077 627 1115 de
650 1077 818 1120 Officiis,
849 1076 911 1113 De
932 1075 1134 1118 Amicitia,
1162 1084 1200 1112 et
1224 1075 1284 1112 De
1306 1075 1520 1112 Senec‘tute.
1586 1073 1770 1125 Eleganti

473 1153 590 1178 manu
612 1148 726 1190 atque
746 1147 920 1175 accurate
941 1137 1146 1179 scribitur;
1179 1149 1383 1179 annorum,
1406 1135 1558 1187 opinor,
1582 1134 1691 1187 supra
1711 1135 1767 1172 D.

476 1200 678 1239 Dividitur
699 1200 739 1237 in
756 1199 894 1250 capita,
926 1211 1097 1250 quorum
1118 1197 1316 1234 nonnullis
1338 1196 1628 1249 praemittuntur
1648 1195 1770 1239 tituli,

472 1262 593 1299 literis
616 1260 739 1298 rubris
760 1260 806 1297 ab
827 1259 958 1297 eadem
983 1273 1099 1297 manu
1121 1257 1263 1311 scripti.
1315 1257 1379 1295 Ad
1409 1271 1517 1295 oram
1538 1256 1699 1295 subinde
1727 1264 1767 1294 et

471 1323 571 1360 inter
599 1322 718 1359 lineas
748 1320 834 1358 sunt
854 1319 980 1372 gloffae
1002 1320 1177 1372 quaedam
1211 1319 1289 1372 ipso
1315 1319 1448 1356 codice
1469 1332 1546 1356 non
1566 1319 1619 1356 ita
1640 1317 1768 1355 multo

475 1384 719 1422 recentiores.
786 1382 938 1420 Desunt
958 1381 998 1419 in
1019 1381 1212 1433 principio
1234 1381 1311 1418 duo
1340 1379 1461 1424 folia;
1504 1380 1629 1432 prima
1659 1379 1773 1416 verba

482 1447 537 1497 (p.
563 1458 652 1496 179.
685 1443 712 1480 l.
738 1442 825 1493 22.)
861 1449 888 1465 “
911 1443 956 1479 de
989 1443 1276 1494 comparatione
1306 1454 1441 1479 eorum
1473 1438 1773 1479 differendum-⁰

478 1506 596 1544 Deest
627 1506 745 1542 etiam
777 1503 950 1556 primum
983 1503 1051 1540 fol.
1087 1503 1134 1540 de
1172 1503 1388 1547 Amicitia3
1422 1502 1561 1554 incipit
1597 1502 1659 1553 (p.
1679 1513 1774 1554 324.

477 1569 505 1605 l.
522 1568 607 1619 23.)
637 1573 664 1589 “
683 1566 887 1609 senestute‚
913 1565 959 1603 fic
981 1563 1055 1602 hoc
1076 1564 1216 1602 libr0.''
1249 1565 1387 1601 Unum
1410 1576 1566 1615 quoque
1586 1563 1631 1600 ad
1652 1562 1774 1600 finem

480 1628 581 1666 abest
602 1626 758 1670 folium,
791 1626 831 1662 in
862 1639 940 1676 quo
971 1626 1159 1678 postrema
1191 1625 1251 1663 De
1275 1625 1463 1662 Amicitia
1492 1634 1530 1661 et
1559 1624 1686 1676 prima
1713 1624 1778 1661 De

485 1690 687 1727 Senectute
708 1687 845 1739 scripta
867 1686 1032 1731 fuerant,
1064 1700 1231 1739 quorum
1255 1687 1337 1737 jam
1362 1686 1428 1723 iste
1449 1685 1584 1725 definit
1607 1687 1666 1737 (p.
1683 1697 1778 1737 354.

484 1751 512 1787 l.
535 1750 593 1802 3.)
650 1755 677 1771 “
701 1748 771 1785 Sed
803 1749 1029 1799 quoniam.”
1093 1748 1203 1785 Alter
1236 1748 1375 1799 incipit
1410 1747 1479 1799 (p.
1505 1760 1598 1797 294.
1630 1747 1657 1784 l.
1684 1746 1777 1795 10.)

487 1818 515 1835 “
537 1810 820 1848 humanitatem
843 1818 880 1846 et
900 1809 1185 1861 prudentiam.”
1221 1810 1281 1845 Ad
1305 1809 1422 1845 finem
1442 1808 1677 1845 Officiorum
1694 1807 1782 1845 sunt

486 1871 612 1909 versus
635 1883 684 1921 27
703 1888 713 1913 ς
747 1883 914 1922 quorum
936 1870 1055 1922 primi
1075 1872 1161 1908 octo
1182 1870 1221 1907 in
1245 1870 1474 1908 Ciceronem
1493 1869 1648 1921 ejusque
1669 1880 1784 1920 opera

489 1932 589 1978 sunt,
621 1931 761 1983 reliqui
795 1940 925 1968 autem
959 1932 1151 1969 sententia:
1187 1931 1361 1969 morales.
1428 1932 1474 1969 In
1508 1931 1634 1969 Catal.
1666 1928 1780 1968 Bodl.

495 1994 612 2047 1458.

328 2141 365 2162 w
387 2124 507 2162 Mert.
555 2123 689 2162 Codex
708 2123 813 2161 Coll.
829 2122 1100 2166 Mertonenfis‚
1125 2122 1341 2160 membran.
1372 2128 1446 2160 12⁰.
1471 2121 1510 2159 in
1528 2121 1651 2160 Catal.
1670 2120 1779 2158 Bodl.

497 2199 590 2238 507.
641 2185 851 2237 Excerptio
873 2184 925 2222 est
949 2185 1038 2222 libri
1061 2184 1107 2222 de
1128 2185 1331 2228 Amicitia,
1355 2184 1432 2235 ipsa
1453 2182 1651 2220 Ciceronis
1674 2182 1784 2219 verba

495 2247 696 2290 exbibens,
727 2246 870 2284 omiffis
902 2246 1090 2298 exemplis
1123 2245 1293 2298 aliisque,
1326 2259 1410 2297 quae
1432 2246 1562 2282 minus
1594 2245 1639 2282 ad
1673 2257 1787 2295 argu-

498 2308 621 2345 menti
660 2308 740 2345 vim
782 2307 969 2362 pertinere
1009 2307 1084 2347 visa
1118 2307 1217 2346 sunt.
1296 2308 1431 2345 Annos
1471 2305 1586 2344 habet
1637 2305 1788 2344 circiter

501 2369 701 2409 CCCCL.
