2176 2912
420 239 495 278 342
775 225 878 264 DE
993 226 1466 264 CLARIS

418 320 571 356 Tamen
593 326 678 355 ante
700 317 903 363 Periclem,
931 318 1044 369 >cujus
1067 317 1205 370 scripta
1234 318 1408 370 quaedam
1429 316 1619 361 feruntur,
1647 326 1684 355 et
1706 315 1822 356 Thu-

417 383 612 434 cydidem,
644 383 711 435 qui
733 396 809 421 non
838 383 1078 421 nascentibus
1099 382 1280 428 Athenis,
1312 383 1374 421 sed
1388 385 1471 435 jam
1492 383 1630 420 adultis
1651 383 1822 427 fuerunt,

416 449 525 487 litera
544 449 650 486 nulla
683 449 748 493 est,
781 463 865 501 quae
886 449 1046 501 quidem
1065 458 1245 487 ornatum
1266 449 1436 501 aliquem
1455 448 1606 493 habeat,
1638 458 1676 486 et
1696 459 1822 487 orato-

417 516 468 553 ris
488 515 558 553 effe
578 515 763 553 videatur.
803 517 1040 567 Qanquam
1061 516 1194 568 opinio
1214 515 1267 553 est
1287 525 1323 553 et
1344 529 1448 560 eum,
1471 516 1538 567 qui
1560 515 1694 553 multis
1715 516 1824 552 annis
1882 558 1886 559 ⁷

417 591 504 619 ante
524 580 594 619 hos
615 580 744 626 fuerit,
778 581 1027 625 Pifistratum‚
1061 590 1099 618 et
1120 582 1240 619 Paulo
1272 581 1457 619 seniorem
1489 581 1604 618 etiam
1626 582 1823 624 Solonem,

416 647 618 700 posteaque
646 646 886 685 Clisthenem
907 646 1096 690 multum,
1128 656 1170 683 ut.
1191 647 1429 699 temporibus
1457 646 1548 691 illis,
1580 646 1732 684 valuiffe
1761 647 1822 684 di-

416 714 553 752 cendo.
586 713 673 750 Post
693 712 793 750 hanc
811 721 962 750 aetatem
982 712 1131 763 aliquot
1152 713 1275 757 annis,
1293 721 1336 750 ut
1356 726 1401 750 ex
1423 713 1565 750 Atticis
1586 725 1823 750 monumen-

415 781 466 818 tis
488 779 609 832 potest
629 779 804 831 perspici,
836 777 1122 816 Themistocles
1153 777 1229 816 fuit
1246 797 1258 823 ;
1291 793 1409 831 quem
1441 778 1585 816 constat
1619 792 1711 816 cum
1730 792 1823 831 pru—

417 846 558 890 dentia,
582 855 668 883 tum
688 846 806 883 etiam
826 845 1059 897 eloquentia,
1077 845 1306 897 praestitiffe:
1327 846 1410 899 post
1426 845 1605 890 Pericles,
1627 845 1709 897 qui,
1731 859 1825 883 cum

414 912 565 950 floreret
586 912 695 949 omni
725 925 862 964 genere
885 911 1052 956 virtutis,
1074 910 1145 950 hac
1177 921 1305 950 tamen
1333 911 1411 949 fuit
1443 912 1553 949 laude
1583 911 1822 949 clariflimus.

416 979 606 1017 Cleonem
626 978 743 1016 etiam
765 977 1006 1030 temporibus
1028 977 1120 1022 illis,
1152 978 1424 1016 turbulentum
1446 978 1560 1016 illum
1582 978 1741 1030 quidem
1764 979 1822 1014 ci-

414 1059 518 1089 vem,
552 1044 610 1082 sed
632 1053 760 1082 tamen
781 1044 1044 1096 eloquentem,
1067 1044 1213 1082 constat
1231 1044 1355 1082 fuifi‘e.
1389 1045 1497 1083 Huic
1519 1045 1619 1082 aetati
1647 1044 1822 1096 suppares

414 1111 652 1155 Alcibiades,
685 1111 839 1155 Critias,
871 1109 1161 1149 Theramenes:
1194 1112 1336 1163 quibus
1374 1111 1614 1164 temporibus
1637 1111 1741 1162 quod
1762 1111 1822 1149 di-

415 1177 525 1214 cendi
547 1191 668 1229 genus
689 1177 868 1228 viguerit,
901 1190 946 1214 ex
968 1175 1214 1227 Thucydidis
1235 1176 1398 1229 scriptis,
1430 1177 1498 1228 qui
1529 1176 1607 1229 ipse
1628 1185 1712 1214 tum
1733 1175 1823 1221 fuit,

414 1243 583 1295 intelligi
604 1243 774 1281 maxime
794 1242 929 1295 potest.
974 1242 1149 1280 Grandes
1170 1252 1277 1280 erant
1296 1243 1436 1287 verbis,
1468 1243 1592 1280 crebri
1613 1242 1823 1286 sententiis,

416 1309 693 1361 compreffione
727 1322 855 1346 rerum
876 1308 1021 1353 breves,
1053 1318 1090 1347 et
1124 1309 1174 1347 ob
1205 1322 1289 1347 eam
1309 1309 1430 1363 ipsam
1457 1309 1608 1348 causam
1629 1309 1824 1347 interdum

415 1375 651 1413 subobscuri.

470 1443 585 1481 VIII.
619 1443 689 1480 Sed
710 1451 753 1480 ut
773 1442 1015 1480 intelleetum
1036 1442 1102 1486 est,
1138 1452 1323 1495 quantam
1344 1444 1423 1481 vim
1444 1442 1601 1481 haberet
1631 1452 1817 1486 accurata,

414 1519 451 1545 et
473 1507 568 1546 fasta
588 1508 877 1559 quodammodo
897 1509 1045 1552 oratio,
1079 1518 1163 1545 tum
1184 1510 1301 1547 etiam
1330 1509 1501 1561 magistri
1528 1508 1681 1546 dicendi
1705 1508 1822 1546 multi

415 1574 542 1612 subito
562 1575 799 1612 extiterunt:
824 1583 909 1610 tum
931 1574 1144 1611 Leontinus
1162 1575 1342 1626 Gorgias,
1363 1573 1675 1625 Thrasymachus
1699 1573 1822 1612 Chal-

415 1641 614 1685 cedonius,
651 1641 874 1691 Protagoras
905 1639 1124 1683 Abderites,
1157 1641 1341 1678 Prodicus
1365 1643 1482 1685 Ceus,
1516 1640 1683 1692 Hippias
1706 1641 1823 1679 Eleus

414 1707 455 1745 in
475 1707 621 1745 honore
642 1720 784 1759 magno
805 1705 904 1750 fuit3
937 1706 1079 1757 aliique
1100 1706 1216 1743 multi
1239 1708 1478 1759 temporibus
1511 1706 1652 1744 eisdem
1687 1707 1824 1745 docere

416 1774 451 1812 se
472 1774 764 1826 profitebantur,
797 1772 1061 1825 arrogantibus
1083 1772 1167 1809 sane
1186 1774 1326 1818 verbis,
1363 1773 1696 1826 quemadmodum
1717 1773 1824 1812 causa

414 1839 573 1878 inferior
604 1840 674 1891 (ita
694 1840 798 1881 enim
820 1839 1092 1891 loquebantur)
1121 1839 1285 1878 dicendo
1302 1839 1383 1877 fieri
1405 1839 1575 1892 superior
1595 1840 1727 1892 poffet.
1771 1841 1822 1879 Iis

415 1905 594 1958 opposuit
616 1905 688 1943 sese
710 1908 891 1949 Socrates,
909 1905 977 1957 qui
998 1904 1208 1943 subtilitate
1229 1906 1393 1958 quadam
1415 1905 1632 1958 disputandi
1654 1905 1824 1944 refellere

415 1985 549 2010 eorum
572 1972 744 2010 instituta
764 1971 905 2010 solebat
937 1971 1075 2009 verbis.
1128 1973 1258 2024 Hujus
1290 1986 1337 2010 ex
1357 1972 1562 2010 uberrimis
1583 1972 1822 2010 sermonibus

415 2039 627 2076 extiterunt
647 2038 851 2076 doctiffimi
872 2038 942 2076 viri
961 2056 972 2081 ;
1005 2038 1257 2091 primumque
1274 2046 1358 2076 tum
1379 2036 1637 2090 philosophia,
1656 2051 1733 2075 non
1755 2038 1822 2075 illa

416 2103 463 2140 de
485 2113 630 2148 natura,
661 2118 746 2155 quae
768 2103 889 2141 fuerat
907 2103 1115 2155 antiquior,
1147 2103 1208 2140 sed
1228 2102 1325 2147 haec,
1348 2103 1387 2140 in
1409 2116 1483 2154 qua
1502 2102 1548 2140 de
1569 2103 1679 2141 bonis
1708 2103 1821 2144 rebus

414 2178 453 2206 et
483 2169 609 2213 malis,
641 2169 764 2221 deque
795 2168 1004 2206 hominum
1035 2168 1112 2206 vita
1143 2177 1181 2206 et
1213 2169 1386 2206 moribus
1407 2167 1633 2222 disputatur,
1668 2169 1822 2208 inventa

414 2233 571 2273 dicitur.
619 2234 737 2285 Qod
758 2234 944 2286 quoniam
978 2247 1098 2287 genus
1119 2234 1165 2271 ab
1187 2232 1276 2278 hoc,
1310 2234 1414 2286 quod
1435 2234 1719 2287 proposuimUS,
1751 2236 1820 2274 ab·

411 2297 558 2343 horret,
591 2297 847 2351 Philosophos
869 2299 972 2337 aliud
993 2299 1032 2337 in
1065 2308 1217 2352 tempus
1249 2299 1494 2352 rejiciamus5
1525 2300 1571 2339 ad
1590 2308 1770 2347 oratores,
1801 2315 1822 2340 a

414 2364 558 2418 quibus
575 2364 723 2418 digressi
745 2365 889 2409 sumuS,
912 2373 1157 2403 revertamur.

471 2431 617 2470 Extitit
636 2431 847 2485 igiturjam
869 2430 1019 2470 senibus
1040 2431 1131 2475 illis,
1155 2444 1250 2484 quos
1269 2432 1383 2484 paulo
1403 2440 1489 2470 ante
1508 2432 1694 2477 diximus,
1720 2431 1818 2484 (Iso-

415 2505 550 2542 crateS,
587 2497 694 2550 cujus
715 2497 852 2535 domus
873 2499 1021 2536 cunaae
1041 2498 1200 2538 Graeciae
1229 2498 1333 2549 quasi
1365 2498 1479 2537 ludus
1500 2498 1658 2552 quidam
1677 2498 1817 2552 patuit,

415 2571 531 2617 atque
559 2563 714 2604 officina
734 2564 921 2618 dicendi,)
954 2576 1118 2619 magnus
1150 2574 1290 2611 orator,
1331 2573 1370 2604 et
1401 2563 1592 2620 perfefims
1625 2563 1820 2619 magister⁸
