<?xml version="1.0" encoding="UTF-8"?>
<!DOCTYPE html PUBLIC "-//W3C//DTD XHTML 1.0 Transitional//EN"
    "http://www.w3.org/TR/xhtml1/DTD/xhtml1-transitional.dtd">
<html xmlns="http://www.w3.org/1999/xhtml" xml:lang="en" lang="en">
 <head>
  <title>
</title>
<meta http-equiv="Content-Type" content="text/html;charset=utf-8" />
  <meta name='ocr-system' content='tesseract 3.04.00' />
  <meta name='ocr-capabilities' content='ocr_page ocr_carea ocr_par ocr_line ocrx_word'/>
</head>
<body>
  <div class='ocr_page' id='page_1' title='image "./operacumindicibu01ciceuoft_0087.png"; bbox 0 0 2176 2912; ppageno 0'>
   <div class='ocr_carea' id='block_1_1' title="bbox 495 168 1695 226">
    <p class='ocr_par' dir='ltr' id='par_1_1' title="bbox 495 168 1695 226">
     <span class='ocr_line' id='line_1_1' title="bbox 495 168 1695 226; baseline -0.003 -14"><span class='ocrx_word' id='word_1_1' title='bbox 495 169 817 212; x_wconf 77' lang='lat' dir='ltr'>LIBER</span> <span class='ocrx_word' id='word_1_2' title='bbox 893 168 1471 209; x_wconf 80' lang='lat' dir='ltr'>SECUNDUS.</span> <span class='ocrx_word' id='word_1_3' title='bbox 1640 185 1695 226; x_wconf 85' lang='lat'>77</span> 
     </span>
    </p>
   </div>
   <div class='ocr_carea' id='block_1_2' title="bbox 278 260 1697 2499">
    <p class='ocr_par' dir='ltr' id='par_1_2' title="bbox 278 260 1697 1235">
     <span class='ocr_line' id='line_1_2' title="bbox 283 260 1695 317; baseline -0.003 -10"><span class='ocrx_word' id='word_1_4' title='bbox 283 267 453 310; x_wconf 81' lang='lat' dir='ltr'>fuerunt,</span> <span class='ocrx_word' id='word_1_5' title='bbox 484 272 630 317; x_wconf 86' lang='lat' dir='ltr'>quanto</span> <span class='ocrx_word' id='word_1_6' title='bbox 659 262 784 301; x_wconf 89' lang='lat' dir='ltr'>studio</span> <span class='ocrx_word' id='word_1_7' title='bbox 816 261 934 300; x_wconf 54' lang='lat' dir='ltr'>electa</span> <span class='ocrx_word' id='word_1_8' title='bbox 960 261 1060 307; x_wconf 88' lang='lat' dir='ltr'>sunt,</span> <span class='ocrx_word' id='word_1_9' title='bbox 1099 260 1270 315; x_wconf 59' lang='lat' dir='ltr'>proffflo</span> <span class='ocrx_word' id='word_1_10' title='bbox 1302 275 1426 315; x_wconf 88' lang='lat' dir='ltr'>neque</span> <span class='ocrx_word' id='word_1_11' title='bbox 1457 275 1539 307; x_wconf 76' lang='lat'>1108,</span> <span class='ocrx_word' id='word_1_12' title='bbox 1571 277 1695 317; x_wconf 89' lang='lat' dir='ltr'>neque</span> 
     </span>
     <span class='ocr_line' id='line_1_3' title="bbox 283 329 1692 382; baseline -0.001 -11"><span class='ocrx_word' id='word_1_13' title='bbox 283 334 377 371; x_wconf 83' lang='lat' dir='ltr'>alios</span> <span class='ocrx_word' id='word_1_14' title='bbox 397 330 588 370; x_wconf 86' lang='lat' dir='ltr'>industriae</span> <span class='ocrx_word' id='word_1_15' title='bbox 608 329 739 368; x_wconf 87' lang='lat' dir='ltr'>nostrae</span> <span class='ocrx_word' id='word_1_16' title='bbox 758 329 977 382; x_wconf 88' lang='lat' dir='ltr'>poenitebit.</span> <span class='ocrx_word' id='word_1_17' title='bbox 1010 330 1075 368; x_wconf 87' lang='lat' dir='ltr'>Sin</span> <span class='ocrx_word' id='word_1_18' title='bbox 1095 338 1225 368; x_wconf 90' lang='lat' dir='ltr'>autem</span> <span class='ocrx_word' id='word_1_19' title='bbox 1243 338 1385 367; x_wconf 87' lang='lat' dir='ltr'>temere</span> <span class='ocrx_word' id='word_1_20' title='bbox 1404 329 1553 382; x_wconf 87' lang='lat' dir='ltr'>aliquid</span> <span class='ocrx_word' id='word_1_21' title='bbox 1570 331 1692 369; x_wconf 83' lang='lat' dir='ltr'>alicu-</span> 
     </span>
     <span class='ocr_line' id='line_1_4' title="bbox 278 395 1693 452; baseline -0.001 -15"><span class='ocrx_word' id='word_1_22' title='bbox 278 401 342 452; x_wconf 88' lang='lat' dir='ltr'>jus</span> <span class='ocrx_word' id='word_1_23' title='bbox 362 396 589 451; x_wconf 84' lang='lat' dir='ltr'>praeteriiffe‚</span> <span class='ocrx_word' id='word_1_24' title='bbox 627 405 692 434; x_wconf 89' lang='lat' dir='ltr'>aut</span> <span class='ocrx_word' id='word_1_25' title='bbox 711 409 788 434; x_wconf 90' lang='lat' dir='ltr'>non</span> <span class='ocrx_word' id='word_1_26' title='bbox 808 395 893 434; x_wconf 85' lang='lat' dir='ltr'>satis</span> <span class='ocrx_word' id='word_1_27' title='bbox 913 395 1104 448; x_wconf 84' lang='lat' dir='ltr'>eleganter</span> <span class='ocrx_word' id='word_1_28' title='bbox 1123 395 1240 433; x_wconf 89' lang='lat' dir='ltr'>secuti</span> <span class='ocrx_word' id='word_1_29' title='bbox 1261 395 1492 440; x_wconf 89' lang='lat' dir='ltr'>videbimur,</span> <span class='ocrx_word' id='word_1_30' title='bbox 1523 396 1625 434; x_wconf 62' lang='lat' dir='ltr'>doeti</span> <span class='ocrx_word' id='word_1_31' title='bbox 1646 397 1693 435; x_wconf 86' lang='lat' dir='ltr'>ab</span> 
     </span>
     <span class='ocr_line' id='line_1_5' title="bbox 283 462 1697 517; baseline -0.001 -14"><span class='ocrx_word' id='word_1_32' title='bbox 283 464 414 517; x_wconf 83' lang='lat' dir='ltr'>aliquo</span> <span class='ocrx_word' id='word_1_33' title='bbox 433 462 546 502; x_wconf 89' lang='lat' dir='ltr'>facile</span> <span class='ocrx_word' id='word_1_34' title='bbox 569 471 608 500; x_wconf 90' lang='lat' dir='ltr'>et</span> <span class='ocrx_word' id='word_1_35' title='bbox 633 462 797 500; x_wconf 83' lang='lat' dir='ltr'>libenter</span> <span class='ocrx_word' id='word_1_36' title='bbox 818 462 1044 500; x_wconf 86' lang='lat' dir='ltr'>sententiam</span> <span class='ocrx_word' id='word_1_37' title='bbox 1061 462 1413 500; x_wconf 81' lang='lat' dir='ltr'>commutabimus.</span> <span class='ocrx_word' id='word_1_38' title='bbox 1474 462 1568 500; x_wconf 91' lang='lat' dir='ltr'>Non</span> <span class='ocrx_word' id='word_1_39' title='bbox 1588 464 1697 501; x_wconf 80' lang='lat' dir='ltr'>enim</span> 
     </span>
     <span class='ocr_line' id='line_1_6' title="bbox 284 527 1693 583; baseline -0.002 -15"><span class='ocrx_word' id='word_1_40' title='bbox 284 543 419 583; x_wconf 83' lang='lat' dir='ltr'>parum</span> <span class='ocrx_word' id='word_1_41' title='bbox 439 528 628 582; x_wconf 76' lang='lat' dir='ltr'>cognosse,</span> <span class='ocrx_word' id='word_1_42' title='bbox 660 528 722 566; x_wconf 91' lang='lat' dir='ltr'>sed</span> <span class='ocrx_word' id='word_1_43' title='bbox 756 528 796 566; x_wconf 89' lang='lat' dir='ltr'>in</span> <span class='ocrx_word' id='word_1_44' title='bbox 816 542 952 581; x_wconf 83' lang='lat' dir='ltr'>pamm</span> <span class='ocrx_word' id='word_1_45' title='bbox 974 529 1132 581; x_wconf 87' lang='lat' dir='ltr'>cognito</span> <span class='ocrx_word' id='word_1_46' title='bbox 1152 528 1264 566; x_wconf 89' lang='lat' dir='ltr'>stulte</span> <span class='ocrx_word' id='word_1_47' title='bbox 1284 538 1321 565; x_wconf 91' lang='lat' dir='ltr'>et</span> <span class='ocrx_word' id='word_1_48' title='bbox 1353 527 1420 565; x_wconf 87' lang='lat' dir='ltr'>diu</span> <span class='ocrx_word' id='word_1_49' title='bbox 1440 527 1693 580; x_wconf 73' lang='lat' dir='ltr'>perseverasse,</span> 
     </span>
     <span class='ocr_line' id='line_1_7' title="bbox 283 593 1694 650; baseline -0.003 -15"><span class='ocrx_word' id='word_1_50' title='bbox 283 606 394 650; x_wconf 87' lang='lat' dir='ltr'>turpe</span> <span class='ocrx_word' id='word_1_51' title='bbox 412 595 493 640; x_wconf 82' lang='lat' dir='ltr'>est3</span> <span class='ocrx_word' id='word_1_52' title='bbox 525 604 721 648; x_wconf 89' lang='lat' dir='ltr'>propterea</span> <span class='ocrx_word' id='word_1_53' title='bbox 739 595 843 647; x_wconf 89' lang='lat' dir='ltr'>quod</span> <span class='ocrx_word' id='word_1_54' title='bbox 870 595 1032 633; x_wconf 86' lang='lat' dir='ltr'>alterum</span> <span class='ocrx_word' id='word_1_55' title='bbox 1052 595 1257 633; x_wconf 89' lang='lat' dir='ltr'>communi</span> <span class='ocrx_word' id='word_1_56' title='bbox 1282 593 1493 632; x_wconf 86' lang='lat' dir='ltr'>hominum</span> <span class='ocrx_word' id='word_1_57' title='bbox 1525 594 1694 632; x_wconf 83' lang='lat' dir='ltr'>infirmi·</span> 
     </span>
     <span class='ocr_line' id='line_1_8' title="bbox 284 660 1694 714; baseline -0.002 -13"><span class='ocrx_word' id='word_1_58' title='bbox 284 663 367 706; x_wconf 84' lang='lat' dir='ltr'>tati,</span> <span class='ocrx_word' id='word_1_59' title='bbox 385 662 549 700; x_wconf 85' lang='lat' dir='ltr'>alterum</span> <span class='ocrx_word' id='word_1_60' title='bbox 568 661 748 714; x_wconf 79' lang='lat' dir='ltr'>singulari</span> <span class='ocrx_word' id='word_1_61' title='bbox 767 661 1064 714; x_wconf 84' lang='lat' dir='ltr'>uniuscujusque</span> <span class='ocrx_word' id='word_1_62' title='bbox 1083 661 1192 706; x_wconf 90' lang='lat' dir='ltr'>vitio,</span> <span class='ocrx_word' id='word_1_63' title='bbox 1215 661 1267 699; x_wconf 88' lang='lat' dir='ltr'>est</span> <span class='ocrx_word' id='word_1_64' title='bbox 1286 660 1531 699; x_wconf 87' lang='lat' dir='ltr'>attributum.</span> <span class='ocrx_word' id='word_1_65' title='bbox 1565 661 1694 713; x_wconf 84' lang='lat' dir='ltr'>Qare</span> 
     </span>
     <span class='ocr_line' id='line_1_9' title="bbox 283 726 1695 781; baseline -0.001 -15"><span class='ocrx_word' id='word_1_66' title='bbox 283 741 354 767; x_wconf 86' lang='lat' dir='ltr'>nos</span> <span class='ocrx_word' id='word_1_67' title='bbox 375 727 534 781; x_wconf 87' lang='lat' dir='ltr'>quidem</span> <span class='ocrx_word' id='word_1_68' title='bbox 565 727 642 766; x_wconf 88' lang='lat' dir='ltr'>fine</span> <span class='ocrx_word' id='word_1_69' title='bbox 674 726 753 765; x_wconf 89' lang='lat' dir='ltr'>ulla</span> <span class='ocrx_word' id='word_1_70' title='bbox 785 727 1052 772; x_wconf 85' lang='lat' dir='ltr'>affirmatione,</span> <span class='ocrx_word' id='word_1_71' title='bbox 1085 727 1200 765; x_wconf 88' lang='lat' dir='ltr'>fimul</span> <span class='ocrx_word' id='word_1_72' title='bbox 1220 736 1444 779; x_wconf 82' lang='lat' dir='ltr'>quaerenteS,</span> <span class='ocrx_word' id='word_1_73' title='bbox 1475 726 1695 764; x_wconf 85' lang='lat' dir='ltr'>dubitanter</span> 
     </span>
     <span class='ocr_line' id='line_1_10' title="bbox 285 791 1693 845; baseline -0.002 -13"><span class='ocrx_word' id='word_1_74' title='bbox 285 793 593 845; x_wconf 87' lang='lat' dir='ltr'>unumquodque</span> <span class='ocrx_word' id='word_1_75' title='bbox 627 793 816 837; x_wconf 66' lang='lat' dir='ltr'>dicemus,</span> <span class='ocrx_word' id='word_1_76' title='bbox 846 805 906 837; x_wconf 90' lang='lat' dir='ltr'>ne,</span> <span class='ocrx_word' id='word_1_77' title='bbox 938 793 1035 831; x_wconf 90' lang='lat' dir='ltr'>dum</span> <span class='ocrx_word' id='word_1_78' title='bbox 1068 792 1274 845; x_wconf 86' lang='lat' dir='ltr'>parvulum</span> <span class='ocrx_word' id='word_1_79' title='bbox 1299 791 1375 830; x_wconf 88' lang='lat' dir='ltr'>hoc</span> <span class='ocrx_word' id='word_1_80' title='bbox 1407 791 1693 844; x_wconf 87' lang='lat' dir='ltr'>consequimur,</span> 
     </span>
     <span class='ocr_line' id='line_1_11' title="bbox 285 856 1694 911; baseline -0.001 -14"><span class='ocrx_word' id='word_1_81' title='bbox 285 869 330 897; x_wconf 87' lang='lat' dir='ltr'>ut</span> <span class='ocrx_word' id='word_1_82' title='bbox 349 859 434 897; x_wconf 90' lang='lat' dir='ltr'>satis</span> <span class='ocrx_word' id='word_1_83' title='bbox 468 858 674 897; x_wconf 88' lang='lat' dir='ltr'>commode</span> <span class='ocrx_word' id='word_1_84' title='bbox 703 856 786 896; x_wconf 83' lang='lat' dir='ltr'>haec</span> <span class='ocrx_word' id='word_1_85' title='bbox 806 858 1049 911; x_wconf 70' lang='lat' dir='ltr'>perscripsisse</span> <span class='ocrx_word' id='word_1_86' title='bbox 1079 858 1302 903; x_wconf 84' lang='lat' dir='ltr'>videamur;</span> <span class='ocrx_word' id='word_1_87' title='bbox 1334 858 1433 896; x_wconf 84' lang='lat' dir='ltr'>illud</span> <span class='ocrx_word' id='word_1_88' title='bbox 1453 858 1694 903; x_wconf 79' lang='lat' dir='ltr'>amittamus,</span> 
     </span>
     <span class='ocr_line' id='line_1_12' title="bbox 282 924 1692 981; baseline -0.001 -17"><span class='ocrx_word' id='word_1_89' title='bbox 282 925 391 978; x_wconf 90' lang='lat' dir='ltr'>quod</span> <span class='ocrx_word' id='word_1_90' title='bbox 410 926 631 963; x_wconf 84' lang='lat' dir='ltr'>maximum</span> <span class='ocrx_word' id='word_1_91' title='bbox 650 924 716 970; x_wconf 90' lang='lat' dir='ltr'>est,</span> <span class='ocrx_word' id='word_1_92' title='bbox 748 936 794 964; x_wconf 91' lang='lat' dir='ltr'>ut</span> <span class='ocrx_word' id='word_1_93' title='bbox 811 939 859 981; x_wconf 79' lang='lat' dir='ltr'>ne</span> <span class='ocrx_word' id='word_1_94' title='bbox 879 926 942 964; x_wconf 90' lang='lat' dir='ltr'>cui</span> <span class='ocrx_word' id='word_1_95' title='bbox 962 926 1015 964; x_wconf 89' lang='lat' dir='ltr'>rei</span> <span class='ocrx_word' id='word_1_96' title='bbox 1039 935 1182 963; x_wconf 89' lang='lat' dir='ltr'>temere</span> <span class='ocrx_word' id='word_1_97' title='bbox 1207 935 1322 978; x_wconf 86' lang='lat' dir='ltr'>atque</span> <span class='ocrx_word' id='word_1_98' title='bbox 1341 936 1556 977; x_wconf 84' lang='lat' dir='ltr'>arroganter</span> <span class='ocrx_word' id='word_1_99' title='bbox 1573 925 1692 963; x_wconf 82' lang='lat' dir='ltr'>affen-</span> 
     </span>
     <span class='ocr_line' id='line_1_13' title="bbox 285 990 1696 1044; baseline -0.001 -14"><span class='ocrx_word' id='word_1_100' title='bbox 285 991 458 1030; x_wconf 79' lang='lat' dir='ltr'>serimus.</span> <span class='ocrx_word' id='word_1_101' title='bbox 503 992 651 1030; x_wconf 83' lang='lat' dir='ltr'>Verum</span> <span class='ocrx_word' id='word_1_102' title='bbox 671 990 746 1030; x_wconf 88' lang='lat' dir='ltr'>hoc</span> <span class='ocrx_word' id='word_1_103' title='bbox 767 991 927 1044; x_wconf 88' lang='lat' dir='ltr'>quidem</span> <span class='ocrx_word' id='word_1_104' title='bbox 946 1005 1031 1037; x_wconf 83' lang='lat' dir='ltr'>nos,</span> <span class='ocrx_word' id='word_1_105' title='bbox 1063 1002 1100 1030; x_wconf 88' lang='lat' dir='ltr'>et</span> <span class='ocrx_word' id='word_1_106' title='bbox 1121 992 1160 1029; x_wconf 92' lang='lat' dir='ltr'>in</span> <span class='ocrx_word' id='word_1_107' title='bbox 1178 991 1252 1030; x_wconf 89' lang='lat' dir='ltr'>hoc</span> <span class='ocrx_word' id='word_1_108' title='bbox 1274 1002 1445 1044; x_wconf 89' lang='lat' dir='ltr'>tempore</span> <span class='ocrx_word' id='word_1_109' title='bbox 1464 1002 1502 1029; x_wconf 89' lang='lat' dir='ltr'>et</span> <span class='ocrx_word' id='word_1_110' title='bbox 1522 993 1562 1028; x_wconf 92' lang='lat' dir='ltr'>in</span> <span class='ocrx_word' id='word_1_111' title='bbox 1585 991 1696 1029; x_wconf 89' lang='lat' dir='ltr'>omni</span> 
     </span>
     <span class='ocr_line' id='line_1_14' title="bbox 284 1057 1693 1111; baseline -0.001 -15"><span class='ocrx_word' id='word_1_112' title='bbox 284 1059 364 1097; x_wconf 82' lang='lat' dir='ltr'>vita</span> <span class='ocrx_word' id='word_1_113' title='bbox 383 1058 558 1103; x_wconf 87' lang='lat' dir='ltr'>studiose,</span> <span class='ocrx_word' id='word_1_114' title='bbox 583 1058 708 1111; x_wconf 90' lang='lat' dir='ltr'>quoad</span> <span class='ocrx_word' id='word_1_115' title='bbox 728 1057 888 1096; x_wconf 79' lang='lat' dir='ltr'>facultas</span> <span class='ocrx_word' id='word_1_116' title='bbox 908 1058 1018 1104; x_wconf 89' lang='lat' dir='ltr'>feret,</span> <span class='ocrx_word' id='word_1_117' title='bbox 1049 1059 1340 1111; x_wconf 89' lang='lat' dir='ltr'>consequemur.</span> <span class='ocrx_word' id='word_1_118' title='bbox 1401 1058 1521 1097; x_wconf 89' lang='lat' dir='ltr'>Nunc</span> <span class='ocrx_word' id='word_1_119' title='bbox 1549 1068 1693 1103; x_wconf 87' lang='lat' dir='ltr'>autem,</span> 
     </span>
     <span class='ocr_line' id='line_1_15' title="bbox 287 1125 1696 1179; baseline -0.001 -16"><span class='ocrx_word' id='word_1_120' title='bbox 287 1139 335 1163; x_wconf 89' lang='lat' dir='ltr'>ne</span> <span class='ocrx_word' id='word_1_121' title='bbox 354 1126 506 1178; x_wconf 83' lang='lat' dir='ltr'>longius</span> <span class='ocrx_word' id='word_1_122' title='bbox 526 1127 646 1164; x_wconf 89' lang='lat' dir='ltr'>oratio</span> <span class='ocrx_word' id='word_1_123' title='bbox 666 1126 852 1178; x_wconf 82' lang='lat' dir='ltr'>progreffa</span> <span class='ocrx_word' id='word_1_124' title='bbox 871 1126 1055 1172; x_wconf 86' lang='lat' dir='ltr'>videatur,</span> <span class='ocrx_word' id='word_1_125' title='bbox 1078 1126 1124 1164; x_wconf 88' lang='lat' dir='ltr'>de</span> <span class='ocrx_word' id='word_1_126' title='bbox 1144 1126 1315 1179; x_wconf 87' lang='lat' dir='ltr'>reliquis,</span> <span class='ocrx_word' id='word_1_127' title='bbox 1338 1139 1422 1178; x_wconf 85' lang='lat' dir='ltr'>quae</span> <span class='ocrx_word' id='word_1_128' title='bbox 1442 1125 1696 1178; x_wconf 67' lang='lat' dir='ltr'>praecipienda</span> 
     </span>
     <span class='ocr_line' id='line_1_16' title="bbox 285 1191 788 1235; baseline 0.002 -6"><span class='ocrx_word' id='word_1_129' title='bbox 285 1191 464 1229; x_wconf 89' lang='lat' dir='ltr'>videntur</span> <span class='ocrx_word' id='word_1_130' title='bbox 483 1191 566 1235; x_wconf 84' lang='lat' dir='ltr'>effe,</span> <span class='ocrx_word' id='word_1_131' title='bbox 597 1191 788 1230; x_wconf 84' lang='lat' dir='ltr'>dicemus.</span> 
     </span>
    </p>

    <p class='ocr_par' dir='ltr' id='par_1_3' title="bbox 285 1257 1697 2104">
     <span class='ocr_line' id='line_1_17' title="bbox 341 1257 1697 1313; baseline 0.002 -18"><span class='ocrx_word' id='word_1_132' title='bbox 341 1259 466 1311; x_wconf 88' lang='lat' dir='ltr'>Igitur</span> <span class='ocrx_word' id='word_1_133' title='bbox 491 1259 638 1310; x_wconf 87' lang='lat' dir='ltr'>primus</span> <span class='ocrx_word' id='word_1_134' title='bbox 666 1257 778 1304; x_wconf 88' lang='lat' dir='ltr'>liber,</span> <span class='ocrx_word' id='word_1_135' title='bbox 807 1260 976 1311; x_wconf 79' lang='lat' dir='ltr'>exposito</span> <span class='ocrx_word' id='word_1_136' title='bbox 1002 1273 1137 1313; x_wconf 85' lang='lat' dir='ltr'>genere</span> <span class='ocrx_word' id='word_1_137' title='bbox 1156 1259 1272 1312; x_wconf 84' lang='lat' dir='ltr'>hujus</span> <span class='ocrx_word' id='word_1_138' title='bbox 1293 1260 1396 1304; x_wconf 80' lang='lat' dir='ltr'>artis,</span> <span class='ocrx_word' id='word_1_139' title='bbox 1427 1268 1465 1297; x_wconf 88' lang='lat' dir='ltr'>et</span> <span class='ocrx_word' id='word_1_140' title='bbox 1484 1259 1625 1303; x_wconf 84' lang='lat' dir='ltr'>officio,</span> <span class='ocrx_word' id='word_1_141' title='bbox 1657 1267 1697 1298; x_wconf 88' lang='lat' dir='ltr'>et</span> 
     </span>
     <span class='ocr_line' id='line_1_18' title="bbox 286 1323 1694 1377; baseline 0.001 -16"><span class='ocrx_word' id='word_1_142' title='bbox 286 1323 376 1367; x_wconf 88' lang='lat' dir='ltr'>fine,</span> <span class='ocrx_word' id='word_1_143' title='bbox 411 1332 451 1360; x_wconf 92' lang='lat' dir='ltr'>et</span> <span class='ocrx_word' id='word_1_144' title='bbox 481 1324 652 1367; x_wconf 88' lang='lat' dir='ltr'>materia,</span> <span class='ocrx_word' id='word_1_145' title='bbox 681 1333 719 1362; x_wconf 90' lang='lat' dir='ltr'>et</span> <span class='ocrx_word' id='word_1_146' title='bbox 746 1324 932 1376; x_wconf 83' lang='lat' dir='ltr'>partibus,</span> <span class='ocrx_word' id='word_1_147' title='bbox 967 1338 1104 1377; x_wconf 89' lang='lat' dir='ltr'>genera</span> <span class='ocrx_word' id='word_1_148' title='bbox 1128 1325 1480 1368; x_wconf 79' lang='lat' dir='ltr'>controversiarum,</span> <span class='ocrx_word' id='word_1_149' title='bbox 1503 1333 1540 1361; x_wconf 88' lang='lat' dir='ltr'>et</span> <span class='ocrx_word' id='word_1_150' title='bbox 1558 1325 1694 1362; x_wconf 85' lang='lat' dir='ltr'>inven-</span> 
     </span>
     <span class='ocr_line' id='line_1_19' title="bbox 286 1389 1693 1442; baseline 0 -16"><span class='ocrx_word' id='word_1_151' title='bbox 286 1390 423 1434; x_wconf 83' lang='lat' dir='ltr'>tiones,</span> <span class='ocrx_word' id='word_1_152' title='bbox 442 1399 481 1427; x_wconf 93' lang='lat' dir='ltr'>et</span> <span class='ocrx_word' id='word_1_153' title='bbox 500 1389 803 1434; x_wconf 79' lang='lat' dir='ltr'>constitutiones,</span> <span class='ocrx_word' id='word_1_154' title='bbox 827 1400 864 1428; x_wconf 90' lang='lat' dir='ltr'>et</span> <span class='ocrx_word' id='word_1_155' title='bbox 873 1391 1128 1442; x_wconf 86' lang='lat' dir='ltr'>judicationes</span> <span class='ocrx_word' id='word_1_156' title='bbox 1149 1390 1383 1428; x_wconf 86' lang='lat' dir='ltr'>continebat.</span> <span class='ocrx_word' id='word_1_157' title='bbox 1435 1389 1585 1427; x_wconf 89' lang='lat' dir='ltr'>Deinde</span> <span class='ocrx_word' id='word_1_158' title='bbox 1605 1403 1693 1442; x_wconf 85' lang='lat' dir='ltr'>par-</span> 
     </span>
     <span class='ocr_line' id='line_1_20' title="bbox 285 1455 1697 1508; baseline 0 -15"><span class='ocrx_word' id='word_1_159' title='bbox 285 1463 341 1493; x_wconf 76' lang='lat' dir='ltr'>tes</span> <span class='ocrx_word' id='word_1_160' title='bbox 361 1455 556 1499; x_wconf 82' lang='lat' dir='ltr'>orationis,</span> <span class='ocrx_word' id='word_1_161' title='bbox 585 1465 623 1493; x_wconf 85' lang='lat' dir='ltr'>et</span> <span class='ocrx_word' id='word_1_162' title='bbox 643 1455 683 1492; x_wconf 92' lang='lat' dir='ltr'>in</span> <span class='ocrx_word' id='word_1_163' title='bbox 716 1468 774 1493; x_wconf 84' lang='lat' dir='ltr'>eas</span> <span class='ocrx_word' id='word_1_164' title='bbox 805 1469 940 1494; x_wconf 88' lang='lat' dir='ltr'>omnes</span> <span class='ocrx_word' id='word_1_165' title='bbox 966 1457 1099 1494; x_wconf 86' lang='lat' dir='ltr'>omnia</span> <span class='ocrx_word' id='word_1_166' title='bbox 1128 1464 1328 1508; x_wconf 68' lang='lat' dir='ltr'>praecepta.</span> <span class='ocrx_word' id='word_1_167' title='bbox 1387 1456 1515 1506; x_wconf 82' lang='lat' dir='ltr'>Qare</span> <span class='ocrx_word' id='word_1_168' title='bbox 1533 1468 1626 1492; x_wconf 88' lang='lat' dir='ltr'>cum</span> <span class='ocrx_word' id='word_1_169' title='bbox 1654 1457 1697 1493; x_wconf 88' lang='lat' dir='ltr'>in</span> 
     </span>
     <span class='ocr_line' id='line_1_21' title="bbox 285 1520 1695 1573; baseline 0 -15"><span class='ocrx_word' id='word_1_170' title='bbox 285 1534 331 1559; x_wconf 78' lang='lat' dir='ltr'>eo</span> <span class='ocrx_word' id='word_1_171' title='bbox 364 1522 507 1560; x_wconf 83' lang='lat' dir='ltr'>caeteris</span> <span class='ocrx_word' id='word_1_172' title='bbox 542 1521 587 1559; x_wconf 87' lang='lat' dir='ltr'>de</span> <span class='ocrx_word' id='word_1_173' title='bbox 621 1522 733 1559; x_wconf 84' lang='lat' dir='ltr'>rebus</span> <span class='ocrx_word' id='word_1_174' title='bbox 764 1522 977 1561; x_wconf 61' lang='lat' dir='ltr'>distinctius</span> <span class='ocrx_word' id='word_1_175' title='bbox 1011 1522 1161 1560; x_wconf 59' lang='lat' dir='ltr'>dietum</span> <span class='ocrx_word' id='word_1_176' title='bbox 1195 1522 1254 1566; x_wconf 88' lang='lat' dir='ltr'>fit,</span> <span class='ocrx_word' id='word_1_177' title='bbox 1295 1520 1455 1573; x_wconf 85' lang='lat' dir='ltr'>disperse</span> <span class='ocrx_word' id='word_1_178' title='bbox 1485 1531 1613 1558; x_wconf 87' lang='lat' dir='ltr'>autem</span> <span class='ocrx_word' id='word_1_179' title='bbox 1648 1521 1695 1558; x_wconf 90' lang='lat' dir='ltr'>de</span> 
     </span>
     <span class='ocr_line' id='line_1_22' title="bbox 285 1586 1697 1641; baseline -0.001 -16"><span class='ocrx_word' id='word_1_180' title='bbox 285 1587 580 1626; x_wconf 86' lang='lat' dir='ltr'>confirmatione</span> <span class='ocrx_word' id='word_1_181' title='bbox 607 1597 646 1625; x_wconf 91' lang='lat' dir='ltr'>et</span> <span class='ocrx_word' id='word_1_182' title='bbox 677 1588 723 1626; x_wconf 92' lang='lat' dir='ltr'>de</span> <span class='ocrx_word' id='word_1_183' title='bbox 749 1587 1060 1641; x_wconf 84' lang='lat' dir='ltr'>reprehenfione;</span> <span class='ocrx_word' id='word_1_184' title='bbox 1092 1601 1196 1627; x_wconf 90' lang='lat' dir='ltr'>nunc</span> <span class='ocrx_word' id='word_1_185' title='bbox 1226 1597 1347 1626; x_wconf 88' lang='lat' dir='ltr'>certos</span> <span class='ocrx_word' id='word_1_186' title='bbox 1374 1586 1629 1626; x_wconf 86' lang='lat' dir='ltr'>confirmandi</span> <span class='ocrx_word' id='word_1_187' title='bbox 1657 1596 1697 1625; x_wconf 88' lang='lat' dir='ltr'>et</span> 
     </span>
     <span class='ocr_line' id='line_1_23' title="bbox 287 1653 1694 1708; baseline -0.001 -16"><span class='ocrx_word' id='word_1_188' title='bbox 287 1653 588 1707; x_wconf 86' lang='lat' dir='ltr'>reprehendendi</span> <span class='ocrx_word' id='word_1_189' title='bbox 622 1655 664 1692; x_wconf 90' lang='lat' dir='ltr'>in</span> <span class='ocrx_word' id='word_1_190' title='bbox 695 1654 843 1707; x_wconf 86' lang='lat' dir='ltr'>fingula</span> <span class='ocrx_word' id='word_1_191' title='bbox 871 1655 1066 1693; x_wconf 89' lang='lat' dir='ltr'>causarum</span> <span class='ocrx_word' id='word_1_192' title='bbox 1097 1668 1233 1708; x_wconf 86' lang='lat' dir='ltr'>genera</span> <span class='ocrx_word' id='word_1_193' title='bbox 1261 1654 1366 1692; x_wconf 80' lang='lat' dir='ltr'>locos</span> <span class='ocrx_word' id='word_1_194' title='bbox 1400 1653 1600 1692; x_wconf 82' lang='lat' dir='ltr'>tradendos</span> <span class='ocrx_word' id='word_1_195' title='bbox 1633 1667 1694 1691; x_wconf 90' lang='lat' dir='ltr'>ar-</span> 
     </span>
     <span class='ocr_line' id='line_1_24' title="bbox 288 1719 1694 1774; baseline -0.001 -15"><span class='ocrx_word' id='word_1_196' title='bbox 288 1719 488 1759; x_wconf 86' lang='lat' dir='ltr'>bitramur.</span> <span class='ocrx_word' id='word_1_197' title='bbox 549 1722 601 1759; x_wconf 86' lang='lat' dir='ltr'>Et</span> <span class='ocrx_word' id='word_1_198' title='bbox 622 1721 724 1773; x_wconf 89' lang='lat' dir='ltr'>quia,</span> <span class='ocrx_word' id='word_1_199' title='bbox 755 1735 834 1774; x_wconf 87' lang='lat' dir='ltr'>quo</span> <span class='ocrx_word' id='word_1_200' title='bbox 853 1723 964 1774; x_wconf 57' lang='lat' dir='ltr'>paeto</span> <span class='ocrx_word' id='word_1_201' title='bbox 984 1722 1131 1760; x_wconf 62' lang='lat' dir='ltr'>traetari</span> <span class='ocrx_word' id='word_1_202' title='bbox 1151 1721 1371 1760; x_wconf 87' lang='lat' dir='ltr'>conveniret</span> <span class='ocrx_word' id='word_1_203' title='bbox 1391 1720 1694 1772; x_wconf 85' lang='lat' dir='ltr'>argumentatio·</span> 
     </span>
     <span class='ocr_line' id='line_1_25' title="bbox 289 1784 1695 1839; baseline -0.001 -16"><span class='ocrx_word' id='word_1_204' title='bbox 289 1799 370 1830; x_wconf 83' lang='lat' dir='ltr'>nes,</span> <span class='ocrx_word' id='word_1_205' title='bbox 401 1787 441 1823; x_wconf 91' lang='lat' dir='ltr'>in</span> <span class='ocrx_word' id='word_1_206' title='bbox 461 1786 560 1824; x_wconf 89' lang='lat' dir='ltr'>libro</span> <span class='ocrx_word' id='word_1_207' title='bbox 590 1787 718 1838; x_wconf 86' lang='lat' dir='ltr'>primo</span> <span class='ocrx_word' id='word_1_208' title='bbox 748 1801 826 1825; x_wconf 88' lang='lat' dir='ltr'>non</span> <span class='ocrx_word' id='word_1_209' title='bbox 846 1787 1093 1839; x_wconf 88' lang='lat' dir='ltr'>indiligenter</span> <span class='ocrx_word' id='word_1_210' title='bbox 1122 1787 1337 1839; x_wconf 75' lang='lat' dir='ltr'>expositum</span> <span class='ocrx_word' id='word_1_211' title='bbox 1357 1785 1423 1830; x_wconf 90' lang='lat' dir='ltr'>est,</span> <span class='ocrx_word' id='word_1_212' title='bbox 1454 1784 1519 1823; x_wconf 88' lang='lat' dir='ltr'>hic</span> <span class='ocrx_word' id='word_1_213' title='bbox 1541 1795 1695 1823; x_wconf 86' lang='lat' dir='ltr'>tantum</span> 
     </span>
     <span class='ocr_line' id='line_1_26' title="bbox 288 1850 1694 1905; baseline 0 -17"><span class='ocrx_word' id='word_1_214' title='bbox 288 1850 367 1903; x_wconf 90' lang='lat' dir='ltr'>ipsa</span> <span class='ocrx_word' id='word_1_215' title='bbox 396 1852 548 1889; x_wconf 88' lang='lat' dir='ltr'>inventa</span> <span class='ocrx_word' id='word_1_216' title='bbox 578 1864 891 1903; x_wconf 87' lang='lat' dir='ltr'>unamquamque</span> <span class='ocrx_word' id='word_1_217' title='bbox 921 1852 963 1889; x_wconf 89' lang='lat' dir='ltr'>in</span> <span class='ocrx_word' id='word_1_218' title='bbox 991 1866 1072 1891; x_wconf 88' lang='lat' dir='ltr'>rem</span> <span class='ocrx_word' id='word_1_219' title='bbox 1105 1862 1345 1905; x_wconf 82' lang='lat' dir='ltr'>exponentur</span> <span class='ocrx_word' id='word_1_220' title='bbox 1374 1851 1598 1903; x_wconf 76' lang='lat' dir='ltr'>simpliciter</span> <span class='ocrx_word' id='word_1_221' title='bbox 1617 1850 1694 1889; x_wconf 89' lang='lat' dir='ltr'>fine</span> 
     </span>
     <span class='ocr_line' id='line_1_27' title="bbox 291 1917 1691 1970; baseline 0 -16"><span class='ocrx_word' id='word_1_222' title='bbox 291 1917 368 1954; x_wconf 87' lang='lat' dir='ltr'>ulla</span> <span class='ocrx_word' id='word_1_223' title='bbox 387 1918 629 1955; x_wconf 85' lang='lat' dir='ltr'>exornatione</span> <span class='ocrx_word' id='word_1_224' title='bbox 644 1936 655 1962; x_wconf 75' lang='lat'>5</span> <span class='ocrx_word' id='word_1_225' title='bbox 688 1926 731 1955; x_wconf 91' lang='lat' dir='ltr'>ut</span> <span class='ocrx_word' id='word_1_226' title='bbox 751 1930 797 1956; x_wconf 84' lang='lat' dir='ltr'>ex</span> <span class='ocrx_word' id='word_1_227' title='bbox 816 1917 891 1956; x_wconf 92' lang='lat' dir='ltr'>hoc</span> <span class='ocrx_word' id='word_1_228' title='bbox 912 1918 1065 1956; x_wconf 88' lang='lat' dir='ltr'>inventa</span> <span class='ocrx_word' id='word_1_229' title='bbox 1084 1918 1174 1970; x_wconf 88' lang='lat' dir='ltr'>ipsa,</span> <span class='ocrx_word' id='word_1_230' title='bbox 1206 1931 1252 1956; x_wconf 87' lang='lat' dir='ltr'>ex</span> <span class='ocrx_word' id='word_1_231' title='bbox 1269 1918 1456 1969; x_wconf 87' lang='lat' dir='ltr'>superiore</span> <span class='ocrx_word' id='word_1_232' title='bbox 1476 1926 1604 1954; x_wconf 90' lang='lat' dir='ltr'>autern</span> <span class='ocrx_word' id='word_1_233' title='bbox 1624 1929 1691 1954; x_wconf 76' lang='lat' dir='ltr'>ex-</span> 
     </span>
     <span class='ocr_line' id='line_1_28' title="bbox 288 1983 1692 2037; baseline 0.001 -16"><span class='ocrx_word' id='word_1_234' title='bbox 288 1983 427 2037; x_wconf 85' lang='lat' dir='ltr'>politio</span> <span class='ocrx_word' id='word_1_235' title='bbox 446 1985 703 2029; x_wconf 87' lang='lat' dir='ltr'>inventorum,</span> <span class='ocrx_word' id='word_1_236' title='bbox 726 1995 888 2037; x_wconf 87' lang='lat' dir='ltr'>petatur.</span> <span class='ocrx_word' id='word_1_237' title='bbox 933 1986 1059 2037; x_wconf 84' lang='lat' dir='ltr'>Qare</span> <span class='ocrx_word' id='word_1_238' title='bbox 1078 1984 1174 2030; x_wconf 83' lang='lat' dir='ltr'><strong>haec,</strong></span> <span class='ocrx_word' id='word_1_239' title='bbox 1196 1998 1281 2037; x_wconf 85' lang='lat' dir='ltr'>quae</span> <span class='ocrx_word' id='word_1_240' title='bbox 1294 1997 1397 2021; x_wconf 88' lang='lat' dir='ltr'>nunc</span> <span class='ocrx_word' id='word_1_241' title='bbox 1410 1984 1692 2036; x_wconf 72' lang='lat' dir='ltr'>praecipientur,</span> 
     </span>
     <span class='ocr_line' id='line_1_29' title="bbox 289 2049 1553 2104; baseline -0.002 -16"><span class='ocrx_word' id='word_1_242' title='bbox 289 2050 336 2088; x_wconf 82' lang='lat' dir='ltr'>ad</span> <span class='ocrx_word' id='word_1_243' title='bbox 355 2050 657 2089; x_wconf 85' lang='lat' dir='ltr'>confirmationis</span> <span class='ocrx_word' id='word_1_244' title='bbox 677 2060 715 2088; x_wconf 92' lang='lat' dir='ltr'>et</span> <span class='ocrx_word' id='word_1_245' title='bbox 735 2050 1029 2104; x_wconf 78' lang='lat' dir='ltr'>reprehensionis</span> <span class='ocrx_word' id='word_1_246' title='bbox 1050 2061 1172 2104; x_wconf 79' lang='lat' dir='ltr'>partes</span> <span class='ocrx_word' id='word_1_247' title='bbox 1193 2049 1328 2088; x_wconf 88' lang='lat' dir='ltr'>referre</span> <span class='ocrx_word' id='word_1_248' title='bbox 1347 2049 1553 2102; x_wconf 87' lang='lat' dir='ltr'>oportebit.</span> 
     </span>
    </p>

    <p class='ocr_par' dir='ltr' id='par_1_4' title="bbox 290 2114 1696 2499">
     <span class='ocr_line' id='line_1_30' title="bbox 349 2114 1696 2167; baseline -0.001 -13"><span class='ocrx_word' id='word_1_249' title='bbox 349 2116 420 2154; x_wconf 91' lang='lat' dir='ltr'>IV.</span> <span class='ocrx_word' id='word_1_250' title='bbox 452 2117 595 2154; x_wconf 85' lang='lat' dir='ltr'>Omnis</span> <span class='ocrx_word' id='word_1_251' title='bbox 611 2126 648 2154; x_wconf 90' lang='lat' dir='ltr'>et</span> <span class='ocrx_word' id='word_1_252' title='bbox 668 2117 972 2161; x_wconf 87' lang='lat' dir='ltr'>demonstrativa,</span> <span class='ocrx_word' id='word_1_253' title='bbox 995 2126 1031 2155; x_wconf 83' lang='lat' dir='ltr'>et</span> <span class='ocrx_word' id='word_1_254' title='bbox 1051 2117 1293 2155; x_wconf 86' lang='lat' dir='ltr'>deliberativa</span> <span class='ocrx_word' id='word_1_255' title='bbox 1312 2125 1362 2160; x_wconf 91' lang='lat' dir='ltr'>et,</span> <span class='ocrx_word' id='word_1_256' title='bbox 1378 2115 1571 2167; x_wconf 86' lang='lat' dir='ltr'>judicialis</span> <span class='ocrx_word' id='word_1_257' title='bbox 1588 2114 1696 2153; x_wconf 84' lang='lat' dir='ltr'>causa</span> 
     </span>
     <span class='ocr_line' id='line_1_31' title="bbox 290 2181 1692 2235; baseline -0.001 -15"><span class='ocrx_word' id='word_1_258' title='bbox 290 2181 433 2220; x_wconf 83' lang='lat' dir='ltr'>necefl‘e</span> <span class='ocrx_word' id='word_1_259' title='bbox 452 2182 504 2220; x_wconf 84' lang='lat' dir='ltr'>est</span> <span class='ocrx_word' id='word_1_260' title='bbox 523 2183 563 2219; x_wconf 90' lang='lat' dir='ltr'>in</span> <span class='ocrx_word' id='word_1_261' title='bbox 583 2182 712 2234; x_wconf 88' lang='lat' dir='ltr'>aliquo</span> <span class='ocrx_word' id='word_1_262' title='bbox 732 2196 880 2227; x_wconf 85' lang='lat' dir='ltr'>eorum,</span> <span class='ocrx_word' id='word_1_263' title='bbox 900 2197 984 2235; x_wconf 90' lang='lat' dir='ltr'>quae</span> <span class='ocrx_word' id='word_1_264' title='bbox 1003 2193 1089 2220; x_wconf 88' lang='lat' dir='ltr'>ante</span> <span class='ocrx_word' id='word_1_265' title='bbox 1109 2182 1274 2235; x_wconf 77' lang='lat' dir='ltr'>exposita</span> <span class='ocrx_word' id='word_1_266' title='bbox 1293 2181 1392 2226; x_wconf 89' lang='lat' dir='ltr'>sunt,</span> <span class='ocrx_word' id='word_1_267' title='bbox 1411 2181 1692 2219; x_wconf 87' lang='lat' dir='ltr'>constitutionis</span> 
     </span>
     <span class='ocr_line' id='line_1_32' title="bbox 291 2247 1693 2300; baseline -0.001 -15"><span class='ocrx_word' id='word_1_268' title='bbox 291 2260 440 2299; x_wconf 88' lang='lat' dir='ltr'>genere,</span> <span class='ocrx_word' id='word_1_269' title='bbox 463 2261 540 2286; x_wconf 89' lang='lat' dir='ltr'>uno</span> <span class='ocrx_word' id='word_1_270' title='bbox 559 2248 790 2300; x_wconf 87' lang='lat' dir='ltr'>pluribusve,</span> <span class='ocrx_word' id='word_1_271' title='bbox 813 2248 988 2286; x_wconf 82' lang='lat' dir='ltr'>versetur.</span> <span class='ocrx_word' id='word_1_272' title='bbox 1033 2249 1124 2286; x_wconf 91' lang='lat' dir='ltr'>Hoc</span> <span class='ocrx_word' id='word_1_273' title='bbox 1155 2260 1376 2299; x_wconf 86' lang='lat' dir='ltr'>quanquam</span> <span class='ocrx_word' id='word_1_274' title='bbox 1396 2247 1448 2284; x_wconf 88' lang='lat' dir='ltr'>ita</span> <span class='ocrx_word' id='word_1_275' title='bbox 1467 2247 1531 2291; x_wconf 89' lang='lat' dir='ltr'>est,</span> <span class='ocrx_word' id='word_1_276' title='bbox 1565 2256 1693 2284; x_wconf 86' lang='lat' dir='ltr'>tamen</span> 
     </span>
     <span class='ocr_line' id='line_1_33' title="bbox 290 2312 1691 2366; baseline -0.002 -15"><span class='ocrx_word' id='word_1_277' title='bbox 290 2325 385 2351; x_wconf 89' lang='lat' dir='ltr'>cum</span> <span class='ocrx_word' id='word_1_278' title='bbox 404 2314 664 2352; x_wconf 84' lang='lat' dir='ltr'>communiter</span> <span class='ocrx_word' id='word_1_279' title='bbox 682 2315 858 2366; x_wconf 81' lang='lat' dir='ltr'>quaedam</span> <span class='ocrx_word' id='word_1_280' title='bbox 879 2315 923 2352; x_wconf 90' lang='lat' dir='ltr'>de</span> <span class='ocrx_word' id='word_1_281' title='bbox 944 2314 1125 2352; x_wconf 84' lang='lat' dir='ltr'>omnibus</span> <span class='ocrx_word' id='word_1_282' title='bbox 1148 2313 1301 2366; x_wconf 69' lang='lat' dir='ltr'>praecipi</span> <span class='ocrx_word' id='word_1_283' title='bbox 1322 2313 1472 2366; x_wconf 85' lang='lat' dir='ltr'>poffint,</span> <span class='ocrx_word' id='word_1_284' title='bbox 1495 2312 1691 2365; x_wconf 84' lang='lat' dir='ltr'>separatim</span> 
     </span>
     <span class='ocr_line' id='line_1_34' title="bbox 293 2375 1692 2432; baseline -0.001 -17"><span class='ocrx_word' id='word_1_285' title='bbox 293 2392 448 2430; x_wconf 90' lang='lat' dir='ltr'>quoque</span> <span class='ocrx_word' id='word_1_286' title='bbox 463 2380 543 2418; x_wconf 84' lang='lat' dir='ltr'>aliae</span> <span class='ocrx_word' id='word_1_287' title='bbox 559 2379 643 2418; x_wconf 91' lang='lat' dir='ltr'>sunt</span> <span class='ocrx_word' id='word_1_288' title='bbox 656 2382 715 2431; x_wconf 88' lang='lat' dir='ltr'>cuj</span> <span class='ocrx_word' id='word_1_289' title='bbox 723 2380 839 2432; x_wconf 89' lang='lat' dir='ltr'>usque</span> <span class='ocrx_word' id='word_1_290' title='bbox 854 2380 999 2432; x_wconf 84' lang='lat' dir='ltr'>generis</span> <span class='ocrx_word' id='word_1_291' title='bbox 1017 2390 1053 2417; x_wconf 91' lang='lat' dir='ltr'>et</span> <span class='ocrx_word' id='word_1_292' title='bbox 1069 2379 1219 2417; x_wconf 86' lang='lat' dir='ltr'>diversae</span> <span class='ocrx_word' id='word_1_293' title='bbox 1234 2379 1520 2431; x_wconf 79' lang='lat' dir='ltr'>praeceptiones.</span> <span class='ocrx_word' id='word_1_294' title='bbox 1571 2375 1692 2415; x_wconf 88' lang='lat' dir='ltr'>Aliud</span> 
     </span>
     <span class='ocr_line' id='line_1_35' title="bbox 292 2442 1691 2499; baseline -0.001 -17"><span class='ocrx_word' id='word_1_295' title='bbox 292 2444 397 2482; x_wconf 82' lang='lat' dir='ltr'>enim</span> <span class='ocrx_word' id='word_1_296' title='bbox 424 2445 517 2493; x_wconf 78' lang='lat' dir='ltr'>laus,</span> <span class='ocrx_word' id='word_1_297' title='bbox 550 2456 614 2486; x_wconf 82' lang='lat' dir='ltr'>aut</span> <span class='ocrx_word' id='word_1_298' title='bbox 644 2447 883 2499; x_wconf 82' lang='lat' dir='ltr'>vituperatio,</span> <span class='ocrx_word' id='word_1_299' title='bbox 914 2446 1017 2484; x_wconf 87' lang='lat' dir='ltr'>aliud</span> <span class='ocrx_word' id='word_1_300' title='bbox 1038 2445 1230 2484; x_wconf 62' lang='lat' dir='ltr'>sententiae</span> <span class='ocrx_word' id='word_1_301' title='bbox 1249 2444 1381 2490; x_wconf 67' lang='lat' dir='ltr'>diffie,</span> <span class='ocrx_word' id='word_1_302' title='bbox 1417 2443 1519 2482; x_wconf 82' lang='lat' dir='ltr'>aliud</span> <span class='ocrx_word' id='word_1_303' title='bbox 1539 2442 1691 2481; x_wconf 79' lang='lat' dir='ltr'>accusa-</span> 
     </span>
    </p>
   </div>
  </div>
 </body>
</html>
