2176 2912
689 170 1407 213 ORATORIBUS.
1675 188 1748 229 391

352 281 441 308 vero
461 277 541 307 tam
559 268 607 306 de
616 267 826 306 virtutibus
847 265 999 304 dicendi
1019 264 1110 310 tuis,
1127 278 1212 317 quae
1227 278 1320 303 cum
1334 264 1533 311 omnibus,
1550 275 1635 306 tum
1653 278 1756 308 certe

354 334 455 374 mihi
474 333 674 373 notiffimae
707 332 808 377 sunt,
839 345 956 384 quam
974 331 1082 384 quod
1110 331 1248 383 gradus
1269 340 1370 376 tuOS,
1400 340 1439 370 et
1468 333 1572 385 quasi
1603 334 1755 387 proces-

353 401 414 440 fus
448 400 600 438 dicendi
630 398 763 437 studeo
803 397 1044 451 cognoscere.
1106 399 1286 443 Geretur,
1325 397 1502 450 inquam,
1534 399 1607 437 tibi
1641 415 1725 440 mos
1741 420 1755 448 ,ς

352 467 539 520 quoniam
559 480 622 505 me
642 480 720 504 non
741 466 887 519 ingenii
908 465 1196 519 praedicatore-m
1214 464 1285 503 effe
1305 465 1376 510 vis,
1411 464 1474 503 sed
1499 465 1640 504 laboris
1660 469 1753 506 mei.

352 534 503 572 Verum
523 534 780 587 interponam,
813 542 856 572 ut
886 533 1025 587 placet,
1056 532 1165 578 alios,
1194 541 1233 571 et
1263 545 1284 570 a
1317 533 1381 572 M.
1406 531 1548 578 Craffo,
1580 533 1649 586 qui
1681 533 1759 573 fuit

352 601 508 654 aequalis
530 600 742 645 Hortenfii,
763 600 949 638 exordiar.

408 668 559 706 LXVI.
597 669 634 706 Is
655 667 775 720 igitur
794 666 1040 705 mediocriter
1068 680 1089 704 a
1109 666 1281 705 doetrina
1310 666 1528 712 instructus,
1564 666 1759 719 angustius

353 734 471 773 etiam
491 748 511 772 a
531 743 663 772 natura
678 752 689 779 5
726 734 855 771 labore
873 743 912 772 et
931 732 1126 778 industria,
1148 742 1198 778 et,
1227 733 1331 785 quod
1351 731 1557 771 adhibebat
1576 733 1622 771 ad
1649 733 1756 771 obti-

354 801 494 839 nendas
515 801 640 839 causas
657 814 789 838 curam
801 800 917 838 etiam
932 809 970 838 et
986 800 1162 853 gratiam,
1184 800 1224 837 in
1243 799 1486 852 principibus
1499 799 1667 853 patronis
1684 799 1756 838 ali-

353 877 452 919 quot
470 880 588 905 annos
608 865 699 904 fuit.
731 867 777 904 In
790 865 906 918 hujus
927 866 1097 904 oratione
1117 865 1238 903 sermo
1256 866 1420 904 Latinus
1436 875 1527 910 erat,
1546 865 1660 903 verba
1679 879 1757 904 non

353 932 510 984 abjecfta,
528 945 584 969 res
601 930 820 984 compofitae
836 930 1040 983 diligenter
1051 949 1063 975 ς
1086 930 1216 968 nullus
1234 930 1302 968 fios
1323 940 1466 975 tamen,
1483 944 1607 982 neque
1623 930 1758 969 lumen

351 997 509 1043 ullum3
531 998 655 1036 animi
672 1011 825 1050 magna,
845 997 950 1036 vocis
970 1010 1083 1050 parva
1102 997 1313 1042 contentio,
1335 997 1467 1035 omnia
1486 995 1564 1035 fere
1585 1006 1627 1034 ut
1648 997 1755 1035 fimi-

352 1063 442 1102 liter
460 1073 574 1116 atque
597 1077 673 1102 uno
692 1064 810 1102 modo
830 1063 1060 1102 dicerentur.
1102 1064 1211 1102 Nam
1230 1062 1346 1116 hujus
1368 1063 1537 1116 aequalis,
1558 1072 1596 1101 et
1621 1063 1757 1101 inimi-

353 1144 422 1169 cus
445 1132 492 1169 C.
516 1131 703 1175 Fimbria,
725 1144 803 1168 non
824 1131 876 1168 ita
893 1131 960 1168 diu
975 1132 1114 1183 jactare
1135 1130 1170 1168 se
1189 1131 1318 1183 potuit
1332 1149 1345 1176 3
1378 1131 1446 1183 qui
1466 1131 1598 1168 omnia
1617 1130 1757 1183 magna

349 1211 443 1236 voce
461 1198 605 1242 dicens,
637 1197 841 1236 verborum
860 1197 945 1235 sane
964 1197 1158 1236 bonorum
1178 1197 1289 1235 cursu
1311 1197 1479 1249 quodam
1500 1197 1674 1242 incitato,
1702 1198 1757 1234 ita.

352 1263 506 1303 furebat
526 1273 673 1309 tamen,
692 1274 735 1302 ut
754 1264 932 1302 mirarere
952 1273 1032 1303 tam
1052 1263 1141 1302 alias
1160 1277 1217 1302 res
1245 1277 1352 1317 agere
1371 1263 1576 1317 populum,
1605 1272 1650 1302 ut
1667 1262 1758 1302 effet

353 1331 484 1370 insano
504 1331 604 1369 inter
623 1331 778 1369 disertos
799 1331 921 1370 locus.

411 1399 487 1436 Cn.
511 1406 641 1436 autem
662 1397 853 1435 Lentulus
874 1397 1002 1436 multo
1017 1397 1203 1449 majorem
1223 1396 1448 1450 opinionem
1468 1395 1621 1433 dicendi
1637 1395 1757 1434 aetio-

353 1476 403 1501 ne
423 1461 599 1508 faciebat,
622 1476 739 1515 quam
759 1471 901 1515 quanta
919 1463 960 1501 in
980 1476 1026 1500 eo
1045 1461 1206 1500 facultas
1226 1471 1303 1500 erat
1318 1481 1329 1507 ;
1362 1462 1431 1514 qui
1459 1475 1552 1499 cum
1572 1461 1660 1500 effet
1686 1474 1757 1500 nec

351 1538 569 1582 peracutus,
590 1531 830 1582 (quanquam
846 1539 884 1568 et
898 1543 946 1567 ex
960 1528 1058 1567 facie
1071 1537 1108 1567 et
1123 1542 1168 1566 ex
1184 1528 1296 1566 vultu
1314 1528 1528 1580 videbatur)
1545 1541 1615 1566 nec
1631 1528 1757 1566 abun-

354 1595 446 1633 dans
467 1595 606 1640 verbis,
636 1595 702 1633 etfi
728 1594 885 1633 fallebat
905 1595 946 1632 in
966 1608 1010 1632 eo
1035 1594 1141 1648 ips0;
1174 1594 1223 1633 fic
1254 1594 1478 1640 intervallis,
1505 1595 1757 1632 exclamatio-

354 1661 484 1705 nibus,
529 1675 622 1700 voce
655 1661 759 1699 suavi
793 1670 830 1699 et
860 1675 1010 1707 canora,
1055 1661 1281 1699 admirando
1315 1661 1509 1706 irridebat,
1539 1660 1685 1699 calebat
1714 1661 1756 1699 in

320 1764 327 1770 ,
354 1727 514 1778 agendo,
545 1737 589 1765 ut
607 1740 661 1772 ea,
692 1741 777 1779 quae
807 1728 974 1772 deerant,
1006 1741 1084 1765 non
1117 1727 1424 1766 defiderarentur.
1484 1728 1542 1765 Ita
1572 1736 1756 1779 tanquam

357 1791 480 1830 Curio
509 1793 620 1844 copia
651 1792 839 1830 nonnulla
857 1793 1076 1837 verborum,
1107 1793 1217 1831 nullo
1241 1793 1316 1831 alio
1336 1794 1454 1838 bono,
1485 1794 1610 1830 tenuit
1630 1802 1756 1832 orato-

355 1871 446 1895 rum
466 1858 623 1902 locum,
648 1858 704 1909 ‘fic
727 1859 802 1896 Cn.
825 1858 1016 1896 Lentulus
1037 1868 1258 1896 caeterarum
1278 1860 1467 1897 virtutum
1488 1859 1642 1897 dicendi
1669 1872 1755 1897 me-

354 1924 597 1962 dlocritatem
631 1925 777 1963 actione
807 1925 1028 1970 occultavit,
1060 1925 1099 1962 in
1131 1939 1206 1977 qua
1239 1926 1427 1963 excellens
1462 1925 1552 1964 fuit.
1612 1925 1756 1978 Neque

354 1990 482 2028 multo
515 1990 618 2028 secus
654 1991 698 2028 P.
735 1991 941 2036 Lentulus,
987 1991 1046 2043 cuj
1055 2004 1095 2028 us
1131 2000 1169 2029 et
1197 1991 1453 2043 excogitandi,
1498 2000 1537 2029 et
1572 1991 1756 2044 loquendi

354 2057 573 2095 tarditatem
607 2057 755 2109 tegebat
788 2055 922 2095 formae
956 2057 1119 2109 dignitas
1136 2087 1147 2102 ,
1189 2059 1357 2110 corporis
1390 2068 1519 2096 motus
1553 2058 1688 2110 plenus
1719 2067 1757 2096 et

355 2124 458 2168 artis,
489 2132 526 2161 et
554 2123 771 2168 venustatis,
802 2124 906 2162 vocis
937 2133 974 2162 et
994 2123 1166 2169 suavitas,
1197 2133 1234 2162 et
1254 2124 1496 2176 magnitudo.
1539 2125 1600 2162 Sic
1621 2125 1660 2162 in
1682 2123 1757 2162 hoc

356 2188 456 2226 nihil
486 2200 617 2242 praeter
647 2190 835 2228 aetionem
863 2190 939 2229 fuit
954 2209 966 2236 3
997 2199 1130 2229 caetera
1149 2192 1267 2229 etiam
1295 2192 1459 2237 minora,
1493 2205 1609 2244 quam
1631 2192 1670 2228 in
1692 2192 1757 2229 su-

356 2268 515 2306 periore.

403 2321 572 2359 LXVII.
604 2321 667 2359 M.
686 2321 771 2360 Piso
791 2322 983 2374 quidquid
998 2322 1148 2368 habuit,
1162 2322 1299 2361 habuit
1314 2337 1361 2361 ex
1378 2323 1577 2376 disciplina
1591 2341 1604 2367 3
1627 2322 1752 2360 maxi-

358 2400 495 2438 meque
515 2400 560 2424 ex
581 2387 777 2432 omnibus,
810 2389 877 2440 qui
898 2398 984 2426 ante
1003 2389 1174 2434 fuerunt,
1207 2391 1353 2427 Graecis
1381 2390 1561 2428 doetrinis
1582 2388 1751 2425 eruditus

357 2450 446 2490 fuit.
479 2452 630 2491 Habuit
650 2465 670 2491 a
689 2462 822 2492 natura
839 2467 960 2507 genus
980 2454 1176 2508 quoddam
1196 2455 1398 2500 acuminis,
1421 2455 1524 2507 quod
1540 2454 1655 2492 etiam
1675 2461 1753 2490 arte
