2176 2912
578 203 898 244 LIBER
975 202 1551 246 SECUNDUS.
1695 218 1775 262 20'7

425 300 558 350 Atque
577 298 617 335 in
632 296 708 335 hoc
723 308 860 349 genere
880 295 946 332 illa
965 308 1121 347 quoque
1141 295 1193 333 est
1214 296 1364 334 infinita
1384 297 1484 343 filva,
1503 299 1608 351 quod
1635 303 1774 340 oratori

370 365 542 417 plerique
564 364 626 415 (ut
645 363 762 400 etiam
784 361 934 400 Crafl'us
954 362 1135 414 ostendit)
1160 362 1237 400 duo
1256 376 1394 416 genera
1411 366 1456 402 ad
1477 366 1685 405 dicendum
1705 368 1774 405 de·-

367 431 520 468 derunt.
569 431 720 474 Unum,
753 429 799 466 de
821 437 921 466 certa
941 427 1173 480 definitaque
1193 429 1314 474 causa,
1346 430 1476 482 quales
1498 431 1597 476 sunt,
1619 447 1704 485 qua:
1734 435 1773 472 in

366 496 518 541 litibus,
554 510 638 548 quae
659 496 699 532 in
720 494 1075 539 deliberationibus,
1101 495 1320 534 versantur:
1353 496 1478 542 addat,
1501 497 1525 534 fi
1548 499 1635 549 quis
1656 499 1771 544 volet,

367 562 485 600 etiam
505 562 754 600 laudationes.
815 560 1009 604 Alterum,
1040 561 1145 612 quod
1166 561 1360 614 appellant
1379 576 1513 600 omnes
1546 563 1621 601 fere
1652 565 1772 617 scrip-

366 636 481 672 tores,
517 627 684 680 explicat
723 640 852 670 nemo,
888 626 1081 664 infinitam
1115 627 1264 679 generis
1299 628 1374 665 fine
1407 638 1593 681 tempore,
1629 640 1666 667 et
1698 631 1774 668 fine

366 693 536 746 persona,
572 692 834 745 quaestionem.
894 693 985 730 Hoc
1006 692 1115 745 quid,
1147 702 1185 729 et
1205 703 1395 744 quantum
1418 694 1476 739 fit,
1508 709 1600 733 cum
1621 696 1770 741 dicunt,

367 759 582 812 intelligere
613 759 713 797 mihi
744 773 820 796 non
843 759 1031 796 videntur.
1084 759 1122 796 Si
1141 759 1246 797 enim
1267 761 1318 797 est
1338 762 1509 807 oratoris,
1532 776 1773 814 quaecunque

366 839 422 863 res
443 826 594 863 infinite
613 825 732 878 polita
752 825 811 868 fit,
833 824 879 861 de
899 837 941 861 ea
960 824 1062 876 poss‘e
1083 825 1221 870 dicere,
1243 826 1452 865 dicendum
1474 828 1545 865 erit
1565 829 1613 873 ei,
1646 843 1771 880 quan-

364 900 402 928 ta
433 891 476 929 fit
497 891 584 929 solis
617 890 859 943 magnitudo,
891 903 975 941 quae
1002 889 1127 927 forma
1153 899 1285 929 terrae:
1323 892 1370 929 de
1391 893 1689 939 mathematicis,
1725 894 1773 932 de

364 957 519 995 musicis
555 957 667 994 rebus
700 969 777 994 non
812 956 967 1008 poterit,
1001 956 1095 1008 quin
1118 956 1233 1001 dicat,
1258 956 1333 995 hoc
1353 972 1467 996 onere
1490 960 1673 1012 suscepto,
1709 974 1769 998 re-

362 1022 503 1061 cusare.
565 1024 747 1076 Denique
767 1023 815 1068 ei,
848 1024 916 1075 qui
945 1023 1148 1076 profitetur
1168 1023 1238 1061 effe
1258 1024 1383 1069 suum,
1407 1040 1483 1064 non
1504 1027 1625 1064 solum
1648 1028 1694 1065 de
1724 1028 1769 1065 iis

362 1089 639 1133 controversiis,
671 1104 756 1141 quae
778 1090 1033 1142 temporibus,
1068 1098 1105 1126 et
1136 1090 1303 1142 personis
1335 1101 1435 1129 notae
1456 1092 1555 1137 sunt,
1591 1092 1666 1131 hoc
1701 1094 1766 1138 est,

362 1155 409 1192 de
429 1155 612 1192 omnibus
632 1154 858 1199 forenfibus,
881 1155 942 1192 sed
962 1156 1079 1193 etiarn
1099 1156 1145 1193 de
1161 1169 1346 1208 generum
1364 1158 1524 1196 infinitis
1547 1160 1767 1211 quaestioni-

362 1220 434 1258 bus
455 1221 593 1266 dicere,
626 1222 782 1258 nullum
801 1221 924 1274 potest
953 1221 1022 1259 effe
1041 1235 1161 1274 genus
1190 1223 1387 1268 orationis,
1424 1225 1529 1275 quod
1550 1225 1593 1263 fit
1624 1240 1766 1279 excep-
1806 1272 1808 1274 ‚

362 1295 464 1325 tum.

416 1353 528 1390 XVI.
562 1352 632 1391 Sed
653 1353 680 1390 si
695 1353 802 1395 illam
821 1367 975 1406 quoque
991 1362 1138 1405 partem
1156 1354 1410 1406 quaestionum
1427 1357 1564 1394 oratori
1586 1358 1765 1396 volumus

359 1420 566 1472 adjungere
587 1433 738 1471 vagam,
759 1430 797 1457 et
818 1420 993 1464 liberam,
1015 1430 1053 1457 et
1069 1420 1142 1457 late
1163 1430 1373 1473 patentem,
1397 1432 1439 1460 ut
1459 1424 1504 1460 de
1526 1424 1635 1461 rebus
1655 1425 1764 1463 bonis

359 1494 424 1523 aut
437 1485 572 1530 malis,
595 1486 815 1538 expetendis
833 1495 897 1527 aut
912 1485 1131 1538 fugiendis,
1154 1485 1322 1523 honestis
1339 1497 1403 1525 aut
1424 1490 1599 1541 turpibus
1617 1509 1629 1535 3
1653 1491 1763 1529 utili-

358 1551 430 1589 bus
447 1561 512 1589 aut
532 1551 761 1596 inutilibus,
784 1551 830 1589 de
848 1552 1002 1596 virtute,
1025 1551 1242 1603 dejustitia‚
1265 1552 1311 1589 de
1331 1554 1582 1600 continentia,
1606 1556 1651 1593 de
1668 1571 1763 1608 pru-

357 1617 500 1662 dentia,
523 1617 569 1654 de
589 1617 858 1671 magnitudine
878 1617 1011 1661 animi,
1034 1617 1079 1654 de
1100 1617 1339 1662 liberalitate,
1359 1619 1404 1656 de
1424 1620 1577 1671 pietate,
1600 1623 1646 1659 de
1662 1624 1762 1660 ami-

358 1683 462 1727 citia,
485 1683 530 1721 de
551 1682 638 1727 fide,
657 1683 702 1720 de
722 1683 866 1728 officio,
884 1684 930 1720 de
945 1684 1089 1720 caeteris
1107 1683 1329 1728 virtutibus,
1352 1686 1623 1738 contrariisque
1644 1688 1761 1733 vitiis,

358 1747 568 1785 dicendum
588 1749 727 1785 oratori
757 1757 968 1800 putemus;
1004 1749 1176 1800 itemque
1202 1748 1249 1785 de
1269 1749 1479 1802 republica,
1517 1751 1562 1788 de
1582 1752 1760 1804 imperio,

357 1813 404 1850 de
424 1826 462 1850 re
483 1813 655 1857 militari,
677 1813 723 1850 de
744 1814 943 1865 disciplina
963 1813 1140 1858 civitatis,
1164 1814 1210 1851 de
1236 1813 1445 1854 hominum
1466 1818 1639 1856 moribus
1657 1838 1668 1863 3
1702 1819 1759 1856 as-

357 1879 552 1917 sumamus
585 1892 669 1916 eam
690 1893 845 1932 quoque
867 1888 1028 1931 partem,
1052 1879 1113 1917 sed
1133 1881 1198 1924 ita,
1226 1890 1269 1918 ut
1296 1883 1340 1920 s1t
1361 1883 1651 1937 circumscripta
1669 1899 1756 1924 mo-

356 1945 451 1983 dicis
473 1945 708 1998 regionibus.

410 2011 607 2063 Equidem
639 2011 783 2055 omnia,
813 2024 897 2063 quse
917 2011 1109 2063 pertinent
1129 2013 1175 2049 ad
1197 2013 1307 2050 usum
1328 2014 1488 2059 civium,
1511 2029 1661 2054 morem
1682 2016 1757 2054 ho-

354 2077 523 2122 minum,
561 2091 645 2130 quae
666 2077 858 2114 versantur
887 2078 926 2115 in
947 2077 1219 2116 consuetudine
1240 2080 1340 2124 vitae,
1373 2080 1412 2117 in
1433 2081 1578 2119 ratione
1598 2083 1756 2135 reipub-

353 2143 450 2187 licae,
482 2143 521 2181 in
552 2142 623 2180 hac
656 2143 831 2181 societate
860 2144 980 2189 civili,
1011 2144 1050 2181 in
1084 2144 1188 2182 sensu
1220 2144 1428 2184 hominum
1460 2150 1677 2193 communi,
1715 2149 1755 2186 in

354 2218 499 2254 natura,
522 2210 560 2247 in
583 2210 770 2254 moribus,
791 2209 1151 2262 comprehendenda
1170 2211 1240 2249 effe
1258 2214 1395 2250 oratori
1423 2223 1518 2265 puto
1540 2229 1548 2252 ε
1582 2215 1606 2252 fi
1626 2215 1755 2252 minus

354 2284 398 2312 ut
431 2275 630 2327 separatim
651 2275 698 2313 de
728 2275 788 2314 his
823 2277 934 2314 rebus
958 2276 1283 2330 Philosophorum
1316 2293 1422 2317 more
1454 2281 1684 2333 respondeat,
1717 2289 1753 2317 at

353 2349 454 2378 certe
475 2350 517 2378 ut
538 2342 576 2377 in
598 2341 706 2378 causa
726 2342 930 2394 prudenter
961 2343 1072 2395 poffit
1093 2344 1260 2382 intexere
1279 2359 1286 2382 :
1320 2343 1422 2382 hisce
1443 2356 1570 2384 autem
1600 2346 1684 2398 ipsis
1706 2345 1753 2382 de

354 2406 464 2443 rebus
487 2415 528 2443 ut
549 2407 605 2446 ita
620 2406 810 2458 loquatur,
834 2418 877 2445 ut
896 2409 938 2453 ii,
961 2410 1027 2460 qui
1042 2410 1142 2460 jura,
1159 2411 1224 2462 qui
1246 2411 1361 2462 leges,
1380 2412 1447 2462 qui
1468 2412 1637 2448 civitates
1654 2424 1749 2447 con-

354 2471 568 2517 stituerunt,
590 2472 710 2509 locuti
731 2472 829 2517 sunt,
848 2474 1070 2526 simpliciter
1089 2484 1126 2512 et
1147 2475 1355 2527 splendide,
1376 2477 1452 2513 fine
1472 2477 1549 2514 ulla
1564 2477 1652 2513 serie
1672 2474 1748 2513 dis-

352 2538 614 2589 putationum,
637 2548 674 2576 et
694 2538 908 2591 finejejuna
927 2541 1209 2579 concertatione
1227 2542 1446 2581 verborum.
