2176 2912
719 191 1380 234 PARTITIONES.
1674 205 1748 244 523

351 293 438 330 sinis
459 291 612 329 alterius
645 288 698 326 est
718 287 904 331 honestas,
935 286 1089 324 alterius
1109 284 1324 337 turpitudo.
1385 283 1603 322 Conficitur
1623 293 1752 322 autem

351 371 471 410 genus
506 355 580 393 hoc
607 354 799 397 dictionis,
834 352 1027 390 narrandis
1059 350 1367 404 exponendisque
1397 349 1520 393 factis,
1554 349 1628 386 fine
1662 349 1751 387 ullis

352 420 771 476 argumentationibus,
804 419 850 456 ad
879 418 999 455 animi
1033 427 1162 456 motus
1196 416 1334 454 leniter
1359 415 1569 453 trae’tandos
1605 416 1752 468 magis,

352 502 470 541 quam
505 487 551 525 ad
585 486 702 524 fidem
735 484 967 529 faciendam,
1012 493 1076 521 aut
1109 481 1416 521 confirmandam
1450 482 1751 519 accommodate.

352 555 447 594 Non
467 554 574 591 enim
594 552 711 590 dubia
731 551 946 595 firmantur,
969 549 1031 587 sed
1051 563 1104 594 ea,
1127 563 1211 602 quae
1231 557 1347 592 certa,
1369 557 1433 585 aut
1454 561 1522 600 pro
1551 548 1662 584 certis
1684 561 1754 599 po-

353 621 420 659 fita
440 620 539 664 sunt,
567 628 767 671 augentur.
819 616 1087 669 Qamobrem
1107 629 1155 654 ex
1175 615 1235 658 iis,
1258 627 1343 666 quae
1363 623 1449 651 ante
1469 613 1568 650 dieta
1587 612 1686 656 sunt,
1719 614 1769 650 et‘

352 687 542 730 narrandi,
563 695 601 723 et
621 684 783 737 augendi
802 692 989 736 praecepta
1014 690 1246 735 repetentur.
1304 680 1372 724 Et,
1405 679 1592 732 quoniam
1622 679 1660 716 in
1697 677 1757 716 his

327 753 470 798 ,caufis
491 752 618 790 omnis
650 752 745 790 ratio
778 749 855 787 fere
886 749 932 786 ad
965 749 1203 801 voluptatem
1233 746 1416 784 auditoris
1451 754 1489 783 et
1518 744 1564 782 ad
1592 744 1757 782 delceta-

353 820 502 857 tionem
523 817 698 861 refertur,
730 816 920 854 utendum
951 815 1022 852 erit
1048 815 1094 852 iis
1123 815 1164 852 in
1198 813 1368 851 oratione
1397 811 1639 864 singulorum
1672 824 1757 848 ver-

355 885 497 923 borum
528 884 754 935 insignibus,
791 896 876 934 quae
905 880 1051 918 habent
1070 880 1287 932 plurimum
1308 878 1500 916 suavitatis
1516 895 1528 922 3
1559 877 1600 915 id
1620 876 1687 922 est,
1716 886 1761 914 ut

354 950 463 990 facitis
483 950 623 994 verbis,
659 958 724 986 aut
745 947 913 992 vetustis,
947 956 1011 984 aut
1043 945 1226 984 transsatis
1256 943 1479 997 frequenter
1507 952 1663 981 utamur
1679 962 1690 988 3
1723 952 1762 980 et

354 1018 395 1055 in
416 1016 495 1070 ipsa
513 1015 794 1054 constructione
813 1014 1035 1057 verborum,
1056 1021 1100 1050 ut
1120 1012 1223 1065 paria
1247 1011 1417 1064 paribus,
1439 1018 1476 1048 et
1496 1009 1635 1047 fimilia
1652 1009 1761 1047 fimi-

354 1084 457 1122 libus
476 1083 570 1135 saepe
590 1080 818 1125 referantur;
841 1089 885 1118 ut
900 1080 1099 1124 contraria,
1121 1088 1165 1116 ut
1184 1079 1392 1131 geminata,
1410 1085 1454 1115 ut
1473 1075 1764 1128 circumscripta

356 1149 569 1193 numerose,
601 1161 680 1185 non
713 1147 759 1185 ad
793 1146 1089 1184 fimilitudinem
1119 1145 1315 1189 versuum,
1350 1143 1413 1181 sed
1445 1143 1492 1181 ad
1526 1141 1763 1195 explendum

357 1216 510 1254 aurium
530 1212 694 1258 sensum,
731 1222 820 1266 apto
839 1212 940 1264 quasi
962 1211 1132 1264 quodam
1152 1210 1359 1248 verborum
1377 1208 1511 1247 modo.
1555 1206 1762 1246 Adhiben-

357 1283 481 1334 daque
499 1280 739 1333 frequentius
760 1280 878 1318 etiam
897 1279 964 1317 illa
983 1286 1208 1316 ornamenta
1223 1290 1352 1315 rerum
1371 1276 1473 1320 sunt,
1495 1275 1569 1313 five
1589 1288 1674 1326 quae
1694 1274 1763 1312 ad-

358 1348 564 1393 mirabilia,
599 1356 637 1385 et
675 1346 937 1399 nec-opinata,
981 1345 1054 1383 sive
1091 1343 1301 1397 fignificata
1333 1341 1527 1386 monstris,
1562 1340 1763 1393 prodigiis,

358 1424 399 1454 et
417 1414 605 1458 oraculi83
628 1413 701 1451 five
722 1427 805 1466 quae
826 1412 1060 1450 videbuntur
1086 1411 1134 1455 ei,
1157 1411 1203 1448 de
1224 1423 1302 1463 quo
1322 1409 1488 1462 agimus,
1509 1406 1682 1445 accidiffe
1701 1406 1764 1444 di-

359 1483 462 1527 vina,
494 1491 607 1534 atque
627 1479 769 1518 fatalia.
819 1479 962 1517 Omnis
997 1479 1103 1516 enirn
1123 1477 1336 1530 expestatio
1356 1477 1451 1528 ejus,
1484 1474 1552 1527 qui
1572 1473 1692 1517 audit,
1727 1482 1768 1510 et

358 1548 576 1592 admiratio,
609 1556 648 1584 et
681 1545 877 1599 improvifi
897 1545 1036 1589 exitus,
1057 1543 1201 1582 habent
1231 1543 1401 1594 aliquam
1427 1541 1468 1578 in
1488 1538 1677 1578 audiendo
1695 1552 1766 1578 vo-

361 1615 565 1667 luptatem.

402 1681 536 1719 XXII.
556 1679 628 1718 Sed
644 1678 829 1731 quoniam
847 1678 886 1715 in
902 1677 1025 1715 tribus
1043 1675 1247 1729 generibus
1265 1674 1378 1718 bona,
1394 1672 1541 1711 malave
1557 1671 1766 1716 versantur,

361 1746 542 1789 externis,
564 1744 748 1797 corporiS,
770 1753 809 1780 et
827 1743 947 1780 animi
961 1761 972 1786 5
995 1743 1121 1794 prima
1133 1741 1220 1778 sunt
1240 1750 1408 1783 externa,
1427 1752 1513 1791 quae
1531 1737 1728 1775 ducuntur
1747 1749 1768 1774 a

363 1823 524 1864 genere3
547 1822 626 1862 quo
646 1809 810 1846 breviter
826 1807 1056 1859 modiceque
1072 1806 1238 1850 laudato,
1259 1815 1337 1850 aut,
1360 1804 1472 1842 fierit
1492 1802 1650 1846 infame,
1668 1816 1766 1854 prae-

364 1875 557 1915 termiffo:
590 1875 616 1913 fi
637 1873 801 1918 humile,
833 1873 892 1911 vel
913 1873 1118 1926 praeterit0‚
1150 1872 1210 1909 vel
1230 1872 1277 1909 ad
1296 1870 1511 1923 augendam
1531 1870 1626 1921 ejus,
1649 1881 1768 1920 quem

363 1943 506 1987 laudas,
543 1942 721 1995 gloriam,
768 1941 894 1985 ta&o3
938 1940 1131 1991 deinceps,
1165 1938 1191 1976 fi
1228 1951 1284 1975 res
1319 1937 1496 1990 patiatur,
1525 1935 1572 1972 de
1601 1933 1768 1972 fortunis

363 2010 449 2054 erit,
471 2018 509 2046 et
529 2007 777 2046 facultatibus
798 2006 1021 2044 dicendum.
1055 2004 1187 2043 Postea
1205 2003 1251 2040 de
1272 2002 1440 2054 corporis
1457 2001 1592 2044 bonis;
1616 2000 1655 2037 in
1676 1999 1767 2051 qui-

366 2076 436 2113 bus
457 2075 632 2128 quidem,
668 2087 751 2126 quae
770 2073 954 2110 virtutem
987 2071 1156 2109 maxime
1191 2067 1390 2122 significat,
1427 2065 1613 2104 facillime
1643 2064 1769 2102 forma

366 2141 553 2180 laudatur.
614 2139 765 2179 Deinde
800 2138 852 2176 est
887 2138 933 2176 ad
966 2137 1063 2175 faeta
1097 2135 1343 2179 veniendum,
1377 2145 1543 2186 quorum
1565 2131 1769 2170 collocatio

366 2207 505 2260 triplex
538 2207 616 2245 est:
663 2215 727 2244 aut
761 2206 867 2243 enim
905 2214 1128 2257 temporum
1168 2201 1366 2240 servandus
1401 2198 1453 2237 est
1491 2197 1597 2242 ordo,
1633 2206 1697 2235 aut
1728 2197 1768 2234 in

367 2274 502 2326 primis
534 2272 834 2310 recentiffimum
869 2271 1052 2323 quodque
1083 2269 1307 2311 dicendum,
1343 2275 1408 2304 aut
1439 2264 1563 2303 multa
1603 2273 1639 2300 et
1669 2263 1768 2300 varia

368 2339 464 2377 faeta
495 2340 534 2376 in
556 2339 708 2391 propria
735 2339 923 2375 virtutum
943 2349 1080 2389 genera
1101 2335 1186 2374 sunt
1210 2332 1421 2386 dirigenda.
1482 2330 1552 2370 Sed
1573 2328 1637 2366 hic
1659 2328 1767 2365 locus

368 2407 572 2449 virtutum,
608 2413 720 2457 atque
755 2404 938 2441 vitiorum
973 2402 1147 2440 latiffime
1178 2410 1323 2453 patens,
1353 2412 1399 2437 ex
1428 2397 1560 2436 multis
1589 2403 1627 2432 et
1657 2393 1767 2430 variis

369 2470 691 2524 disputationibus
712 2483 814 2508 nunc
832 2469 872 2506 in
893 2468 1084 2521 quandam
1105 2466 1303 2520 angustam
1324 2475 1362 2503 et
1382 2465 1534 2502 brevem
1555 2458 1766 2498 conclude-

369 2546 445 2575 tur.
506 2537 572 2576 Est
591 2536 708 2590 igitur
728 2536 784 2574 vis
812 2535 964 2574 virtutis
984 2533 1153 2587 duplex:
1185 2542 1250 2571 aut
1283 2531 1389 2569 enim
1416 2526 1570 2566 scientia
1598 2524 1768 2564 cernitur

1290 2592 1369 2633 V'v
1390 2609 1411 2632 v
1444 2607 1465 2632 2
