2176 2912
400 264 472 315 148
750 265 864 303 DE
942 263 1447 303 ORATORE

395 357 516 394 nostra
534 357 625 401 vita,
647 356 853 409 nostrisque
873 357 1190 409 occupationibus
1208 371 1217 394 ι
1250 356 1386 394 deinde
1405 354 1502 399 illud
1518 354 1633 392 etiam
1654 368 1788 392 veren-

394 423 489 459 dum
509 423 574 468 est,
610 437 656 461 ne
677 423 935 461 abstrahamur
965 423 1011 460 ab
1042 422 1113 460 hac
1139 422 1422 465 exercitatione,
1452 430 1489 459 et
1516 421 1788 459 consuetudine

393 488 545 525 dicendi
566 489 754 541 populari,
782 499 819 526 et
838 489 989 526 forenfi.
1049 488 1169 526 Aliud
1201 489 1305 525 enim
1327 486 1426 525 mihi
1454 487 1647 539 quoddam
1667 499 1786 539 genus

393 555 571 591 orationis
593 555 662 592 effe
684 556 831 593 videtur
850 569 981 592 eorum
998 553 1221 598 hominum,
1241 553 1286 591 de
1299 554 1440 605 quibus
1460 553 1573 606 paulo
1592 562 1677 590 ante
1698 553 1785 590 dix-

393 619 466 662 isti,
501 621 674 671 quamvis
696 621 752 657 illi
774 630 902 657 ornate
922 629 959 657 et
979 620 1141 671 graviter
1162 628 1225 656 aut
1246 619 1291 656 de
1312 628 1443 655 natura
1471 632 1613 662 rerum,
1649 627 1713 656 aut
1740 617 1787 654 de

391 682 570 721 humanis
593 685 718 728 rebus,
750 685 968 735 loquantur.
1016 684 1055 720 N
1060 684 1201 720 itidum
1222 683 1417 733 quoddam
1437 695 1556 733 genus
1577 682 1628 719 est
1648 682 1784 719 verbo-

391 762 493 793 rum,
515 759 552 787 et
572 750 704 787 laetum
721 768 732 793 ;
766 750 826 786 sed
854 749 1028 800 palaestrae
1049 748 1170 799 magis
1190 756 1228 784 et
1258 747 1345 791 olei,
1378 760 1495 798 quam
1522 746 1638 798 hujus
1661 747 1784 784 civilis

391 815 525 858 turbae,
543 828 583 852 ac
600 814 686 852 fori.
720 815 902 865 Namque
920 822 1086 864 egomet,
1105 812 1172 864 qui
1189 812 1267 850 sero
1283 825 1325 850 ac
1341 812 1474 850 leviter
1489 812 1641 849 Graecas
1658 811 1784 850 literas

390 881 607 932 attigissem,
625 890 752 918 tamen
773 894 865 918 cum
879 879 1084 917 Proconsul
1101 879 1140 916 in
1159 879 1340 916 Ciliciam
1354 877 1595 931 proficiscens
1612 876 1784 916 Athenas

390 946 583 990 venissem,
615 945 832 997 complures
865 954 952 981 tum
982 944 1038 981 ibi
1067 944 1145 981 dies
1167 943 1251 981 sum
1282 951 1435 995 propter
1459 943 1659 994 navigandi
1678 942 1784 980 diffi-

388 1011 572 1049 cultatem
593 1020 852 1049 commoratus
871 1025 880 1047 :
912 1010 987 1053 sed,
1020 1023 1111 1048 cum
1132 1009 1305 1061 quotidie
1331 1022 1490 1046 mecum
1509 1007 1688 1046 haberem
1708 1006 1783 1045 ho-

388 1078 511 1115 mines
543 1077 789 1121 doffiffimos,
820 1090 882 1114 eos
913 1075 990 1113 fere
1021 1075 1134 1128 ipsos,
1166 1075 1234 1127 qui
1253 1076 1318 1114 abs
1347 1084 1383 1112 te
1402 1073 1519 1112 modo
1545 1073 1631 1111 sunt
1651 1074 1782 1112 nomi-

387 1145 481 1188 nati,
512 1157 681 1194 cumque
712 1142 802 1186 hoc,
833 1142 956 1179 neseio
977 1142 1189 1193 quomodo,
1220 1141 1319 1193 apud
1350 1153 1413 1178 eos
1434 1139 1687 1183 increbuisset,
1719 1152 1783 1176 me

386 1210 427 1247 in
448 1210 564 1247 caufis
585 1209 810 1261 majoribus,
841 1208 951 1245 sicuti
972 1217 1022 1252 te,
1057 1207 1172 1245 solere
1192 1207 1325 1244 versari
1339 1225 1350 1250 ;
1383 1219 1450 1257 pro
1477 1205 1511 1242 se
1532 1204 1705 1256 quisque,
1739 1213 1782 1242 ut

386 1285 546 1326 poterat,
578 1275 623 1312 de
657 1275 786 1312 officio
818 1283 855 1311 et
876 1274 1020 1310 ratione
1051 1273 1206 1310 oratoris
1233 1271 1462 1324 disputabat.
1522 1271 1679 1308 Horum
1700 1269 1779 1314 alii,

385 1341 479 1378 sicut
509 1341 575 1378 iste
609 1340 686 1392 ipse
717 1337 984 1383 Mnesarchus,
1015 1337 1102 1382 hos,
1132 1351 1227 1390 quos
1260 1351 1327 1375 nos
1358 1345 1522 1374 oratores
1542 1349 1778 1380 vocaremus,

384 1406 483 1444 nihil
514 1406 584 1444 esse
616 1406 779 1449 dicebat,
811 1405 879 1442 nisi
901 1404 1084 1456 quosdam
1104 1404 1291 1456 operarios
1312 1403 1446 1455 lingua
1464 1401 1577 1439 celeri
1603 1411 1640 1439 et
1669 1415 1778 1439 exer-

382 1473 520 1517 citata,-
553 1482 741 1510 oratorem
760 1481 902 1515 autem,
925 1471 993 1508 nisi
1010 1471 1078 1522 qui
1097 1470 1239 1522 sapiens
1259 1470 1360 1514 esset,
1375 1468 1444 1507 effe
1463 1469 1661 1506 neminem
1674 1486 1686 1512 ς
1718 1476 1777 1505 at-

382 1552 457 1589 que
486 1538 605 1589 ipsam
636 1524 911 1588 eloquentiam,
943 1535 1047 1587 quod
1065 1549 1111 1573 ex
1142 1535 1238 1573 bene
1270 1535 1424 1573 dicendi
1453 1533 1607 1571 scientia
1626 1533 1776 1571 consta-

383 1613 451 1647 ret,
474 1617 589 1640 unam
609 1602 802 1653 quandam
823 1601 892 1638 esse
913 1601 1121 1644 virtutem;
1153 1609 1207 1644 et,
1227 1601 1293 1652 qui
1315 1614 1431 1638 unam
1453 1599 1635 1637 virtutem
1655 1597 1775 1636 habe-

382 1677 450 1712 ret,
468 1681 601 1705 omnes
619 1666 770 1709 habere,
788 1666 922 1717 easque
943 1665 1036 1717 ipsas
1059 1665 1129 1702 effe
1150 1665 1247 1703 inter
1266 1665 1301 1702 se
1321 1664 1481 1717 aequales
1502 1673 1539 1700 et
1560 1677 1679 1716 pares.
1702 1665 1773 1708 Ita,

381 1734 447 1784 qui
478 1733 566 1771 effet
599 1732 796 1783 eloquens,
827 1744 915 1768 eum
947 1732 1105 1767 virtutes
1136 1744 1270 1768 omnes
1291 1729 1442 1774 habere,
1474 1739 1587 1781 atque
1617 1729 1687 1767 effe
1717 1729 1774 1766 sa-

380 1800 564 1851 pientem.
624 1798 694 1836 Sed
714 1796 795 1835 ha¹c
815 1806 892 1833 erat
921 1796 1066 1848 spinosa
1085 1797 1259 1847 quaedam
1280 1806 1318 1834 et
1341 1796 1450 1834 exilis
1471 1796 1605 1840 oratio,
1638 1796 1773 1847 longe-

379 1879 454 1916 que
474 1879 493 1901 a
513 1864 646 1902 nostris
668 1864 830 1901 sensibus
851 1861 1090 1900 abhorrebat.
1124 1861 1355 1900 Charmadas
1374 1875 1461 1898 vero
1478 1862 1604 1899 multo
1621 1862 1773 1900 uberius

378 1931 511 1968 iisdem
534 1931 578 1967 de
600 1931 710 1967 rebus
733 1930 958 1981 loquebatur
974 1947 984 1971 3
1017 1942 1093 1966 non
1126 1942 1204 1980 quo
1224 1930 1385 1981 aperiret
1405 1928 1631 1965 sententiam
1651 1927 1770 1972 suam,

380 1995 462 2045 (hic
482 1986 586 2033 enim
608 2010 690 2032 mos
712 2005 788 2032 erat
809 1995 950 2047 patrius
971 1993 1204 2038 Academiae‚
1223 1994 1403 2031 adversari
1423 1993 1569 2044 semper
1589 1992 1771 2030 omnibus

376 2063 414 2100 in
437 2062 679 2114 disputando)
704 2062 763 2098 sed
786 2071 870 2098 turn
892 2060 1061 2098 maxime
1081 2070 1209 2097 tamen
1229 2058 1304 2096 hoc
1325 2058 1572 2111 significabat,
1603 2071 1680 2102 eos,
1703 2057 1771 2110 qui

376 2126 564 2166 Rhetores
587 2128 889 2171 nominarentur,
920 2135 957 2163 et
977 2126 1044 2177 qui
1065 2125 1217 2162 dicendi
1237 2133 1423 2176 praecepta
1443 2123 1645 2167 traderent,
1670 2122 1769 2161 nihil

374 2194 484 2244 plane
506 2202 645 2236 tencre,
675 2206 796 2243 neque
818 2191 917 2243 poffe
938 2203 1175 2242 quemquam
1196 2189 1420 2226 facultatem
1440 2187 1579 2240 affequi
1599 2188 1767 2233 dicendi,

375 2259 441 2295 nisi
465 2259 530 2309 qui
556 2257 878 2309 Philosophorum
900 2257 1052 2293 inventa
1073 2255 1273 2293 didiciffet.

428 2324 539 2361 XIX.
575 2323 828 2374 Disputabant
849 2330 980 2359 contra
999 2320 1125 2358 diserti
1147 2319 1338 2364 homines,
1371 2319 1638 2364 Athenienses,
1669 2328 1706 2356 et
1726 2319 1766 2357 in

373 2389 568 2440 republica
598 2386 787 2438 caulisque
819 2387 963 2431 versati,
997 2387 1036 2423 in
1069 2386 1208 2437 quibus
1239 2395 1316 2423 erat
1335 2386 1452 2423 etiam
1469 2386 1514 2429 is,
1547 2386 1615 2436 qui
1646 2397 1767 2438 nuper

372 2455 507 2491 Romae
539 2453 627 2497 fuit,
671 2453 940 2495 Menedemus,
971 2451 1106 2503 hospes
1142 2464 1273 2495 meus;
1305 2451 1372 2503 qui
1400 2464 1490 2488 cum
1523 2450 1664 2488 diceret
1695 2450 1766 2487 effe

371 2520 561 2571 quandam
583 2519 839 2571 prudentiam,
872 2532 955 2569 quse
976 2517 1178 2555 versaretur
1198 2518 1237 2555 in
1264 2517 1531 2569 perspiciendis
1553 2516 1764 2555 rationibus

369 2585 732 2627 constituendarum,
756 2594 792 2622 et
814 2584 1062 2636 regendarum
1094 2597 1220 2622 rerum
1246 2583 1503 2636 publicarum,
1525 2582 1761 2621 excitabatur
