2176 2912
398 218 474 244 200
751 205 864 243 DE
942 204 1447 243 ORATORE

397 298 546 336 dulcior
565 297 727 335 inveniri
747 297 896 350 potest?
937 298 1041 349 quod
1068 310 1222 335 carmen
1242 296 1441 335 artificiosa
1471 296 1675 335 verborum
1695 310 1790 336 con-

398 364 565 401 clusione
578 364 701 416 aptius
716 364 727 400 ?
746 364 813 415 qui
829 365 931 401 actor
946 364 985 401 in
1002 364 1199 408 imitanda,
1216 377 1333 415 quam
1350 373 1474 402 orator
1486 363 1525 400 in
1541 362 1789 416 suscipienda,

396 429 552 466 veritate
565 429 774 480 jucundior
793 429 804 466 ?
838 428 945 480 Qid
966 438 1091 466 autem
1114 428 1304 473 subtilius,
1338 442 1455 480 quam
1475 438 1608 473 acutae,
1630 429 1790 466 crebrae-

397 508 471 546 que
492 494 712 531 sententiae?
744 494 838 546 quid
858 494 1134 539 admirabilius,
1171 507 1289 546 quam
1316 507 1371 531 res
1393 493 1588 546 splendore
1609 493 1791 531 illustrata

396 559 629 597 verborum?
662 559 755 610 quid
789 560 952 612 plenius,
986 573 1103 610 quarn
1134 560 1241 597 omni
1272 573 1401 597 rerum
1432 572 1568 612 genere
1595 559 1791 597 cumulata

395 627 515 663 oratio
531 626 542 661 ?
566 626 706 676 Neque
722 626 827 662 enim
848 625 926 661 ulla
943 638 1019 662 non
1036 625 1187 676 propria
1201 626 1358 662 oratoris
1375 624 1427 662 est
1442 637 1512 669 res,
1528 638 1612 676 quae
1632 625 1789 677 quidem

394 700 524 729 ornate
544 691 621 728 dici
640 691 879 742 graviterque
899 690 1045 727 debeat.

451 758 522 794 IX.
546 756 677 807 Hujus
693 755 745 792 est
765 756 803 792 in
825 755 949 792 dando
968 754 1126 792 consilio
1146 754 1192 792 de
1212 754 1393 792 maximis
1415 754 1527 792 rebus
1548 769 1641 793 cum
1661 755 1790 808 digni-

395 831 470 860 tate
502 821 688 874 explicata
717 821 900 859 sententia
915 839 926 865 ;
958 820 1127 872 ejusdem
1153 830 1191 858 et
1211 821 1425 873 languentis
1446 821 1580 874 populi
1600 822 1789 866 incitatio,

394 898 431 924 et
464 887 635 925 effrenati
666 887 890 925 moderatio.
937 887 1084 924 Eadem
1115 885 1294 925 facultate
1325 895 1363 924 et
1393 886 1495 924 fraus
1516 885 1724 924 hominum
1745 886 1791 925 ad

395 954 622 1006 perniciem,
659 962 696 990 et
717 953 912 1005 integritas
939 952 986 989 ad
1006 952 1179 997 salutem,
1202 962 1369 991 vocatur.
1415 953 1513 1005 Qis
1535 951 1724 990 cohortari
1744 953 1790 991 ad

394 1021 577 1058 virtutem
598 1020 803 1064 ardentius,
835 1020 920 1072 quis
942 1033 962 1056 a
992 1020 1093 1057 vitiis
1113 1019 1236 1057 acrius
1257 1033 1440 1064 revocare,
1473 1019 1558 1071 quis
1579 1020 1791 1072 vituperare

394 1086 592 1137 improbos
613 1085 790 1137 asperiuS,
808 1085 893 1136 quis
915 1084 1065 1122 laudare
1086 1084 1205 1122 bonos
1226 1085 1409 1129 ornatius,
1432 1085 1517 1136 quis
1538 1085 1791 1136 cupiditatem

393 1150 659 1189 vehementius
694 1150 868 1203 frangere
902 1151 1111 1189 accusando
1136 1150 1288 1204 potest?
1319 1151 1406 1204 quis
1442 1163 1649 1189 moerorem
1669 1149 1791 1188 levare

393 1219 526 1256 mitius
547 1217 774 1256 consolando
790 1218 803 1255 ?

445 1285 616 1323 Historia
635 1298 737 1330 vero,
771 1284 871 1322 testis
906 1292 1142 1337 temporum,
1170 1283 1238 1323 lux
1272 1283 1455 1328 veritatis,
1486 1285 1563 1321 vita
1582 1284 1792 1329 memoriae,

392 1350 569 1402 magistra
589 1351 688 1395 vitae‚
720 1351 855 1388 nuntia
874 1350 1082 1395 vetustatis,
1113 1364 1189 1402 qua
1211 1364 1303 1389 voce
1321 1350 1406 1395 alia,
1428 1349 1496 1388 nifi
1516 1350 1687 1394 oratoris,
1710 1350 1789 1388 im-

392 1416 614 1454 mortalitati
641 1417 965 1454 commendatur?
998 1417 1104 1454 Nam
1136 1416 1161 1454 fi
1189 1430 1264 1468 qua
1292 1415 1344 1454 est
1363 1429 1418 1454 ars
1439 1415 1522 1460 alia,
1545 1429 1630 1467 quae
1649 1416 1788 1453 verbo-

391 1496 478 1520 rum
519 1492 583 1519 aut
618 1482 896 1527 faciendorum,
937 1491 1001 1519 aut
1033 1482 1325 1535 deligendorum
1360 1482 1572 1526 scientiam,
1607 1481 1788 1534 profitea-

390 1556 479 1591 tur;
520 1557 584 1584 aut
614 1547 639 1584 fi
675 1547 877 1598 quisquam
912 1547 1067 1590 dicitur,
1100 1547 1166 1584 nisi
1197 1556 1334 1591 orator,
1367 1546 1530 1584 formare
1560 1547 1787 1591 orationem,

393 1625 552 1665 eamque
586 1612 739 1656 variare,
770 1621 806 1649 et
841 1611 1069 1663 distinguere
1096 1612 1196 1663 quafi
1229 1612 1459 1663 quibusdam
1479 1612 1682 1650 verborum
1702 1612 1787 1650 sen-

391 1679 674 1729 tentiarumque
695 1678 931 1730 insignibus;
963 1686 1027 1714 aut
1048 1677 1073 1714 fi
1106 1678 1165 1714 via
1185 1678 1275 1722 ulla,
1308 1678 1375 1715 nifi
1407 1678 1454 1715 ab
1484 1676 1555 1716 hac
1593 1691 1667 1716 una
1695 1689 1787 1723 arte,

391 1745 567 1790 traditur,
599 1753 663 1781 aut
684 1753 1014 1796 argumentorum,
1046 1752 1110 1781 aut
1131 1744 1417 1788 sententiarum,
1449 1753 1513 1781 aut
1534 1744 1699 1796 denique
1719 1745 1787 1782 de-

389 1811 604 1863 scriptionis
625 1819 738 1861 atque
759 1809 901 1846 ordinis
919 1828 929 1854 ς
963 1808 1149 1846 fateamur
1168 1819 1232 1847 aut
1253 1809 1341 1854 hoc,
1379 1810 1483 1862 quod
1503 1808 1584 1847 haec
1609 1823 1664 1847 ars
1696 1823 1786 1862 pro-

390 1876 555 1921 fiteatur,
597 1876 765 1913 alienum
800 1875 882 1921 effe,
915 1884 979 1913 aut
1010 1875 1043 1914 ei
1078 1889 1171 1914 cum
1206 1875 1333 1930 aliqua
1366 1877 1437 1913 alia
1466 1885 1543 1913 arte
1574 1875 1643 1913 effe
1674 1889 1786 1914 com-

392 1956 521 1982 mune.
592 1932 595 1934 .

444 2010 527 2054 Sed,
551 2010 575 2048 fi
598 2011 636 2048 in
657 2009 728 2048 hac
749 2011 825 2048 una
844 2011 896 2048 est
928 2024 970 2047 ea
991 2011 1085 2048 ratio
1106 2020 1219 2062 atque
1240 2010 1423 2054 doffiina,
1446 2023 1536 2053 non,
1559 2009 1584 2046 fi
1605 2009 1672 2061 qui
1693 2009 1784 2046 alia—

390 2089 476 2113 rum
497 2078 637 2115 artium
659 2078 755 2114 bene
785 2077 905 2114 locuti
928 2076 1027 2120 sunt,
1058 2090 1103 2113 eo
1135 2077 1264 2114 minus
1284 2076 1323 2113 id
1343 2076 1393 2113 est
1414 2075 1528 2127 hujus
1551 2076 1663 2112 unius
1694 2089 1783 2127 pro-

389 2142 532 2194 prium.
566 2142 649 2186 Sed,
669 2152 710 2179 ut
731 2151 855 2180 orator
871 2142 916 2179 de
936 2143 980 2178 iis
998 2142 1122 2185 rebus,
1138 2156 1222 2193 quae
1238 2151 1458 2178 caeterarum
1476 2141 1615 2178 artium
1638 2141 1736 2185 sunt,
1759 2142 1784 2179 sl

388 2207 506 2244 modo
538 2220 596 2244 eas
618 2208 808 2259 cognorit,
847 2208 907 2258 (ut
928 2206 1008 2244 heri
1030 2207 1178 2244 Crassus
1199 2207 1367 2258 dicebat)
1407 2206 1556 2259 optime
1576 2207 1695 2259 potest
1723 2207 1783 2243 di-

388 2284 498 2315 cere3
532 2271 579 2309 fic
600 2282 822 2309 caeterarum
842 2272 980 2308 artium
1004 2270 1180 2309 homines
1201 2272 1370 2309 ornatius
1402 2271 1466 2308 illa
1486 2271 1548 2309 sua
1578 2272 1725 2317 dicunt,
1759 2272 1784 2310 fi

388 2338 482 2387 quid
499 2337 545 2374 ab
563 2336 632 2375 hac
651 2347 726 2374 arte
740 2337 970 2375 didicerunt.
1004 2338 1143 2389 Neque
1160 2338 1265 2375 enim
1282 2337 1307 2375 s1
1325 2337 1371 2375 de
1390 2337 1535 2375 rusticis
1553 2337 1664 2375 rebus
1683 2337 1783 2390 agri-

386 2404 470 2440 cola
502 2403 706 2455 quispiam,
738 2412 801 2440 aut
832 2403 962 2447 etiam,
993 2404 1033 2441 id
1055 2404 1158 2455 quod
1180 2404 1309 2448 multi,
1342 2403 1515 2441 medicus
1546 2403 1591 2441 de
1623 2403 1784 2448 morbis,

386 2478 451 2506 aut
471 2469 517 2506 de
545 2469 738 2521 pingendo
760 2469 881 2522 pic‘tor
901 2469 1038 2521 aliquis
1070 2469 1202 2508 diserte
1222 2470 1374 2514 dixerit,
1405 2479 1469 2507 aut
1489 2469 1689 2522 scripserit,
1723 2469 1784 2507 id-

385 2535 488 2572 circo
509 2534 612 2572 illius
634 2536 722 2574 artis¹
743 2535 911 2587 putanda
926 2535 969 2573 fit
985 2535 1226 2588 eloquentia:
1250 2536 1289 2574 in
1306 2548 1381 2588 qua
1395 2536 1485 2589 quia
1503 2535 1559 2574 vis
1580 2548 1718 2589 magna
1732 2534 1784 2573 est
