2176 2912
564 158 884 198 LIBER
958 155 1442 196 TERTIUS.
1634 170 1710 212 335

307 252 514 291 admiratus
546 251 718 290 hominis
749 264 840 290 cum
869 249 1124 302 diligentiam,
1163 257 1249 287 tum
1282 250 1398 287 etiam
1431 250 1643 288 doftrinam
1674 260 1711 287 et

308 320 520 357 scientiam.
553 318 639 369 Ego
659 330 761 361 vero,
784 317 911 368 inquit
933 315 1097 360 Crassus,
1119 329 1160 352 ac
1182 315 1293 353 doleo
1314 316 1486 367 quidem,
1504 316 1590 354 illos
1611 317 1710 354 viros

306 385 348 422 in
379 398 463 421 eam
483 383 659 420 fraudem
690 383 731 420 in
755 382 952 434 republica
982 381 1052 419 effe
1086 380 1282 433 delapsos:
1316 395 1538 432 quanquam
1566 395 1608 418 ea
1639 382 1713 419 tela

305 449 463 493 texitur,
501 458 538 486 et
568 462 610 486 ea
630 449 813 486 incitatur
844 449 884 486 in
917 448 1072 485 civitate
1108 448 1203 485 ratio
1230 447 1397 492 vivendi,
1428 460 1470 484 ac
1501 447 1709 500 posteritati

306 514 530 560 ostenditur,
562 524 605 553 ut
631 528 765 553 eorum
800 515 964 559 civium,
999 527 1094 566 quos
1116 513 1233 551 nostri
1266 522 1387 565 patres
1416 526 1492 551 non
1525 513 1711 557 tulerunt,

298 580 383 632 jam
405 580 545 620 similes
565 579 704 618 habere
724 581 941 633 cupiamus.
975 580 1109 624 Mitte,
1132 579 1299 623 obsecro,
1322 579 1464 632 inquit,
1485 578 1621 621 Crasse,
1638 579 1711 628 Ju-

304 646 394 691 lius,
416 647 629 685 sermonem
650 647 780 692 istum,
808 656 847 685 et
867 656 903 684 te
923 647 968 684 ad
991 645 1160 684 Gracchi
1182 645 1347 684 fistulam
1369 644 1478 689 refer,
1499 646 1608 697 cujus
1638 658 1711 697 ego

303 712 480 751 nondum
500 713 613 766 plane
633 713 820 751 rationem
842 713 1031 766 intelligo.

361 779 470 817 LXI.
504 780 549 817 In
570 780 679 817 omni
700 793 807 824 voce,
830 779 959 832 inquit
980 779 1143 823 Craffus,
1166 778 1217 816 est
1235 778 1420 831 quiddam
1441 777 1631 822 medium,
1647 776 1712 815 sed.

303 843 416 882 suum
437 845 576 897 cuique
596 845 695 883 voci.
727 845 837 883 Hinc
857 844 1044 896 gradatim
1064 844 1260 881 ascendere
1281 857 1416 882 vocem
1433 844 1527 881 utile
1547 854 1584 880 et
1602 843 1711 880 suave

302 910 368 948 est.
402 910 507 948 Nam
528 923 548 947 a
567 910 759 963 principio
780 909 957 954 clamare,
979 910 1119 962 agreste
1141 909 1326 961 quiddam
1347 909 1411 953 est,
1430 918 1466 946 et
1487 909 1584 946 illud
1606 910 1710 947 idem

302 976 350 1014 ad
369 975 598 1014 firmandam
628 975 681 1014 est
712 989 847 1014 vocem
868 975 1037 1014 salutare.
1080 975 1232 1013 Deinde
1264 975 1316 1012 est
1337 975 1522 1026 quiddam
1543 984 1707 1012 conten·

302 1042 420 1080 tlonis
441 1052 675 1087 extremum,
693 1042 798 1094 quod
821 1052 949 1080 tarmen
970 1041 1128 1080 inferius
1146 1041 1211 1086 est,
1230 1055 1347 1093 quam
1368 1041 1604 1079 acutissimus
1626 1041 1706 1078 cla·

302 1122 402 1152 mor,
425 1121 503 1160 quo
524 1117 560 1145 te
580 1107 703 1145 fistula
722 1108 899 1160 progredi
920 1121 997 1145 non
1018 1108 1135 1152 sinet,
1168 1117 1204 1145 et
1231 1117 1358 1145 tamen
1379 1108 1425 1145 ab
1447 1107 1524 1159 ipsa
1543 1117 1706 1145 conten-

302 1174 408 1211 tione
430 1173 633 1211 revocabit.
677 1173 744 1210 Est
764 1174 859 1211 item
881 1171 1013 1211 contra
1032 1174 1216 1225 quiddam
1239 1174 1277 1210 in
1300 1173 1512 1211 remiffione
1537 1173 1707 1225 graviffi-

303 1253 431 1284 mum,
465 1253 621 1291 quoque
653 1248 835 1291 tanquam
867 1239 1046 1278 sonorum
1080 1240 1260 1292 gradibus
1293 1239 1546 1276 descenditur.
1608 1239 1707 1277 Haec

302 1307 472 1351 varietas,
503 1316 541 1344 et
560 1305 626 1344 hic
647 1319 714 1358 per
733 1319 865 1344 omnes
898 1306 1007 1344 sonos
1030 1306 1133 1343 vocis
1165 1305 1294 1343 cursus
1327 1305 1419 1342 etse
1452 1305 1636 1348 tuebitur,
1668 1314 1707 1343 et

301 1372 443 1412 actioni
470 1371 602 1411 afferet
632 1371 870 1410 suavitatem.
922 1373 995 1410 Sed
1029 1371 1276 1409 fistulatorem
1309 1371 1415 1409 domi
1448 1371 1674 1422 relinquetis
1691 1389 1705 1416 ς

302 1438 452 1478 sensum
474 1438 591 1490 hujus
612 1438 899 1477 consuetudinis
919 1438 1121 1476 vobiscum
1143 1438 1188 1475 ad
1208 1437 1339 1475 forum
1360 1436 1551 1475 deferetis.

357 1506 475 1544 Edidi
506 1520 592 1558 quae
613 1506 737 1558 potui,
771 1519 846 1543 non
870 1514 911 1542 ut
931 1505 1053 1549 volui,
1084 1504 1145 1542 sed
1167 1514 1209 1542 ut
1230 1518 1292 1542 me
1318 1505 1504 1556 temporis
1526 1504 1706 1556 angustiae

299 1581 522 1625 coegerunt.
574 1572 724 1611 Scitum
755 1572 808 1609 est
837 1572 957 1616 enim,
988 1570 1139 1610 causam
1162 1569 1396 1609 conferrem
1412 1579 1580 1623 tempus,
1612 1583 1706 1611 cum

301 1637 433 1676 afferre
453 1638 575 1691 plura,
597 1638 623 1676 fi
643 1638 789 1691 cupias,
811 1651 888 1675 non
911 1651 1039 1689 queas.

355 1706 424 1742 Tu
445 1718 545 1749 vero,
568 1705 697 1756 inquit
718 1704 896 1749 Catulus,
919 1703 1106 1756 collegisti
1127 1704 1272 1748 omnia,
1303 1713 1492 1756 quantum
1524 1716 1595 1755 ego
1615 1701 1705 1755 pos-

302 1771 387 1809 sum
403 1770 589 1822 judicare,
626 1771 677 1807 ita
706 1770 905 1814 divinitus,
938 1778 981 1807 ut
1008 1783 1086 1807 non
1117 1783 1138 1806 a
1168 1770 1314 1808 Graecis
1335 1768 1520 1813 didiciffe,
1554 1768 1704 1807 sedeos

301 1836 400 1889 ipsos
419 1835 500 1874 haec
522 1835 655 1873 docere
673 1835 773 1888 poffe
794 1835 955 1874 videare.
989 1835 1059 1872 Me
1079 1835 1239 1887 quidem
1260 1835 1366 1873 istius
1384 1835 1567 1874 sermonis
1583 1836 1703 1888 parti-

298 1902 429 1955 cipem
459 1901 605 1939 factum
635 1900 705 1938 effe
739 1900 909 1953 gaudem
943 1914 983 1938 ac
1015 1900 1169 1946 vellem,
1202 1910 1245 1940 ut
1271 1914 1380 1938 meus
1407 1914 1537 1953 gener,
1569 1900 1704 1939 sodalis

300 1976 405 2013 tuus,
439 1966 668 2006 Hortensius
699 1965 889 2011 affuiss‘et5
922 1980 1040 2018 quem
1073 1966 1233 2018 quidem
1253 1980 1324 2019 ego
1347 1966 1502 2004 confido
1520 1967 1704 2004 omnibus

298 2034 378 2072 istis
399 2033 591 2077 laudibus,
625 2046 716 2087 quas
739 2041 781 2070 tu
802 2033 970 2070 oratione
990 2033 1217 2085 complexus
1240 2046 1292 2077 cs,
1325 2032 1581 2070 excellentem
1603 2031 1701 2071 fore.

291 2099 353 2138 ⁴Et
374 2099 536 2144 Craffus,
560 2100 657 2137 Fore
677 2098 772 2136 dicis
791 2099 804 2135 ?
827 2099 980 2151 inquit:
1004 2112 1076 2151 ego
1095 2111 1184 2137 vero
1200 2098 1537 2150 Effejamjudico,
1559 2107 1596 2135 et
1616 2107 1701 2136 tum

292 2164 480 2218 judicavi,
511 2178 616 2210 cum,
648 2178 711 2204 me
739 2164 920 2209 Consule,
952 2164 991 2202 in
1014 2165 1142 2203 senatu
1162 2163 1312 2202 causam
1332 2163 1504 2202 defendit
1527 2163 1670 2204 Africae
1687 2182 1700 2210 5

299 2243 500 2285 nuperque
519 2232 634 2268 etiam
656 2231 792 2284 magis,
814 2245 907 2269 cum
937 2245 1006 2283 pro
1027 2229 1218 2282 Bithyniae
1240 2243 1326 2283 rege
1347 2231 1460 2269 dixit.
1492 2230 1700 2282 Qamob-

300 2310 383 2336 rem
405 2298 502 2334 redte
523 2297 639 2342 vides,
663 2297 800 2335 Catule
818 2312 827 2335 ι
859 2296 959 2335 nihil
980 2297 1085 2335 enim
1106 2297 1165 2335 isti
1187 2297 1427 2342 adolescenti,
1450 2310 1575 2349 neque
1592 2310 1611 2333 a
1631 2309 1698 2333 na-

299 2372 398 2407 tura,
429 2376 551 2414 neque
571 2375 591 2399 a
611 2362 781 2400 doctrina
801 2362 918 2400 deeffe
940 2363 1072 2401 sentio.
1121 2364 1212 2414 Qo
1233 2363 1354 2414 magis
1375 2363 1427 2401 cst
1449 2362 1534 2406 tibi,
1569 2364 1696 2404 Cotta,

296 2438 338 2466 et
358 2428 443 2473 tibi,
477 2428 635 2480 Sulpici,
666 2428 905 2480 vigilandum
926 2442 968 2466 ac
989 2429 1254 2466 laborandum.
1288 2428 1382 2466 Non
1403 2428 1508 2466 enim
1528 2427 1592 2464 ille
1613 2439 1696 2464 me-

291 2495 438 2535 diocris
460 2504 583 2535 orator
604 2494 729 2534 vestrae
747 2495 849 2549 quasi
871 2495 1071 2535 succrescit
1092 2495 1190 2535 aetati
1202 2514 1215 2542 ,-
1240 2495 1353 2549 sedet
1370 2494 1524 2548 ingenio
1538 2492 1697 2547 peracri,
