2176 2912
535 188 852 231 LIBER
923 184 1476 224 SECUNDUS.
1620 199 1696 239 ²05

329 280 525 336 republica
543 278 720 324 versatus,
741 290 787 316 ex
807 288 969 315 numero
984 275 1202 327 accepimus
1223 287 1371 319 eorum,
1408 274 1475 325 qui
1495 273 1620 312 causas
1640 274 1723 313 dic-

328 349 490 387 titarunt
501 364 514 390 3
545 354 583 383 et
601 343 672 383 hos
693 343 810 382 libros
826 352 912 380 tum
929 339 1105 394 scripfiffe
1121 340 1276 385 dicitur,
1298 352 1390 377 cum
1409 352 1430 375 a
1449 339 1645 392 republica
1664 353 1723 377 re-

327 422 470 458 motus,
501 421 629 463 atque,
660 410 699 448 id
730 409 835 462 quod
852 408 1004 461 optimo
1023 407 1165 459 cuique
1185 405 1349 444 Athenis
1377 405 1545 442 accidere
1569 405 1724 443 solitum

322 478 389 523 est,
410 478 450 515 in
469 476 631 515 exilium
649 475 780 528 pulsus
800 473 902 512 effet.
935 474 1057 511 Hunc
1077 471 1302 510 consecutus
1318 470 1370 508 est
1389 470 1603 522 Syracusius
1624 470 1720 509 Phi-

324 543 444 588 listus,
467 543 549 595 qui,
563 555 656 580 cum
673 540 848 592 Dionysii
869 539 1020 591 tyranni
1031 537 1344 576 familiariffimus
1359 536 1459 581 esset,
1473 536 1600 574 otium
1613 535 1724 574 suum

324 609 559 662 consumpsit
590 610 631 646 in
662 607 816 646 historia
846 606 1054 650 scribenda,
1087 606 1332 657 maximeque
1352 602 1628 655 Thucydidem
1659 602 1723 647 est,

323 677 420 715 ficut
440 675 539 714 mihi
560 675 722 720 videtur,
744 674 930 712 imitatus.
952 673 1083 711 Postea
1096 686 1198 717 vero,
1216 671 1318 724 quasi
1339 684 1386 709 ex
1401 670 1601 708 clariffima
1614 668 1722 708 Rhe-

324 743 416 781 toris
443 742 608 786 officina,
651 741 728 779 duo
758 739 972 793 praestantes
992 740 1162 791 ingenio,
1194 736 1490 789 Theopompus,
1521 746 1559 774 et
1585 734 1723 789 Epho-

323 822 400 853 rus,
431 808 479 846 ab
499 807 658 845 Isocrate
688 805 866 857 magistro
893 804 1062 857 impulsi,
1094 804 1129 842 se
1158 804 1205 842 ad
1224 803 1421 841 historiam
1447 802 1722 847 contulerunt3

322 873 448 911 causas
467 872 628 911 omnino
647 884 849 922 nunquam
868 871 1089 922 attigerunt.

376 939 489 977 XIV.
523 938 703 989 Denique
731 937 847 974 etiam
874 950 895 973 a
913 934 1155 988 philosophia
1173 934 1364 988 profectus
1385 935 1561 987 princeps
1589 935 1722 972 Xeno-

321 1003 442 1057 phon,
476 1004 689 1042 Socraticus
722 1002 788 1040 ille
800 1021 812 1047 ς
857 1001 941 1055 post
974 1002 1020 1039 ab
1051 1001 1254 1040 Aristotele
1294 999 1557 1044 Callisthenes,
1593 1013 1722 1037 comes

321 1070 544 1114 Alexandri,
564 1069 708 1121 scripsit
726 1067 923 1106 historiam
936 1086 948 1113 3
970 1078 1008 1105 et
1020 1067 1084 1105 hic
1101 1067 1259 1120 quidem
1272 1065 1464 1104 rhetorico
1478 1079 1574 1118 pene
1590 1079 1696 1104 more
1708 1083 1723 1110 ς,

321 1136 387 1173 ille
417 1145 546 1173 autem
577 1134 743 1186 superior
777 1134 919 1172 leniore
939 1134 1107 1185 quodam
1132 1133 1223 1171 sono
1246 1133 1297 1170 est
1325 1132 1426 1177 usus,
1456 1141 1493 1169 et
1520 1132 1587 1183 qui
1607 1131 1722 1169 illum

321 1201 515 1253 impetum
535 1200 692 1237 oratoris
713 1213 790 1237 non
809 1199 970 1242 habeat;
1002 1198 1205 1237 vehemens
1225 1197 1374 1235 fortaffe
1394 1198 1539 1242 minus,
1569 1196 1631 1234 sed
1649 1195 1720 1234 ali-

321 1277 466 1319 quanto
487 1276 613 1304 tamen
626 1265 690 1310 est,
710 1275 752 1303 ut
765 1264 862 1303 mihi
875 1265 1032 1317 quidem
1047 1265 1211 1309 videtur,
1229 1265 1391 1302 dulcior.
1412 1264 1608 1301 Minimus
1629 1272 1721 1300 natu

320 1332 463 1370 horum
483 1333 662 1370 omnium
681 1332 869 1376 Timaeus,
891 1340 1081 1382 quantum
1101 1340 1228 1368 autem
1238 1329 1410 1381 judicare
1423 1328 1585 1382 poffum,
1607 1329 1723 1381 longe

319 1398 604 1442 eruditiffimus,
636 1408 672 1435 et
705 1411 831 1435 rerum
851 1398 959 1450 copia
979 1406 1016 1434 et
1036 1397 1307 1434 sententiarum
1325 1396 1500 1433 varietate
1520 1395 1719 1445 abundan-

320 1464 496 1508 tiffimus,
526 1473 563 1501 et
583 1463 661 1516 ipsa
680 1463 955 1516 compositione
975 1462 1179 1500 verborum
1204 1476 1281 1499 non
1302 1461 1517 1512 impolitus,
1540 1474 1721 1513 magnam

319 1530 580 1583 eloquentiam
598 1530 643 1566 ad
663 1529 906 1567 scribendum
926 1529 1070 1573 attulit,
1089 1528 1149 1565 sed
1169 1528 1325 1565 nullum
1343 1527 1453 1564 usum
1472 1526 1674 1565 forensem.

374 1597 471 1634 Haec
493 1609 585 1633 cum
605 1595 668 1633 ille
689 1594 851 1639 dixiffet,
883 1594 977 1646 quid
997 1594 1061 1638 cst,
1098 1594 1240 1645 inquit,
1274 1593 1424 1637 Catule,
1467 1593 1618 1630 Caesar?
1651 1592 1718 1630 ubi

320 1661 420 1707 sunt,
451 1663 518 1714 qui
540 1662 759 1700 Antonium
781 1662 914 1699 Graeee
935 1669 1074 1712 negant
1094 1661 1184 1697 scire
1204 1661 1216 1697 ?
1257 1669 1352 1712 quot
1371 1658 1568 1697 historicos
1589 1659 1717 1697 nomi-

319 1728 449 1765 navit?
481 1740 599 1779 quam
631 1727 816 1764 scienter?
849 1740 966 1777 quam
986 1727 1136 1777 proprie
1167 1726 1213 1763 de
1241 1738 1475 1777 unoquoque
1501 1724 1627 1762 dixit?
1673 1723 1718 1761 Id

319 1791 552 1836 mehercule,
587 1793 715 1843 inquit
745 1792 920 1835 Catulus,
953 1792 1155 1834 admirans,
1187 1791 1284 1829 illud
1306 1792 1389 1843 jam
1422 1791 1551 1828 mirari
1577 1790 1717 1835 defino,

319 1859 423 1909 quod
454 1858 580 1895 multo
610 1858 730 1909 magis
766 1866 851 1893 ante
885 1857 1061 1901 mirabar,
1093 1856 1212 1901 hunc,
1243 1871 1335 1894 cum
1366 1855 1447 1894 haec
1475 1857 1646 1901 nesciret,
1678 1857 1717 1893 in

319 1924 479 1962 dicendo
501 1923 599 1976 poffe
621 1932 785 1960 tantum.
838 1923 973 1974 Atqui,
998 1922 1147 1966 Catule,
1171 1923 1297 1974 inquit
1319 1923 1526 1966 Antonius,
1551 1936 1627 1960 non
1647 1936 1717 1975 ego

320 1991 526 2028 utilitatem
557 1990 725 2041 aliquam
767 1989 813 2026 ad
847 1988 1054 2026 dicendum
1089 2002 1293 2041 aucupans,
1335 1987 1476 2026 horum
1502 1988 1634 2032 libros,
1679 1999 1716 2025 et

317 2056 523 2095 nonnullos
559 2056 665 2099 alios,
703 2054 763 2092 sed
795 2054 1052 2092 delcetationis
1085 2055 1205 2099 causa,
1237 2068 1328 2091 curn
1355 2053 1406 2091 est
1426 2054 1565 2099 otium,
1596 2054 1717 2106 legere

318 2121 430 2159 soleo.
475 2121 581 2172 Qid
602 2135 691 2172 ergo
712 2121 793 2158 est?
825 2120 972 2159 fatebor
1003 2121 1148 2173 aliquid
1184 2130 1336 2159 tamen:
1369 2130 1425 2163 ut,
1461 2133 1551 2157 cum
1583 2120 1622 2157 in
1643 2120 1716 2158 sole

317 2187 527 2232 ambulem,
549 2187 692 2225 etiamsi
714 2187 827 2228 aliam
847 2188 898 2224 ob
913 2186 1062 2224 causam
1080 2187 1290 2231 ambulem,
1319 2186 1398 2223 fieri
1420 2186 1553 2224 natura
1573 2196 1713 2230 tamen,

318 2262 361 2289 ut
395 2252 565 2295 colorer;
598 2252 661 2296 fic,
697 2266 788 2290 cum
808 2252 896 2290 istos
916 2252 1032 2290 libros
1054 2252 1098 2289 ad
1119 2252 1319 2290 Misenum
1351 2253 1457 2303 (nam
1490 2252 1625 2289 Romae
1653 2253 1714 2289 vix

318 2318 425 2368 licet)
461 2317 657 2355 studiosius
677 2318 847 2370 legerim,
878 2317 997 2355 sentio
1027 2319 1239 2356 orationem
1273 2331 1399 2356 meam
1425 2318 1581 2355 illorum
1602 2326 1715 2354 cantu

317 2382 419 2434 quasi
456 2382 629 2419 colorari.
689 2383 758 2420 Sed
790 2396 836 2420 ne
867 2383 978 2421 latius
1014 2382 1089 2420 hoc
1127 2383 1233 2421 vobis
1265 2393 1390 2435 patere
1419 2382 1600 2426 videatur,
1632 2380 1712 2418 haec

318 2448 500 2487 duntaxat
520 2448 558 2486 in
581 2448 725 2487 Graecis
743 2449 930 2502 intelligo,
949 2464 1033 2502 quae
1053 2449 1134 2501 ipsi,
1156 2450 1226 2502 qui
1245 2449 1481 2502 scripserunt,
1512 2448 1713 2486 voluerunt
