2176 2912
604 166 923 207 LIBER
999 162 1483 206 TERTIUS.
1668 165 1745 222 299

346 260 568 314 Pompeius,
599 268 664 297 aut
694 260 771 296 duo
791 257 916 302 Balbi,
947 266 1012 294 aut
1042 271 1150 295 meus
1183 258 1344 303 amicus,
1377 259 1557 311 quicum
1578 261 1747 299 Panaetio

346 329 456 372 vixit,
488 327 551 365 M.
575 325 779 377 Vigellius,
810 324 856 361 de
875 324 1029 369 virtute,
1065 322 1242 362 homines
1269 325 1401 369 Stoici,
1434 326 1572 377 poffint
1605 327 1744 371 dicere,

346 407 422 445 qua
440 394 481 430 in
501 391 754 444 disputatione
773 404 844 443 ego
869 388 929 427 his
950 389 1122 435 debeam,
1141 400 1205 428 aut
1224 390 1391 429 vestrum
1411 391 1626 443 quisquam,
1649 407 1745 431 con-

345 457 504 496 cedere?
536 457 631 496 Non
664 456 717 494 est
745 457 851 494 enim
881 455 1124 509 philosophia
1158 456 1290 495 similis
1325 457 1467 495 artium
1496 457 1745 509 reliquarum.

346 525 455 563 Nam
475 523 570 576 quid
588 522 705 561 faciet
724 523 764 561 in
783 523 1006 575 geometria,
1028 524 1095 575 qui
1116 536 1193 561 non
1214 522 1390 561 didicerit
1408 524 1420 560 ?
1452 522 1547 576 quid
1567 524 1607 561 in
1628 524 1746 562 mufi-

347 591 403 629 cis
422 591 435 628 ?
467 600 531 628 aut
549 599 672 628 taceat
691 590 898 643 oportebit,
929 599 993 628 aut
1014 603 1061 628 ne
1080 589 1188 628 sanus
1216 590 1375 642 quidem
1389 590 1599 642 judicetur.
1650 590 1749 628 Haec

349 670 452 701 vero,
478 670 563 709 quae
583 656 668 694 sunt
699 657 739 694 in
758 654 1014 709 philosophia,
1046 656 1210 708 ingeniis
1230 665 1417 694 eruuntur
1435 655 1481 693 ad
1501 655 1554 701 id,
1585 654 1690 708 quod
1710 655 1751 693 in

347 736 505 775 quoque
533 722 734 760 verisimile
767 722 832 767 est,
863 722 1110 767 eliciendum,
1142 723 1261 761 acutis
1295 731 1409 775 atque
1437 722 1602 767 acribus,
1632 733 1750 774 eaque

348 790 553 828 exercitata
582 790 751 827 oratione
784 787 997 841 poliuntur.
1044 789 1139 833 Hic,
1174 788 1239 827 hic
1271 790 1395 828 noster
1414 789 1579 842 vulgaris
1610 796 1750 834 orator,

351 855 378 893 fi
405 855 535 893 minus
569 855 641 892 erit
673 854 821 899 doctus,
853 853 1019 892 attamen
1050 855 1090 892 in
1118 855 1281 893 dicendo
1300 855 1542 900 exercitatus,
1572 854 1645 893 hac
1673 853 1753 907 ipsa

351 922 621 959 exercitatione
640 921 856 965 communi,
895 921 983 958 istos
1014 921 1172 973 quidem
1192 921 1336 961 nostros
1365 922 1591 966 verberabit,
1628 933 1754 974 neque

352 986 388 1025 se
408 988 455 1026 ab
481 988 527 1026 iis
548 988 748 1026 contemni
767 1001 809 1026 ac
829 987 969 1040 despici
990 987 1096 1026 sinet.
1143 988 1209 1026 Sin
1229 989 1366 1041 aliquis
1386 988 1558 1026 extiterit
1576 988 1753 1040 aliquan·-

351 1053 417 1098 do,
440 1054 507 1105 qui
527 1054 747 1092 Aristotelio
777 1067 884 1092 more
904 1054 950 1092 de
979 1053 1162 1092 omnibus
1182 1054 1294 1092 rebus
1319 1055 1359 1093 in
1380 1061 1583 1107 utramque
1603 1054 1755 1092 senten-

353 1120 451 1157 tiam
485 1120 597 1172 poffit
617 1120 754 1165 dicere,
785 1129 824 1158 et
853 1121 894 1158 in
924 1121 1034 1158 omni
1053 1121 1161 1159 causa
1190 1121 1282 1160 duas
1313 1121 1518 1160 contrarias
1552 1121 1756 1165 orationes,

355 1187 555 1239 praeceptis
588 1186 695 1224 illius
723 1187 903 1239 cognitis,
934 1187 1137 1239 explicare,
1169 1197 1234 1225 aut
1263 1186 1340 1226 hoc
1359 1187 1536 1226 Arcesilae
1555 1187 1688 1231 modo,
1719 1195 1759 1224 et

357 1254 577 1298 Carneadis,
607 1263 740 1291 contra
758 1267 888 1298 omne,
918 1254 1024 1306 quod
1051 1254 1288 1307 propositum
1317 1254 1376 1299 fit,
1407 1253 1555 1293 differat
1569 1272 1581 1298 ς
1613 1254 1760 1305 quique

357 1319 509 1358 adeam
543 1320 728 1358 rationem
759 1320 941 1373 adjungat
970 1319 1075 1358 hunc
1102 1319 1339 1359 rhetoricum
1374 1319 1500 1365 usum,
1531 1328 1761 1371 moremque

359 1388 751 1440 exercitationemque
782 1387 935 1425 dicendi
952 1405 963 1432 ;
996 1388 1026 1426 is
1051 1388 1094 1426 fit
1127 1400 1250 1432 verus,
1283 1388 1314 1425 is
1349 1385 1553 1441 perfectus,
1583 1386 1615 1424 is
1642 1385 1759 1431 solus,

352 1463 496 1492 orator.
540 1455 647 1492 Nam
667 1467 793 1506 neque
813 1454 888 1491 fine
908 1451 1119 1491 forensibus
1141 1454 1263 1491 nervis
1285 1453 1370 1491 satis
1390 1451 1595 1492 vehemens
1616 1461 1654 1490 et
1672 1464 1760 1504 gra-

359 1521 431 1566 vis,
462 1534 531 1558 nec
552 1521 629 1558 sine
648 1521 825 1559 varietate
843 1519 1024 1558 doctrinae
1044 1520 1129 1557 satis
1149 1519 1293 1571 politus
1312 1529 1350 1558 et
1368 1519 1529 1572 sapiens,
1547 1517 1617 1557 effe
1636 1527 1762 1557 orator

360 1587 494 1640 potest.

417 1655 546 1705 Qare
573 1654 760 1691 Coracem
794 1652 908 1690 istum
929 1651 1094 1690 vestrum
1128 1652 1317 1705 patiamur
1347 1664 1415 1690 nos
1450 1651 1609 1704 quidem
1635 1650 1762 1704 pullos

360 1718 447 1756 >suos
478 1718 678 1756 excludere
709 1720 749 1756 in
781 1719 886 1762 nido,
928 1718 996 1769 qui
1023 1717 1176 1756 evolent
1201 1718 1425 1756 clamatores
1451 1717 1569 1755 odiofi
1603 1730 1645 1755 ac
1672 1730 1761 1755 mo-

364 1783 470 1828 lesti3
495 1782 821 1835 Pamphilumque
841 1783 965 1820 nescio
985 1796 1102 1834 quem
1122 1783 1288 1822 sinamus
1308 1785 1349 1822 in
1366 1782 1500 1822 infulis
1516 1792 1664 1821 tantam
1683 1795 1764 1820 rem

366 1860 548 1902 tanquam
566 1849 727 1902 pueriles
745 1849 897 1886 delicias
914 1848 1071 1901 aliquaS,
1089 1848 1292 1901 depingere
1308 1869 1319 1894 3
1343 1850 1485 1902 nosque
1506 1850 1573 1902 ipfi
1593 1848 1665 1887 hac
1686 1858 1765 1887 tam

366 1917 503 1969 exigua
519 1916 773 1969 disputatione
794 1914 956 1953 hesterni
983 1926 1020 1952 et
1040 1914 1214 1953 hodierni
1239 1916 1313 1953 diei
1340 1925 1468 1953 totum
1495 1915 1653 1953 oratoris
1675 1929 1766 1953 mu-

367 1996 438 2020 nus
459 1983 725 2034 explicemu35
759 1981 973 2019 dummodo
1002 1981 1067 2018 illa
1087 1993 1142 2018 res
1176 1990 1277 2019 tanta
1306 1981 1365 2025 fit,
1397 1991 1439 2019 ut
1465 1981 1647 2019 omnibus
1669 1979 1766 2019 Phi-

367 2047 617 2102 losophorum
639 2049 760 2093 libris,
793 2062 888 2100 quos
906 2061 1020 2086 nemo
1036 2057 1229 2086 oratorum
1251 2048 1408 2086 istorum
1431 2061 1603 2100 unquam
1624 2047 1765 2101 attigit,

368 2115 641 2168 comprehensa
661 2115 730 2153 esse
751 2114 934 2152 videatur.

424 2183 557 2220 XXII.
590 2183 699 2218 Tum
732 2182 908 2226 Catulus,
950 2180 1248 2234 haudquaquam
1279 2180 1426 2231 hercle,
1453 2181 1594 2233 inquit,
1627 2178 1766 2224 Craffe,

370 2246 592 2284 mirandum
611 2246 676 2291 est,
711 2247 782 2284 effe
803 2247 841 2284 in
863 2256 899 2285 te
920 2255 1064 2285 tantam
1084 2247 1237 2285 dicendi
1258 2247 1315 2284 vel
1335 2248 1430 2291 vim,
1450 2247 1509 2284 vel
1530 2247 1767 2289 suavitatem,

372 2311 429 2348 vel
450 2312 601 2364 copiam
618 2331 629 2356 ;
661 2326 779 2363 quem
800 2313 959 2365 quidem
980 2322 1087 2352 antea
1106 2313 1239 2351 natura
1259 2314 1366 2351 rebar
1386 2315 1438 2351 ita
1457 2313 1595 2358 dicere,
1628 2320 1671 2350 ut
1690 2311 1768 2348 mi·-

373 2377 415 2414 hi
443 2391 519 2415 non
552 2377 675 2415 solum
706 2387 830 2417 orator
860 2379 1047 2426 summUS,
1079 2379 1140 2418 sed
1169 2380 1285 2418 etiam
1320 2380 1606 2433 sapientissimus
1633 2377 1766 2419 homo,

373 2444 561 2483 viderere:
586 2458 687 2484 nunc
706 2445 881 2499 intelligo
904 2447 969 2486 illa
989 2457 1024 2486 te
1044 2447 1190 2500 semper
1209 2446 1325 2485 ctiam
1345 2447 1492 2500 potiora
1512 2444 1667 2487 duxisse,
1686 2455 1770 2495 quae

1170 2513 1307 2565 sz’„
