2176 2912
602 194 921 235 LIBER
997 193 1486 234 TERTIUS.
1669 212 1745 253 293

345 287 565 340 eloquentia
584 300 658 325 una
677 286 852 340 quaedam
880 287 926 324 de
947 285 1109 324 summis
1137 286 1373 332 virtutibus;
1406 302 1627 341 quanquam
1658 291 1745 331 sunt

345 366 479 391 omnes
500 353 658 391 virtutes
679 353 838 405 aequales
860 362 897 390 et
917 365 1037 404 pares,
1069 352 1130 390 sed
1151 363 1279 391 tamen
1300 353 1353 392 est
1372 353 1510 406 species
1531 356 1602 393 alia
1621 358 1743 410 magis

344 418 417 457 alia
436 417 603 457 formosa
622 428 659 457 et
679 418 834 456 illustris
853 433 862 456 ε
895 419 989 456 ficut
1009 416 1090 456 haec
1110 419 1180 464 vis,
1213 433 1296 471 quae
1316 419 1515 458 scientiam
1541 423 1745 475 complexa

343 496 485 530 rerum,
517 484 616 523 sensa
637 485 792 529 mentis,
824 494 862 523 et
891 484 1058 529 consilia,
1091 485 1140 523 fic
1160 485 1284 523 verbis
1305 485 1485 538 explicat,
1519 496 1561 524 ut
1581 501 1656 533 eos,
1676 490 1743 540 qui

341 550 518 596 audiunt,
540 564 774 603 quocunque
794 550 1027 595 incubuerit,
1050 550 1162 603 poffit
1181 551 1403 604 impellere3
1426 566 1510 604 quae
1531 567 1608 605 quo
1624 555 1744 606 major

341 616 395 654 est
413 617 485 663 vis,
506 615 583 656 hoc
603 617 655 655 est
674 617 796 669 magis
817 618 1007 670 probitate
1025 618 1238 671 jungenda,
1271 618 1498 671 summaque
1517 620 1741 672 prudentia:

340 695 507 734 quarum
527 684 718 722 virtutum
738 683 955 736 expertibus
977 683 1002 721 si
1024 683 1176 722 dicendi
1194 684 1345 737 copiam
1366 685 1648 731 tradiderimus,
1667 701 1744 725 non

340 760 405 786 eos
436 748 597 802 quidem
631 758 794 789 oratores
825 748 1082 794 effecerimus,
1113 749 1175 788 sed
1206 749 1423 790 furentibus
1445 752 1620 804 quaedam
1641 767 1743 791 arma

339 814 574 854 dederimus.
869 858 875 864 ,

380 881 473 919 XV.
497 882 627 927 Hanc,
644 881 820 934 inquam,
839 882 1033 935 cogitandi
1054 884 1405 937 pronuntiandique
1420 886 1621 930 rationem,
1638 887 1741 925 vim-

337 959 415 999 que
444 947 612 993 dicendi,
642 958 785 986 veteres
813 949 940 987 Graeci
971 949 1193 1001 sapientiam
1225 952 1491 990 nominabant.
1543 953 1651 990 Hinc
1683 954 1741 990 illi

339 1013 525 1066 Lycurgi,
556 1013 649 1053 hinc
670 1015 826 1059 Pittaci,
858 1014 952 1052 hinc
973 1015 1130 1054 Solones
1148 1035 1159 1061 ;
1192 1025 1305 1069 atque
1332 1017 1378 1055 ab
1399 1017 1471 1055 hac
1492 1017 1743 1056 similitudine

338 1079 577 1117 Coruncanii
611 1079 742 1124 nostri,
785 1081 968 1125 Fabricii,
1012 1082 1192 1127 Catones,
1225 1083 1420 1135 Scipiones
1448 1082 1620 1129 fuerunt,
1665 1098 1744 1122 non

338 1152 419 1181 tam
440 1143 589 1182 fortaffe
609 1145 725 1190 docti,
757 1145 818 1183 sed
839 1146 989 1198 impetu
1018 1148 1160 1185 mentis
1181 1148 1295 1186 fimili
1326 1158 1363 1186 et
1392 1150 1602 1187 voluntate.
1663 1151 1741 1187 Ea-

337 1205 430 1243 dem
463 1216 593 1244 autem
613 1206 678 1243 alii
712 1207 926 1259 prudentia,
958 1207 1019 1245 sed
1050 1209 1209 1247 consilio
1244 1211 1290 1247 ad
1316 1210 1402 1248 vitre
1436 1210 1557 1248 studia
1587 1211 1738 1264 dispari,

338 1272 511 1324 quietem
523 1281 638 1324 atque
657 1273 784 1310 otium
804 1272 935 1318 secuti,
969 1284 1011 1311 ut
1027 1274 1275 1327 Pythagoras,
1307 1277 1571 1321 Democritus,
1602 1279 1738 1315 Anax-

338 1350 483 1390 agoras,
528 1352 549 1376 a
579 1339 752 1391 regendis
787 1339 1007 1377 civitatibus
1039 1350 1138 1378 totos
1169 1341 1204 1378 se
1234 1342 1280 1379 ad
1317 1343 1581 1394 cognitionem
1612 1357 1737 1381 rerum

336 1404 635 1442 transtulerunt:
669 1419 753 1457 quae
786 1406 863 1442 vita
882 1416 1036 1458 propter
1068 1407 1400 1458 tranquillitatem,
1432 1418 1469 1446 et
1494 1418 1647 1460 propter
1676 1409 1737 1461 ip-

336 1468 409 1507 fius
430 1469 593 1508 scientiae
615 1470 851 1515 suavitatem,
874 1485 949 1522 qua
966 1470 1065 1508 nihil
1087 1472 1139 1509 est
1158 1471 1383 1510 hominibus
1398 1474 1625 1524 jucundius,
1648 1474 1737 1526 plu-

336 1548 408 1579 res,
440 1549 556 1587 quam
589 1535 683 1572 utile
716 1535 792 1573 fuit
822 1535 934 1573 rebus
968 1536 1149 1588 publicis,
1180 1536 1393 1575 deleetavit.
1454 1538 1602 1590 Itaque,
1635 1549 1677 1576 ut
1703 1540 1737 1576 ei

336 1601 460 1640 studio
495 1602 530 1639 se
559 1601 884 1640 excellentissimis
924 1602 1088 1654 ingeniis
1122 1601 1301 1641 homines
1335 1603 1576 1649 dediderunt,
1621 1618 1667 1643 ex
1698 1618 1739 1643 ea

335 1666 486 1705 summa
516 1666 695 1705 facultate
726 1668 836 1706 vacui
856 1681 897 1705 ac
928 1668 1040 1705 liberi
1075 1669 1274 1721 temporis,
1305 1669 1433 1707 multo
1464 1670 1586 1722 plura,
1618 1684 1736 1722 quam

334 1741 411 1771 erat
445 1733 600 1778 neceffe,
631 1734 836 1772 doctiffimi
864 1733 1058 1779 homines,
1090 1735 1170 1773 otio
1202 1736 1339 1781 nimio,
1375 1746 1413 1775 et
1432 1737 1596 1789 ingeniis
1621 1738 1737 1774 uber-

335 1799 444 1836 rimis
465 1798 676 1844 affluentes,
707 1799 872 1836 curanda
900 1799 970 1837 fibi
997 1800 1079 1844 ess'e,
1111 1814 1152 1838 ac
1173 1802 1385 1854 quaerenda,
1421 1811 1459 1840 et
1479 1803 1738 1856 investiganda

334 1864 541 1902 duxerunt.
602 1865 709 1903 Nam
745 1874 850 1902 vetus
884 1865 1043 1916 quidem
1074 1866 1140 1903 illa
1171 1867 1340 1905 doctrina
1359 1868 1492 1906 eadem
1523 1869 1673 1906 videtur
1699 1878 1736 1906 et

334 1931 432 1968 reste
450 1929 630 1974 faciendi,
652 1940 690 1968 et
711 1930 806 1968 bene
828 1930 993 1975 dicendi,
1019 1931 1218 1984 magistra5
1256 1946 1379 1984 neque
1399 1934 1580 1985 disjuncti
1600 1934 1733 1972 docco-

332 2009 404 2041 res,
436 1997 497 2035 sed
518 1996 635 2034 iidem
654 2006 760 2034 erant
780 1997 932 2034 vivendi
954 2008 1217 2050 praeceptoi·e5‚
1249 2008 1361 2051 atque
1393 2000 1574 2045 dicendi;
1607 2010 1649 2038 ut
1670 2001 1735 2038 ille

332 2063 432 2116 apud
453 2065 676 2102 Homerum
697 2062 877 2108 Phoenix,
913 2065 978 2116 qui
1016 2064 1050 2102 se
1084 2079 1104 2102 a
1140 2065 1252 2103 Peleo
1282 2075 1387 2118 patre
1418 2065 1569 2104 Achilli
1599 2067 1733 2119 juveni

332 2129 520 2167 comitem
540 2130 610 2168 effe
629 2130 763 2168 datum
784 2130 878 2168 dicit
910 2131 955 2168 ad
977 2131 1140 2176 bellum,
1167 2141 1209 2169 ut
1238 2132 1354 2170 illum
1374 2133 1540 2171 efficeret
1558 2143 1733 2172 oratorem

331 2184 535 2240 verborum,
565 2198 784 2250 afforemque
808 2212 942 2235 rerum.
1004 2197 1074 2235 Sed
1096 2207 1138 2235 ut
1168 2197 1346 2236 homines
1373 2199 1501 2237 labore
1533 2199 1675 2237 affiduo
1695 2209 1732 2237 et

333 2261 559 2312 quotidiano
595 2261 739 2307 ass‘ueti,
784 2276 875 2300 cum
908 2264 1140 2315 tempestatis
1176 2265 1284 2302 causa
1316 2279 1428 2318 opere
1461 2264 1729 2318 prohibentur,

332 2326 378 2363 ad
411 2326 530 2378 pilam
552 2327 601 2371 se,
632 2336 696 2364 aut
730 2328 776 2365 ad
810 2329 918 2374 talos,
950 2339 1014 2366 aut
1035 2330 1080 2367 ad
1110 2329 1254 2368 tesseras
1282 2330 1500 2376 conferunt,
1531 2340 1595 2369 aut
1615 2331 1731 2368 etiam

333 2404 478 2429 novum
512 2391 581 2428 fibi
612 2392 680 2443 ipsi
710 2393 878 2444 aliquem
913 2395 1132 2447 excogitant
1168 2395 1205 2431 in
1227 2396 1306 2433 otio
1340 2396 1507 2434 ludum:
1541 2396 1588 2433 fic
1619 2396 1675 2432 illi
1711 2407 1729 2430 a

332 2456 496 2508 negotiiS
529 2456 709 2508 publicis,
749 2466 930 2509 tanquam
961 2460 1007 2497 ab
1041 2474 1164 2511 opere,
1211 2471 1274 2498 aut
1304 2462 1542 2513 temporibus
1573 2458 1726 2501 exclufi,

331 2530 396 2560 aut
417 2521 611 2562 voluntate
629 2522 692 2560 sua
712 2522 848 2569 feriati,
873 2533 971 2564 totos
993 2525 1027 2563 st·
1047 2525 1111 2564 alii
1129 2525 1173 2563 ad
1192 2536 1334 2578 poetae,
1357 2527 1420 2565 alii
1442 2526 1486 2564 ad
1503 2533 1727 2580 geometras,
