2176 2912
600 116 1567 170 LIBERSECUNDUS.
1710 139 1790 180 247

379 229 457 256 non
476 222 702 268 provocatus
723 211 970 265 responderit.
1008 212 1103 249 Erat
1122 220 1251 250 autem
1273 220 1376 250 tanta
1395 214 1556 266 gravitas
1578 217 1617 255 in
1639 219 1785 258 Domi—

378 283 449 328 tio,
471 290 574 320 tanta
593 279 809 325 auctoritas,
832 289 889 324 ut,
911 278 1018 331 quod
1038 278 1126 317 esset
1145 279 1192 318 ab
1213 292 1259 317 eo
1279 280 1491 333 objectum,
1513 282 1639 336 lepore
1663 289 1786 340 magis

376 347 617 392 elevandum,
640 360 758 399 quam
777 345 1025 384 contentione
1045 343 1317 398 frangendum,
1339 346 1544 386 videretur.

428 413 563 452 LVLI.
590 414 702 451 Tum
718 412 928 465 Sulpicius,
946 411 1057 463 Qd
1071 411 1194 464 igitur
1212 412 1224 449 ?
1255 412 1401 465 inquit,
1423 414 1630 466 patiemur,
1660 419 1785 457 Caesa..

376 493 473 526 rem,
493 481 577 533 qui,
599 493 821 533 quanquam
843 478 972 518 Craffo
986 478 1140 517 facetias
1162 479 1356 525 concedit,
1383 489 1516 519 tamen
1537 483 1663 521 multo
1684 485 1723 522 in
1742 499 1787 524 eo

376 546 500 585 studio
521 547 643 598 magis
663 546 741 599 ipse
760 545 942 590 elaborat,
971 559 1049 584 non
1068 545 1260 599 explicare
1286 555 1417 585 totum
1437 548 1549 586 nobis
1570 562 1691 601 genus
1711 549 1787 589 hoc

371 612 543 667 jocandi,
564 612 678 666 quale
692 612 757 658 fit,
776 622 816 651 et
845 612 948 650 unde
967 613 1128 651 ducatur
1143 632 1155 659 3
1186 613 1396 666 praesertim
1416 628 1510 653 cum
1530 624 1677 655 tantam
1704 619 1788 656 vim

376 689 415 719 et
448 680 661 719 utilitatem
695 680 779 718 salis
806 689 844 719 et
877 680 1104 719 urbanitatis
1131 680 1209 718 *effe
1228 680 1422 720 fateatur?
1455 683 1565 735 Qid
1585 684 1627 729 fi,
1656 684 1788 738 inquit

376 747 520 798 Julius,
542 746 718 785 affentior
737 747 914 785 Antonio
934 747 1094 792 dicenti,
1114 747 1263 786 nullam
1283 748 1354 786 effe
1373 758 1495 788 artem
1515 749 1628 789 salis?

432 813 515 851 Hic
549 826 642 850 cum
683 812 874 865 Sulpicius
913 813 1134 858 reticuisset,
1178 814 1282 866 quasi
1312 829 1414 860 vero,
1460 816 1591 869 inquit
1620 817 1785 863 Craffus,

374 878 518 918 horum
538 879 724 932 ipsorum,
749 880 803 918 Jde
834 867 975 932 quibus
997 880 1193 919 Antonius
1213 882 1365 920 tamdiu
1396 883 1586 936 loquitur,
1621 897 1678 923 ars
1708 886 1788 923 ulla

374 946 433 984 fit.
473 945 700 984 Observatio
719 946 895 998 quaedam
914 946 982 991 est,
1013 954 1057 983 ut
1077 946 1154 1000 ipse
1174 947 1288 993 dixit,
1308 962 1441 987 earum
1458 963 1607 996 rerum,
1642 965 1728 1003 quae
1746 952 1787 989 in

376 1012 541 1051 dicendo
567 1012 702 1051 valent
717 1032 729 1058 ς
761 1026 845 1065 quae
866 1013 892 1051 fi
920 1013 1143 1066 eloquentes
1174 1013 1297 1052 facere
1327 1015 1452 1068 poffit,
1485 1017 1573 1068 quis
1593 1017 1683 1055 effet
1708 1032 1788 1057 non

376 1078 589 1131 eloquens?
621 1079 722 1130 Qis
743 1079 850 1117 enim
869 1077 952 1118 haec
974 1093 1052 1117 non
1070 1079 1132 1118 vel
1148 1077 1279 1126 facile,
1296 1081 1357 1118 vel
1378 1091 1479 1119 certe
1500 1082 1632 1136 aliquo
1652 1084 1785 1130 modo,

375 1144 496 1197 poffet
514 1144 677 1182 ediscere
694 1144 708 1182 ?
738 1144 811 1183 Sed
830 1157 901 1198 ego
921 1145 962 1183 in
981 1144 1042 1184 his
1062 1147 1262 1199 praeceptis
1282 1146 1383 1186 hanc
1403 1149 1498 1194 vim,
1530 1158 1569 1188 et
1583 1148 1684 1187 hanc
1706 1151 1786 1188 uti-

375 1210 527 1250 litatem
547 1210 618 1249 effe
638 1209 815 1256 arbitror,
846 1224 925 1249 non
945 1220 989 1249 ut
1004 1211 1050 1249 ad
1068 1212 1352 1264 reperiendum,
1383 1214 1478 1266 quid
1499 1214 1687 1260 dicamus,
1709 1225 1788 1254 arte

376 1276 581 1321 ducamur,
612 1276 673 1315 sed
692 1286 735 1314 ut
755 1290 811 1322 ea,
848 1291 932 1330 quae
953 1277 1100 1323 natura,
1123 1291 1208 1330 quae
1225 1278 1365 1324 studio,
1387 1293 1472 1332 quae
1498 1282 1785 1327 exercitatione,

375 1342 664 1396 consequimur,
692 1352 760 1382 aut
779 1344 878 1382 reeta
896 1343 968 1382 effe
984 1343 1240 1390 confidamus,
1271 1354 1336 1384 aut
1362 1359 1475 1399 prava
1505 1347 1785 1401 intelligamus,

376 1422 485 1454 cum,
517 1423 597 1462 quo
617 1409 812 1448 referenda
831 1410 917 1457 sint,
948 1396 1215 1450 didicerimus:
1251 1413 1394 1464 Qare,
1417 1413 1552 1458 Caesar,
1583 1427 1656 1467 ego
1684 1428 1784 1468 quo-

376 1490 453 1530 que
482 1490 504 1514 a
534 1485 570 1515 te
596 1476 673 1515 hoc
692 1487 795 1530 peto,
827 1486 886 1523 ut,
917 1478 942 1515 fi
965 1478 1037 1515 tibi
1057 1478 1223 1524 videtur,
1255 1478 1421 1531 disputes
1448 1480 1495 1518 de
1524 1479 1601 1519 hoc
1621 1489 1704 1519 toto
1718 1482 1785 1534 jo-

375 1544 489 1582 candi
508 1557 658 1597 genere,
690 1543 785 1596 quid
805 1543 940 1582 sentias
954 1562 965 1589 ς
997 1557 1045 1582 ne
1074 1558 1150 1597 qua
1176 1544 1276 1583 forte
1295 1545 1449 1584 dicendi
1469 1559 1568 1599 pars,
1597 1549 1787 1600 quoniam

376 1610 430 1649 ita
447 1610 633 1654 voluistis,
666 1611 706 1648 in
738 1608 813 1649 hoc
845 1610 911 1649 tali
932 1619 1050 1656 coetu,
1080 1620 1198 1664 atque
1231 1612 1271 1650 in
1293 1620 1373 1650 tam
1399 1622 1576 1652 accurato
1597 1614 1783 1661 sermone,

376 1677 563 1731 praeterita
583 1676 652 1714 effe
672 1676 856 1715 videatur.

439 1743 527 1795 Ego
547 1755 649 1786 vert),
685 1742 813 1794 inquit
844 1743 924 1787 ille,
956 1744 1141 1795 quoniam
1162 1743 1366 1786 collectam
1393 1759 1413 1783 a
1438 1746 1612 1791 conviva,
1644 1746 1784 1793 Crasse,

376 1809 513 1862 exigis,
545 1823 622 1847 non
643 1810 905 1854 committam,
936 1819 993 1855 ut,
1025 1810 1051 1849 fi
1073 1809 1303 1864 defugerim,
1336 1813 1410 1850 tibi
1435 1813 1588 1851 causam
1614 1813 1785 1866 aliquam

376 1875 467 1914 dem
488 1875 697 1914 recusandi.
742 1877 978 1929 Qanquam
1000 1877 1101 1916 soleo
1121 1878 1215 1931 saepe
1248 1879 1379 1917 mirari
1408 1893 1544 1918 eorum
1571 1880 1784 1933 impuden—

376 1942 486 1988 tiam,
517 1942 586 1994 qui
607 1952 725 1995 agunt
756 1943 796 1980 in
817 1943 925 1981 scena
945 1943 1108 1996 gestum,
1141 1944 1329 1997 spectante
1356 1945 1511 1984 Roscio.
1558 1947 1660 1997 Qis
1676 1948 1784 1986 enim

376 2009 450 2048 sese
469 2023 715 2048 commovere
730 2010 866 2063 potest,
889 2013 998 2064 cujus
1016 2012 1081 2050 ille
1100 2012 1193 2049 vitia
1214 2026 1290 2051 non
1310 2013 1435 2051 videat
1453 2014 1465 2051 ?
1495 2014 1556 2052 Sic
1572 2027 1644 2067 ego
1663 2027 1782 2060 nunc,

377 2076 507 2115 Craffo
540 2076 731 2123 audiente,
763 2079 937 2131 primurn
968 2078 1103 2131 loquar
1137 2079 1182 2116 de
1213 2078 1375 2126 facetiis,
1421 2090 1459 2118 et
1488 2069 1689 2134 docebofics
1723 2082 1785 2133 (ut

376 2142 501 2194 aiunt)
534 2151 722 2182 oratorem
753 2157 859 2190 eum,
890 2158 1010 2198 quem
1041 2159 1134 2183 cum
1167 2146 1328 2184 Catulus
1360 2160 1482 2200 nuper
1512 2147 1682 2192 audiffet,
1699 2148 1782 2200 fce-

378 2222 461 2246 mcm
480 2209 564 2247 alios
583 2210 704 2248 aiebat
733 2210 793 2263 ff
824 2220 997 2264 oportere.
1035 2212 1146 2250 Tum
1176 2212 1256 2258 ille,
1281 2213 1498 2265 jocabatur,
1528 2214 1671 2266 inquit,
1704 2215 1782 2251 Ca-

379 2275 498 2320 tulus,
530 2275 736 2327 praesertim
771 2291 863 2316 cum
898 2279 951 2317 ita
980 2278 1082 2317 dicat
1112 2278 1203 2332 ipse,
1235 2289 1278 2318 ut
1313 2281 1499 2319 ambrosia
1525 2280 1681 2318 alendus
1711 2278 1782 2317 effe

378 2340 565 2380 videatur.
613 2342 761 2381 Verum
796 2354 847 2390 te,
879 2345 1014 2390 Caesar,
1046 2345 1259 2391 audiamus,
1293 2355 1334 2384 ut
1364 2347 1410 2384 ad
1442 2347 1607 2399 Antonii
1637 2346 1782 2397 reliqua

379 2407 590 2448 redeamus.
623 2409 675 2447 Et
696 2411 906 2457 Antonius,
936 2403 1124 2466 perpauca
1143 2413 1302 2465 quidem
1322 2413 1422 2452 mihi
1443 2413 1593 2458 restant,
1625 2412 1751 2463 inquit
1769 2425 1779 2450 ε
