2176 2912
714 177 1431 219 ORATORIBUS.
1682 195 1761 235 413

367 286 570 327 procerum
587 280 624 311 et
644 281 758 312 tenue
777 271 926 310 collum
943 290 953 317 ;
986 272 1055 324 qui
1074 270 1244 316 habitus,
1276 281 1313 309 et
1334 286 1417 324 quae
1436 271 1558 325 figura
1576 286 1654 312 non
1673 288 1764 327 pro-

367 340 432 378 cul
465 339 584 377 abeffe
614 347 769 391 putatur
787 351 808 375 a
841 338 926 375 vitae
946 337 1131 390 periculo,
1162 337 1189 375 fi
1214 338 1360 376 accedit
1390 338 1509 383 labor,
1545 348 1582 377 et
1601 340 1765 378 laterum

367 419 505 458 magna
537 405 750 443 contentio.
799 404 938 456 quue
968 405 1090 457 magis
1121 403 1198 443 hoc
1228 418 1305 449 eos,
1341 405 1482 456 quibus
1509 419 1611 444 eram
1642 420 1765 452 carus,

366 472 650 516 commovebat,
672 471 777 524 quod
796 471 927 509 omnia
947 471 1023 509 fine
1043 471 1272 516 remisfione,
1294 471 1370 509 fine
1391 471 1580 517 varietate,
1601 473 1640 510 vi
1660 474 1766 512 sum-

364 551 429 576 ma
446 539 564 583 vocis,
595 546 633 576 et
658 538 776 576 totius
797 538 966 590 corporis
987 539 1249 583 contentione,
1278 538 1469 577 dicebam.
1501 539 1648 591 Itaque,
1674 554 1766 578 cum

365 618 430 643 me
460 615 498 643 et
526 605 642 643 amici
661 615 698 642 et
731 605 873 643 medici
906 603 1162 650 hortarentur,
1194 614 1236 643 ut
1265 605 1390 644 causas
1410 619 1518 658 agere
1537 606 1763 651 defisterem,

364 670 529 722 quodvis
560 671 688 723 potius
716 670 934 724 periculum
963 669 1064 708 mihi
1083 671 1316 715 adeundum,
1349 684 1466 722 quarn
1493 685 1515 708 a
1544 671 1685 724 sperata
1704 671 1766 709 di-

365 737 478 775 cendi
497 737 618 790 gloria
639 737 922 782 discedendum,
954 738 1098 790 putavi.
1159 738 1244 782 Sed,
1267 751 1359 776 cum
1394 737 1599 783 censerem,
1631 738 1766 776 remis-

365 803 467 841 fione
486 812 524 841 et
544 803 806 841 moderatione
825 805 944 848 vocis,
976 813 1013 841 et
1033 813 1275 842 commutato
1295 818 1430 856 genere
1451 804 1615 849 dicendi,
1648 818 1711 842 me
1728 814 1767 843 et

364 868 581 920 periculum
600 868 717 906 vitare
734 868 848 920 posse,
877 879 914 906 et
935 871 1181 921 temperatius
1202 870 1325 906 dicere
1341 889 1352 914 ;
1386 880 1427 907 ut
1448 870 1766 908 consuetudinem

363 933 518 971 dicendi
538 943 743 978 mutarem,
766 947 808 971 ea
827 935 934 972 causa
954 934 1053 972 mihi
1071 936 1112 972 in
1131 935 1260 973 Afiam
1281 935 1545 987 proficiscendi
1564 935 1653 974 fuit.
1686 936 1764 974 Ita-

363 1013 440 1052 que
459 1013 550 1038 cum
571 999 686 1038 effem
706 1000 908 1038 biennium
929 1000 1092 1039 versatus
1113 1002 1153 1039 in
1174 1002 1305 1047 causis,
1336 1011 1373 1040 et
1389 1003 1470 1054 jam
1484 1025 1486 1027 -
1500 1003 1539 1039 in
1559 1001 1642 1040 foro
1661 1002 1763 1040 cele-

365 1065 518 1119 bratum
539 1079 672 1104 meum
693 1080 835 1104 nomen
855 1065 958 1110 effet,
990 1067 1119 1104 Roma
1138 1067 1222 1105 sum
1240 1067 1445 1120 profeetus.

421 1133 526 1169 Cum
561 1131 741 1170 veniffem
774 1130 961 1176 Athenas,
993 1132 1055 1170 sex
1087 1133 1231 1170 menses
1262 1147 1354 1171 cum
1387 1132 1598 1178 Antiocho,
1631 1134 1764 1172 veteris

364 1197 584 1235 Academiae
600 1197 834 1235 nobiliffimo
854 1208 892 1235 et
906 1198 1196 1250 prudentissimo
1210 1198 1459 1252 Philosopho,
1478 1198 1550 1245 fui,
1572 1199 1765 1238 studium—

364 1276 440 1315 que
460 1261 712 1315 philosophia:
737 1277 937 1316 nunquam
958 1264 1227 1309 intermissum,
1250 1278 1271 1301 a
1288 1266 1490 1317 primaque
1516 1264 1767 1303 adolescentia

364 1329 532 1374 cultum,
563 1337 600 1366 et
621 1328 766 1381 semper
796 1331 966 1374 au&um,
998 1328 1073 1368 hoc
1094 1330 1217 1368 rursus
1238 1330 1391 1368 summo
1411 1332 1574 1375 austore,
1605 1340 1643 1368 et
1669 1331 1766 1368 doc-

363 1404 445 1433 tore
464 1394 653 1432 renovavi.
686 1395 836 1433 Eodem
857 1405 986 1434 tamen
1007 1405 1180 1448 tempore
1201 1395 1366 1434 Athenis
1395 1396 1495 1449 apud
1516 1396 1768 1434 Demetrium.

365 1464 517 1513 Syrum,
547 1471 728 1506 veterem,
760 1471 798 1499 et
823 1477 900 1500 non
921 1463 1136 1515 ignobilem
1166 1462 1317 1501 dicendi
1338 1463 1577 1515 magistrum,
1603 1463 1764 1501 studiose

363 1527 529 1566 exerceri
549 1527 731 1565 solebam.
791 1528 878 1565 Post
897 1542 918 1565 a
934 1542 998 1565 me
1018 1529 1106 1566 Asia
1125 1537 1203 1566 tota
1231 1538 1424 1581 peragrata
1446 1529 1511 1573 est,
1543 1542 1634 1566 cum
1655 1528 1762 1566 sum-

363 1594 439 1632 mis
459 1593 618 1646 quidem
647 1593 873 1638 oratoribus,
904 1593 1137 1646 quibuscum
1167 1595 1366 1632 exercebar
1396 1595 1482 1648 ipsis
1509 1595 1762 1639 lubentibus;

363 1673 530 1712 quorum
550 1668 628 1697 erat
646 1661 822 1712 princeps
843 1661 1056 1713 Menippus
1077 1661 1374 1704 Stratonicenfis,
1396 1675 1482 1700 meo
1497 1661 1659 1713 judicio,
1683 1662 1764 1698 tot-3.

364 1724 466 1768 Asia,
488 1724 564 1761 illis
586 1724 840 1776 temporibus,
862 1725 1119 1763 disertiffimus
1132 1744 1144 1770 3
1175 1735 1225 1770 et,
1249 1726 1274 1763 fi
1295 1724 1394 1764 nihil
1414 1725 1552 1764 habere
1570 1726 1761 1763 molestia-

366 1804 469 1835 rum,
491 1803 560 1828 nec
585 1790 832 1843 ineptiarum,
846 1792 1071 1829 Atticorum
1090 1792 1157 1837 est,
1187 1791 1253 1831 hic
1273 1793 1452 1831 oratorin
1471 1792 1547 1831 illis
1568 1794 1761 1831 numerari

364 1857 464 1894 recte
483 1856 620 1908 potest.
976 1852 981 1853 ⁷

418 1922 675 1960 Affiduisfime
719 1932 846 1961 autem
878 1937 1034 1962 mecum
1070 1923 1146 1962 fuit
1190 1925 1397 1976 Dionysius
1431 1925 1610 1977 Magnes.
1670 1925 1763 1963 Erat

363 1990 480 2027 etiarn
500 1988 705 2040 AEschylus
737 1990 915 2035 Cnidius,
947 1991 1228 2042 Adramytenus
1263 1991 1465 2030 Xenocles.
1526 1992 1584 2029 Hi
1605 2001 1690 2029 tum
1721 1992 1763 2028 in

365 2055 454 2093 Asia
474 2054 673 2093 rhetorum
705 2056 895 2108 principes
917 2057 1226 2095 numerabantur.
1279 2058 1432 2108 Qibus
1455 2071 1531 2095 non
1559 2066 1761 2094 contentus

365 2120 552 2159 Rhodum
586 2123 686 2166 veni,
732 2136 870 2175 meque
911 2123 956 2160 ad
987 2124 1166 2168 eundem,
1210 2137 1327 2175 quem
1362 2125 1498 2163 Romae
1527 2124 1759 2167 audiveram,

365 2188 585 2232 Molonem,
629 2189 829 2241 applicavi,
875 2203 966 2227 cum
1001 2192 1166 2228 actorem
1213 2191 1251 2228 in
1293 2191 1388 2230 veris
1423 2190 1553 2235 caufis,
1599 2190 1760 2242 scripto-

366 2266 523 2304 remque
555 2255 806 2306 praestantem,
848 2266 934 2294 tum
964 2257 1004 2294 in
1034 2257 1208 2295 notandis
1244 2257 1661 2308 animadvertendisque
1700 2256 1758 2293 vi-

366 2319 444 2363 tiiS‚
475 2328 513 2356 et
545 2320 777 2358 instituendo
806 2321 1055 2374 docendoque
1077 2323 1426 2374 prudentissimum.
1487 2324 1522 2360 Is
1544 2322 1646 2359 dedit
1667 2334 1758 2372 ope·

365 2398 447 2422 ram
479 2385 521 2435 (fi
557 2385 673 2422 modo
707 2386 747 2423 id
781 2387 959 2439 consequi
990 2389 1134 2440 potuit)
1168 2398 1209 2425 ut
1241 2389 1356 2426 nimis
1392 2388 1641 2426 redundantes
1673 2398 1754 2430 nos,

364 2461 402 2487 et
443 2450 708 2503 superfluentes
735 2453 899 2503 juvenili
931 2454 1095 2504 quadam
1124 2454 1274 2491 dicendi
1305 2454 1532 2506 impunitate
1567 2462 1603 2488 ct
1634 2451 1755 2489 licen-

365 2516 430 2562 tia,
462 2517 693 2569 reprimeret,
722 2527 758 2556 et
787 2519 890 2571 quasi
923 2528 1028 2558 extra
1056 2519 1154 2572 ripas
1189 2518 1405 2558 diffluentes
1441 2526 1639 2556 coerceret.
1701 2517 1757 2554 Ita
