2176 2912
538 191 858 231 LIBER
934 191 1349 232 PRIMUS.
1570 207 1642 250 153

242 285 411 339 Qando
430 285 535 324 enim
556 298 619 323 me
648 282 716 321 ista
745 283 898 329 curasse,
930 293 995 323 aut
1016 284 1194 338 cogitasse
1213 286 1466 331 arbitramini,
1497 296 1535 324 et
1566 302 1644 326 non

242 352 390 404 semper
409 349 553 389 irrisisse
574 350 702 402 potius
722 362 858 387 eorum
878 348 1088 389 hominum
1119 351 1417 404 impudentiam,
1445 352 1526 404 qui,
1552 367 1644 391 cum

241 418 283 455 in
303 416 432 455 schola
451 415 672 461 affediffent,
703 428 750 453 ex
778 429 916 468 magna
940 414 1153 454 hominum
1185 416 1401 469 frequentia
1431 418 1554 455 dicere
1575 420 1643 470 ju-

241 483 388 527 berent,
410 482 436 520 fi
457 482 543 534 quis
564 482 659 534 quid
678 491 862 534 quaereret
881 483 893 519 ?
925 483 1043 534 Qod
1064 483 1238 535 primum
1257 482 1386 521 ferunt
1406 484 1645 522 Leontinum

241 547 368 587 feciffe
385 549 588 602 Gorgiam,
619 548 696 600 qui*
707 561 965 601 permagnum
984 548 1170 601 quiddam
1186 548 1384 602 suscipere,
1415 562 1456 586 ac
1478 548 1647 602 profiteri

241 615 455 660 videbatur,
486 628 580 653 cum
611 615 646 653 se
680 615 726 652 ad
757 616 902 660 omnia,
934 615 980 653 de
1007 615 1149 668 quibus
1179 615 1340 668 quisque
1369 615 1497 653 audire
1517 615 1645 660 vellet,

241 681 313 720 effe
332 691 507 735 paratum
528 681 784 720 denuntiaret.
807 682 940 720 Postea
958 695 1046 720 vero
1061 682 1179 735 vulgo
1195 681 1270 721 hoc
1290 681 1411 721 facere
1431 691 1647 735 coeperunt,

241 745 436 800 hodieque
455 746 631 792 faciunt,
663 756 707 785 ut
733 747 839 785 nulla
859 748 903 786 fit
923 761 994 793 res,
1025 761 1149 800 neque
1171 757 1286 793 tanta,
1320 761 1445 800 neque
1466 757 1546 786 tam
1567 749 1645 786 im-

241 813 402 866 provisa,
420 827 545 866 neque
566 821 646 852 tam
665 826 777 858 nova,
798 813 845 851 de
865 827 941 866 qua
961 813 996 852 se
1016 827 1094 852 non
1115 815 1259 859 omnia,
1276 828 1360 868 quae
1381 815 1458 852 dici
1477 814 1643 867 poffunt,

240 878 493 931 profiteantur
512 878 583 916 effe
603 878 785 916 diCturos.

297 944 416 996 Qod
449 944 476 982 fi
508 953 559 989 te,
591 945 722 989 Cotta,
752 944 963 990 arbitrarer,
994 954 1060 984 aut
1091 954 1142 991 te,
1175 945 1335 998 Sulpici,
1378 946 1424 984 de
1454 946 1499 984 iis
1532 946 1645 984 rebus

240 1010 371 1048 audire
399 1010 512 1055 velle,
543 1009 781 1048 adduxissem
811 1009 890 1048 huc
911 1012 1097 1050 Graecum
1117 1012 1301 1064 aliquem,
1333 1013 1401 1065 qui
1434 1025 1500 1050 vos
1521 1012 1646 1050 istius-

242 1076 350 1115 modi
370 1076 692 1130 disputationibus
713 1075 914 1115 delectaret
932 1092 941 1115 t
974 1078 1079 1130 quod
1109 1091 1157 1117 ne
1178 1091 1282 1116 nunc
1305 1078 1466 1130 quidem
1490 1078 1649 1116 difficile

242 1141 347 1180 faetu
365 1142 431 1180 est.
477 1142 545 1181 Est
565 1142 671 1180 enim
701 1142 802 1196 apud
823 1143 886 1181 M.
911 1143 1103 1189 Pisonem,
1137 1143 1415 1183 adolescentem
1441 1145 1525 1196 jam
1556 1143 1649 1182 huic

241 1206 368 1245 studio
387 1207 577 1252 deditum,
610 1207 765 1245 summo
794 1206 1000 1246 hominem
1027 1209 1196 1261 ingenio,
1230 1209 1425 1261 nostrique
1448 1209 1647 1262 cupidiffi-

243 1278 371 1318 m‘um,
402 1272 678 1325 Peripateticus
707 1272 860 1317 Staseas,
891 1272 1014 1312 homo
1034 1275 1145 1312 nobis
1173 1275 1257 1313 sane
1276 1275 1490 1319 familiaris,
1522 1284 1573 1320 et,
1607 1284 1651 1313 ut

242 1339 343 1377 inter
361 1338 540 1377 homines
561 1339 703 1391 peritos
725 1338 894 1377 constare
913 1340 1038 1384 video,
1070 1341 1111 1378 in
1130 1340 1201 1380 illo
1221 1341 1287 1379 suo
1311 1355 1447 1395 genere
1467 1342 1648 1380 omnium

241 1405 436 1458 princeps.

287 1471 445 1509 XXIII.
464 1471 598 1522 Qem
619 1479 661 1508 tu
682 1469 796 1516 mihi,
814 1471 943 1524 inquit
963 1472 1139 1517 Mucius,
1159 1472 1337 1517 Staseam,
1360 1486 1477 1525 quem
1492 1473 1647 1526 Peripa-

243 1538 408 1576 teticum
423 1550 548 1575 narras
563 1538 577 1574 ?
601 1537 802 1575 Gerendus
822 1537 874 1575 est
891 1538 963 1576 tibi
981 1551 1066 1576 mos
1082 1538 1400 1583 adolescentibus,
1424 1539 1562 1584 Craffe,
1582 1540 1650 1592 qui

244 1616 322 1642 non
343 1604 471 1642 Graeci
491 1603 653 1656 alicujus
674 1604 940 1656 quotidianam
961 1604 1238 1657 loquacitatem
1255 1605 1331 1644 fine
1355 1605 1436 1650 usu,
1459 1619 1583 1658 neque
1603 1619 1650 1644 ex

243 1668 385 1708 scholis
404 1669 638 1708 cantilenam
659 1671 874 1722 requirunt,
905 1670 966 1708 sed
997 1683 1043 1708 ex
1064 1669 1225 1709 homine
1245 1671 1427 1708 omnium
1453 1671 1650 1724 sapientis-

244 1734 344 1773 fimo
359 1744 475 1788 atque
495 1735 819 1788 eloquentissimo,
850 1745 964 1789 atque
984 1749 1031 1774 ex
1050 1749 1109 1781 eo,
1141 1737 1209 1789 qui
1240 1750 1318 1774 non
1340 1737 1379 1774 in
1401 1737 1556 1781 libellis,
1588 1737 1651 1775 sed

244 1799 287 1838 in
306 1802 488 1840 maximis
509 1802 642 1846 caufis,
664 1811 701 1839 et
721 1802 761 1839 in
787 1801 864 1840 hoc
885 1802 1087 1840 domicilio
1105 1803 1261 1856 imperii
1281 1812 1319 1841 et
1339 1803 1469 1856 gloriae
1490 1803 1534 1841 sit
1555 1817 1651 1841 con-

245 1866 329 1904 filio
348 1867 558 1919 linguaque
589 1867 792 1920 princeps5
824 1868 934 1919 cujus
966 1868 1122 1920 vestigia
1147 1869 1327 1921 <persequi
1359 1870 1538 1922 cupiunt,
1570 1871 1650 1922 ejus

245 1931 474 1970 sententiam
495 1931 745 1970 sciscitantur.
779 1933 975 1985 Equidem
993 1942 1029 1970 te
1050 1947 1142 1971 curn
1164 1935 1202 1971 in
1224 1934 1389 1972 dicendo
1409 1935 1556 1987 semper
1575 1949 1651 1988 pu-

245 1998 321 2036 tavi
342 1998 474 2044 deum,
506 2007 592 2036 tum
625 2012 714 2036 vero
744 1999 815 2036 tibi
847 2013 1049 2051 nunquam
1066 1999 1296 2052 eloquentiae
1325 2001 1512 2052 majorem
1533 2001 1653 2039 tribui

246 2064 416 2110 laudem,
444 2078 561 2117 quam
581 2063 835 2102 humanitatis
853 2083 864 2109 3
896 2078 971 2117 qua
992 2079 1095 2103 nunc
1117 2075 1153 2103 te
1174 2066 1232 2103 uti
1259 2066 1317 2103 vel
1339 2067 1509 2104 maxime
1529 2066 1652 2112 decet,

246 2143 371 2183 neque
390 2130 570 2183 defugere
590 2144 674 2168 eam
705 2131 1020 2183 disputationem,
1051 2131 1096 2169 ad
1117 2145 1234 2184 quam
1266 2140 1303 2170 te
1321 2131 1399 2170 duo
1428 2132 1651 2171 excellentis

247 2196 394 2249 ingenii
413 2197 667 2235 adolescentes
689 2198 853 2250 cupiunt
872 2198 1061 2236 accedere.

302 2264 390 2315 Ego
420 2276 522 2308 vero,
558 2264 701 2316 inquit,
733 2263 810 2302 istis
841 2264 999 2317 obsequi
1030 2264 1175 2310 studeo,
1208 2279 1332 2318 neque
1351 2266 1535 2319 gravabor
1564 2265 1650 2303 bre-

249 2329 345 2366 viter
364 2342 452 2366 meo
473 2342 593 2374 more,
616 2330 711 2382 quid
731 2344 884 2383 quaque
904 2331 949 2368 de
969 2345 1007 2368 re
1028 2331 1204 2376 sentiam,
1230 2331 1368 2370 dicere.
1401 2334 1461 2370 Ac
1480 2331 1654 2385 primum

249 2394 347 2432 illud
384 2395 588 2447 (quoniam
608 2397 873 2435 auetoritatem
901 2406 1008 2435 tuam
1036 2398 1242 2450 negligere,
1265 2398 1443 2443 Scaevola‚
1476 2397 1531 2436 fas
1552 2396 1652 2435 mihi

249 2460 319 2498 effe
351 2473 427 2511 non
460 2462 573 2513 puto)
607 2461 827 2515 respondeo,
860 2461 962 2501 mihi
983 2464 1136 2502 dicendi
1168 2472 1233 2501 aut
1254 2464 1401 2502 nullam
1422 2472 1557 2507 artem,
1588 2469 1653 2500 aut

332 2527 478 2567 ToM.
511 2528 544 2567 I.
1193 2530 1248 2567 V=
