2176 2912
420 203 499 255 495
870 201 1371 240 TOPICA.

480 295 687 335 Proximus
714 294 765 332 est
792 294 899 332 locus
919 307 1045 332 rerum
1077 294 1345 340 efficientium,
1374 307 1459 346 quae
1483 293 1600 332 causae
1629 294 1824 348 appellan-

414 374 508 402 tur:
542 363 677 400 deinde
698 375 825 399 rerum
857 361 1079 400 effeetarum
1112 361 1158 399 ab
1189 362 1445 400 efficientibus
1477 361 1610 400 Causls.
1670 363 1825 400 Harum

389 476 394 482 ι
420 429 609 481 exempla,
643 437 685 465 ut
716 428 956 479 reliquorum
977 427 1167 471 locorum,
1200 428 1314 481 paulo
1346 427 1574 489 ante-posui,
1607 436 1645 465 et
1666 428 1826 480 quidem

420 511 466 535 ex
481 497 569 548 jure
590 495 695 533 civili
714 510 722 532 :
755 494 817 532 sed
836 493 917 532 haec
937 504 1069 547 patent
1090 494 1216 532 latius.

477 563 568 601 XV.
603 561 814 600 Causarum
845 561 963 613 igitur
994 574 1130 613 genera
1150 560 1226 600 duo
1247 560 1346 598 sunt.
1408 562 1561 605 Unum,
1584 560 1688 613 quod
1709 561 1746 598 vi
1766 560 1827 599 sua
1858 549 1862 550 ⁷

420 630 474 675 id,
505 628 610 682 quod
632 628 699 666 sub
720 641 761 665 ea
795 627 1009 678 subjeetum
1043 626 1109 670 est,
1141 636 1243 664 certe
1272 626 1407 671 efficit,
1436 636 1484 664 >ut
1514 627 1614 679 ignis
1635 627 1823 665 accendit.

421 697 619 738 Alterum,
641 694 747 746 quod
768 702 942 731 naturam
963 692 1155 730 efficiendi
1176 706 1253 730 non
1272 691 1423 738 habeat,
1456 693 1517 731 sed
1537 693 1613 731 fine
1633 707 1710 745 quo
1726 693 1828 731 effici

421 778 497 803 non
519 762 630 816 poffit
647 779 658 805 ;
692 769 747 804 ut,
780 760 806 797 fi
827 760 913 812 quis
945 772 992 797 aes
1013 758 1163 797 causam
1183 759 1313 798 statuae
1332 759 1425 798 velit
1452 760 1591 806 dicere,
1622 759 1728 813 quod
1751 760 1828 798 fine

421 844 466 868 eo
488 842 563 867 non
584 826 697 880 poffit
717 826 831 864 effici.

476 895 609 947 Hujus
644 892 791 946 generis
824 892 1036 937 causarum,
1074 892 1149 930 fine
1185 906 1263 945 quo
1296 906 1374 930 non
1408 893 1588 937 efficitur,
1635 893 1707 931 alia
1741 892 1828 930 sunt

420 963 566 1016 quieta,
602 958 702 998 nihil
737 959 900 1011 agentia,
931 959 1067 997 stolida
1085 959 1375 1011 quodammodo
1393 978 1404 1003 ;
1438 968 1481 997 ut
1502 960 1624 1004 locus,
1656 968 1826 1011 tempus,

421 1028 604 1072 materiae,
639 1025 882 1071 ferramenta,
923 1034 961 1064 et
990 1035 1122 1064 caetera
1155 1025 1301 1079 generis
1333 1026 1516 1078 ejusdem.
1576 1025 1667 1064 Alia
1698 1034 1828 1064 autem

420 1094 712 1150 praecurfionem
747 1092 939 1145 quandam
976 1091 1161 1130 adhibent
1192 1093 1238 1130 ad
1272 1092 1537 1137 efficiendum,
1579 1101 1617 1130 et
1651 1091 1828 1144 quaedam

419 1163 582 1202 afferunt
601 1174 668 1213 per
688 1159 723 1197 se
743 1159 972 1212 adjuvantia,
994 1159 1059 1197 ets1
1081 1173 1159 1197 non
1179 1158 1391 1204 necessaria,
1408 1168 1452 1198 ut
1471 1159 1593 1197 amori
1614 1157 1826 1211 congreffio

421 1230 572 1270 causam
594 1227 778 1271 attulerit,
815 1240 922 1264 amor
947 1225 1107 1278 flagitio.
1168 1227 1230 1264 Ex
1261 1225 1337 1264 hoc
1371 1240 1509 1279 genere
1536 1226 1750 1271 causarum,
1780 1238 1828 1264 ex

420 1296 631 1336 aeternitate
650 1292 919 1346 pendentium,
951 1291 1077 1331 fatum
1096 1306 1117 1330 a
1137 1293 1274 1331 Stoicis
1296 1293 1474 1331 nectitur.

475 1365 608 1414 Atque
636 1369 679 1398 ut
708 1373 839 1397 earum
867 1359 1080 1404 causarum,
1111 1360 1188 1397 fine
1215 1359 1358 1411 quibus
1379 1359 1481 1397 effici
1502 1373 1579 1398 non
1600 1358 1736 1412 potest,
1757 1371 1828 1411 ge—

421 1443 510 1469 nera
526 1427 648 1472 divifi,
671 1427 719 1465 fic
739 1426 856 1464 etiam
877 1426 1131 1465 efficientium
1153 1425 1272 1464 dividi
1292 1425 1458 1479 poffunt.
1506 1427 1603 1464 Sunt
1621 1426 1728 1464 enim
1746 1425 1829 1464 aliae

419 1497 551 1540 causae,
569 1508 654 1548 quae
673 1493 785 1546 plane
805 1492 987 1538 efficiant,
1009 1493 1117 1531 nulla
1136 1506 1174 1530 re
1194 1493 1396 1544 adjuvante
1409 1511 1422 1538 5
1440 1492 1536 1537 aliae,
1558 1505 1642 1544 quae
1660 1491 1829 1544 adjuvari

420 1563 568 1602 velint:
601 1570 645 1598 ut
665 1559 846 1611 sapientia
873 1558 992 1597 efficit
1012 1559 1197 1611 sapientes
1228 1558 1305 1596 sola
1333 1572 1400 1610 per
1430 1558 1490 1603 se;
1527 1558 1656 1596 beatos
1685 1556 1828 1595 efficiat

420 1641 542 1668 necne
562 1626 638 1665 sola
656 1638 724 1678 per
742 1623 792 1669 se,
824 1625 981 1677 quaestio
1000 1624 1065 1663 est,
1110 1625 1253 1675 Qare,
1276 1637 1368 1663 cum
1387 1624 1428 1662 in
1445 1623 1744 1676 disputationem
1764 1624 1827 1660 in·-

420 1695 556 1735 ciderit
589 1692 697 1731 causa
722 1691 892 1729 efficiens
926 1691 1074 1743 aliquid
1106 1690 1320 1736 neceffario,
1352 1690 1428 1728 fine
1456 1689 1696 1728 dubitatione
1730 1690 1827 1728 lice-

420 1762 494 1807 bit,
516 1760 621 1814 quod
641 1758 806 1796 efficitur
826 1758 872 1795 ab
893 1771 934 1795 ea
953 1757 1074 1801 causa,
1096 1757 1339 1796 concludere.

477 1828 589 1866 XVL
624 1827 729 1864 Cum
749 1833 879 1862 autem
900 1824 971 1861 erit
992 1824 1076 1862 talis
1103 1823 1225 1869 causa,
1259 1832 1302 1862 ut
1322 1824 1362 1861 in
1389 1837 1431 1861 ea
1462 1837 1538 1862 non
1560 1823 1605 1861 fit
1634 1822 1827 1861 efficiendi

421 1894 643 1936 neceffitas3
667 1890 838 1929 necessat
830 1904 863 1928 ia
877 1890 1070 1928 conclusio
1092 1904 1168 1929 non
1189 1890 1372 1943 sequitur.
1405 1891 1538 1942 Atque
1554 1889 1651 1928 illud
1668 1890 1828 1942 quidem

420 1974 540 2013 genus
561 1958 772 2003 causarum,
795 1957 900 2009 quod
920 1956 1037 1995 habet
1057 1958 1137 1996 vim
1158 1957 1350 1996 efficiendi
1372 1956 1626 2000 neceffariam,
1657 1969 1826 1994 errorem

420 2027 551 2066 afferre
571 2039 648 2064 non
669 2024 746 2063 fere
780 2024 896 2062 solet:
920 2023 996 2063 hoc
1031 2034 1174 2068 autem,
1210 2023 1286 2061 fine
1316 2036 1394 2075 quo
1415 2036 1491 2060 non
1520 2022 1700 2066 efficitur,
1731 2021 1827 2074 saepe

420 2093 638 2132 conturbat.
698 2091 793 2130 Non
827 2091 932 2128 enim
954 2090 979 2127 fi
1002 2090 1075 2129 sine
1105 2090 1326 2142 parentibus
1358 2088 1430 2126 filii
1464 2088 1535 2126 effe
1555 2102 1632 2126 non
1653 2087 1820 2140 possunt,

420 2168 619 2213 propterea
635 2157 741 2195 causa
759 2156 835 2194 fuit
855 2157 895 2194 in
916 2157 1136 2209 parentibus
1157 2155 1341 2208 gignendi
1363 2154 1574 2194 necessaria.

475 2226 567 2264 Hoc
589 2223 719 2276 igitur,
752 2223 828 2260 fine
848 2236 927 2274 quo
948 2235 1024 2259 non
1046 2221 1103 2266 fit,
1136 2222 1181 2259 ab
1203 2235 1261 2266 eo,
1296 2221 1336 2258 in
1357 2235 1435 2273 quo
1456 2229 1557 2259 certe
1577 2220 1634 2266 fit,
1658 2219 1824 2274 diligen-

419 2300 477 2330 ter
496 2290 547 2328 est
568 2288 831 2342 separandum.
892 2286 995 2324 Illud
1012 2287 1117 2324 enim
1138 2287 1190 2324 eit
1212 2296 1419 2339 tanquam,

561 2357 707 2395 Utim‘zm
727 2369 769 2392 ne
788 2355 824 2392 in
845 2368 877 2391 il
879 2369 962 2392 mm
964 2368 980 2391 e
1000 2353 1213 2407 Pe'lmstcm
1215 2353 1292 2392 thus

559 2423 661 2475 Cassz
680 2420 844 2474 cecidgffit
863 2420 1013 2473 abicgna
1031 2419 1082 2458 ad
1093 2430 1230 2459 terram
1246 2419 1367 2459 trabes
1380 2422 1397 2459 l

421 2488 507 2528 Nifi
539 2488 645 2526 enim
679 2486 897 2525 cecidissent
924 2487 1092 2539 abiegnae
1126 2487 1171 2524 ad
1193 2496 1332 2524 terram
1353 2485 1490 2531 trabes,
1521 2486 1629 2539 Argo
1649 2484 1714 2522 illa
1729 2483 1826 2522 facta

420 2567 497 2593 non
517 2553 618 2594 effct.
651 2554 738 2593 Nec
760 2562 887 2593 tamen
908 2551 984 2592 fuit
1003 2553 1044 2591 in
1061 2552 1121 2593 his
1144 2553 1313 2593 trabibus
1330 2551 1521 2591 efficiendi
1538 2552 1594 2591 vis
1611 2550 1821 2592 necessaria.
