2176 2912
399 195 470 236 182
748 197 862 235 DE
940 197 1444 236 ORATORE

450 290 568 343 Qod
597 290 624 328 fi
654 299 697 328 tu
728 300 836 336 tunc,
869 291 1008 337 Craffe,
1039 291 1202 337 dixiffes,
1235 292 1303 344 qui
1335 291 1543 331 subfidium
1575 293 1712 331 oratori
1743 307 1789 333 ex

393 357 471 395 illis
492 357 826 410 disputationibus,
858 358 999 410 quibus
1021 356 1247 411 Philosophi
1275 359 1451 403 utuntur,
1482 358 1527 396 ad
1549 358 1700 398 dicendi
1720 373 1787 398 co-

395 425 514 476 piam,
545 425 756 477 petendum
777 425 847 463 effe
876 425 990 478 paulo
1010 434 1096 462 ante
1116 425 1266 463 dicebas
1283 444 1294 470 3
1325 435 1377 469 et,
1408 425 1434 463 fi
1455 425 1528 463 tibi
1546 438 1615 478 pro
1634 426 1678 464 P.
1701 427 1788 464 Ru-

393 490 480 529 tilio
501 505 578 529 non
599 490 925 544 Philosophorum
946 505 1065 536 more,
1088 492 1150 530 sed
1172 501 1252 536 tuo,
1270 492 1433 530 licuiffet
1453 492 1591 537 dicere,
1613 493 1789 545 quamvis

394 556 558 596 scelerati
579 557 637 595 illi
657 556 822 602 fuissent,
855 558 964 595 sicuti
983 557 1154 602 fuerunt,
1186 557 1352 610 pestiferi
1379 558 1492 602 cives,
1525 558 1790 611 supplicioque

394 623 515 675 digni,
547 633 674 661 tamen
694 637 853 661 omnem
874 638 1007 661 eorum
1039 624 1375 675 importunitatem
1406 637 1453 661 ex
1474 624 1623 662 intimis
1643 626 1788 663 menti-

394 689 465 726 bus
486 689 665 726 evellisset
687 690 741 727 vis
762 690 941 726 orationis
962 698 1050 726 tuae.
1101 688 1221 726 Nunc
1241 689 1327 726 talis
1349 689 1406 726 vir
1422 690 1575 727 arniffus
1596 690 1661 734 est,
1694 691 1789 728 dum

393 756 501 793 causa
520 757 571 793 ita
591 755 744 799 dicitur,
777 764 820 792 ut
841 755 866 792 fi
902 755 941 792 in
969 755 1034 792 illa
1053 755 1322 792 commentitia
1344 755 1515 793 Platonis
1549 756 1702 794 civitate
1733 770 1788 794 res

391 831 576 874 ageretur.
628 822 759 859 Nemo
780 821 985 873 ingemuit,
1017 834 1133 859 nemo
1153 821 1374 859 inclamavit
1394 831 1658 874 patronorum,
1690 821 1790 860 nihil

390 889 573 940 cuiquam
607 888 747 932 doluit,
779 901 895 926 nemo
925 888 976 925 est
1006 887 1172 939 questus,
1204 901 1319 926 nemo
1340 889 1622 941 rempublicam
1643 889 1788 942 implo-

392 955 500 999 ravit,
522 967 637 992 nemo
658 954 896 1007 supplicavit.
930 953 1039 1004 Qid
1058 954 1183 991 multa
1200 955 1213 990 ?
1244 955 1382 1007 pedem
1402 968 1518 993 nemo
1538 956 1578 993 in
1599 956 1668 994 illo
1678 955 1788 1009 judi-

391 1022 453 1059 cio
472 1017 653 1074 supplosit
670 1040 680 1066 ;
711 1021 839 1065 credo,
861 1032 908 1058 ne
928 1021 1063 1058 Stoicis
1084 1022 1376 1059 renuntiaretur.

446 1089 556 1127 LIV.
575 1089 752 1126 Imitatus
773 1088 826 1125 est
844 1086 965 1126 homo
982 1089 1182 1126 Romanus
1203 1097 1242 1126 et
1261 1088 1466 1127 consularis
1487 1097 1654 1126 veterem
1673 1086 1789 1127 illum

392 1156 597 1200 Socratem,
630 1155 713 1207 qui,
747 1167 840 1192 cum
859 1154 1039 1192 omnium
1061 1154 1348 1207 sapientiffimus
1369 1154 1470 1198 effet,
1490 1154 1791 1207 sanctiffimeque

391 1222 553 1267 vi'xifl'et,
585 1223 636 1260 ita
655 1223 695 1259 in
723 1222 873 1274 judicio
892 1222 1027 1273 capitis
1048 1234 1117 1273 pro
1150 1222 1184 1258 se
1204 1222 1280 1274 ipse
1298 1221 1411 1266 dixit,
1443 1230 1486 1259 ut
1518 1234 1597 1259 non
1616 1221 1790 1274 supplex,

390 1298 454 1326 aut
474 1302 571 1332 reus,
595 1288 654 1326 sed
668 1288 842 1340 magister
857 1296 922 1325 aut
942 1287 1122 1325 dominus
1139 1287 1328 1325 videretur
1342 1287 1414 1325 ess‘e
1426 1287 1622 1339 judicum.
1657 1287 1789 1339 Qin-

391 1356 522 1398 etiarn,
555 1368 647 1392 cum
677 1355 711 1392 ei
731 1354 910 1407 scriptam
929 1354 1140 1393 orationem
1160 1354 1419 1392 disertiffimus
1439 1362 1564 1392 orator
1583 1347 1710 1404 Lyfias
1731 1362 1790 1391 at·-

391 1420 546 1465 tuliffet‚
578 1435 710 1473 quam,
742 1421 768 1458 fi
789 1421 823 1458 ei
843 1420 1048 1465 vider-etur,
1079 1419 1272 1465 edisceret,
1304 1430 1347 1458 ut
1372 1433 1414 1458 ea
1433 1433 1502 1473 pro
1518 1419 1557 1457 >se
1586 1419 1625 1456 in
1639 1418 1791 1471 judicio

393 1495 574 1532 uteretur,
598 1501 675 1525 non
692 1487 833 1524 invitus
855 1487 962 1538 legit,
985 1496 1021 1524 et
1041 1487 1248 1525 commode
1268 1487 1447 1539 scriptam
1467 1485 1537 1524 effe
1558 1485 1657 1524 dixit
1675 1500 1683 1523 :
1713 1485 1789 1529 sed,

390 1554 532 1605 inquit,
554 1562 609 1596 ut,
632 1552 656 1589 fi
679 1551 778 1590 mihi
798 1552 943 1590 calceos
965 1552 1160 1602 Sicyonios
1179 1552 1373 1596 attulifl‘es‚
1395 1566 1472 1590 non
1494 1560 1630 1596 uterer,
1649 1564 1791 1604 quam-

390 1620 446 1657 vis
467 1618 582 1656 effent
603 1616 762 1662 habiles,
793 1627 834 1655 et
867 1617 944 1669 apti
965 1617 1010 1654 ad
1032 1617 1183 1669 pedem,
1213 1618 1303 1669 quia
1323 1631 1400 1656 non
1420 1616 1536 1655 effent
1556 1617 1708 1661 viriles,
1741 1617 1790 1654 fic

389 1686 499 1724 illam
535 1685 747 1723 orationem
778 1684 955 1722 disertam
988 1684 1055 1721 fibi
1088 1693 1126 1721 et
1169 1685 1372 1722 oratoriam
1402 1683 1536 1728 videri,
1577 1682 1720 1721 fortem
1751 1692 1791 1721 et

389 1751 541 1789 virilem
562 1765 638 1789 non
658 1751 792 1789 videri.
838 1751 944 1802 Ergo
965 1750 1029 1788 ille
1058 1763 1213 1802 quoque
1233 1750 1433 1788 damnatus
1463 1749 1543 1794 est;
1576 1762 1699 1801 neque
1729 1748 1789 1786 so-

392 1819 475 1856 lum
496 1818 631 1870 primis
652 1817 858 1862 sententiis,
882 1817 1022 1868 quibus
1045 1825 1194 1855 tantum
1213 1816 1426 1855 statuebant
1440 1816 1606 1868 judices,
1628 1815 1789 1853 damna-

391 1894 473 1922 rent
493 1899 538 1922 an
559 1884 806 1938 absolverent,
829 1884 890 1921 sed
909 1884 1025 1921 etiam
1045 1884 1136 1928 illis,
1156 1897 1246 1936 quas
1270 1884 1409 1921 iterum
1430 1882 1581 1935 legibus
1602 1881 1699 1919 ferre
1718 1881 1787 1919 de-

391 1951 543 1988 bebant.
604 1951 695 1988 Erat
716 1950 821 1987 enim
844 1948 1022 1994 Athenis,
1046 1963 1108 1987 reo
1128 1949 1320 1994 damnato,
1351 1949 1376 1986 fi
1398 1948 1499 1986 fraus
1519 1947 1690 1999 capitalis
1711 1961 1788 1985 non

389 2017 491 2061 estet,
514 2017 615 2069 quasi
637 2030 759 2069 poenae
791 2016 1000 2055 aestimatio.
1044 2017 1105 2053 Ex
1127 2016 1321 2059 sententia,
1353 2028 1445 2052 cum
1460 2013 1658 2065 judicibus
1680 2012 1788 2050 dare-

390 2092 465 2127 tur,
502 2083 803 2134 interrogabatur
822 2095 919 2126 reus,
951 2095 1068 2133 quam
1087 2081 1188 2133 quasi
1210 2080 1501 2118 aestimationem
1523 2078 1788 2116 commeruisse

390 2148 424 2185 se
446 2150 615 2186 maxime
642 2148 913 2185 confiteretur:
947 2146 1050 2198 quod
1085 2160 1176 2184 cum
1211 2146 1461 2197 interrogatus
1483 2146 1649 2182 Socrates
1683 2144 1785 2189 esset,

391 2214 595 2266 respondit,
641 2214 711 2252 sese
746 2205 932 2257 meruiffe,
965 2222 1007 2251 ut
1038 2212 1277 2265 amplissimis
1311 2211 1523 2250 honoribus
1551 2220 1589 2248 et
1620 2211 1786 2263 praemiis

390 2281 641 2324 decoraretur,
664 2290 700 2318 et
723 2289 764 2317 ut
784 2281 818 2317 ei
838 2281 957 2317 victus
979 2279 1225 2331 quotidianus
1243 2279 1282 2315 in
1305 2279 1492 2330 Prytaneo
1512 2277 1669 2330 publice
1689 2291 1787 2330 prae-

390 2345 568 2390 berctus,
603 2346 670 2398 qui
691 2345 812 2383 honos
830 2345 929 2396 apud
946 2346 1100 2382 Graecos
1122 2344 1315 2382 maximus
1336 2343 1551 2381 haberetur.
1584 2343 1705 2394 Cujus
1728 2356 1787 2379 re-

389 2411 520 2463 sponso
539 2411 588 2448 sic
604 2411 754 2463 judices
775 2411 1001 2455 exarserunt,
1045 2418 1087 2447 ut
1121 2410 1254 2462 capitis
1286 2408 1490 2447 hominem
1521 2407 1786 2446 innocentiffi-

392 2491 502 2516 mum
522 2478 833 2515 condemnarent.
881 2476 962 2526 (Qui
983 2476 1141 2527 quidem
1163 2476 1188 2513 si
1209 2475 1400 2512 absolutus
1424 2474 1524 2520 esset,
1558 2473 1681 2526 (quod
1701 2486 1787 2510 me-

389 2541 558 2588 hercule,
575 2543 719 2581 etiamfi
740 2541 837 2580 nihil
860 2543 906 2580 ad
927 2555 995 2580 nos
1016 2541 1194 2595 pertinet,
1217 2550 1344 2579 tamen
1365 2549 1519 2594 propter
1538 2541 1619 2593 ejus
1639 2538 1787 2591 ingenii
