2176 2912
769 215 1271 256 TOPICA.
1644 231 1724 272 495

372 310 585 365 Appellant
609 317 741 347 autem
771 309 959 347 dialeffici
992 322 1078 347 eam
1105 308 1394 347 conclusionem
1419 311 1652 362 argumenti,
1683 312 1725 350 in

317 392 406 430 qua,
436 390 529 415 cum
561 375 734 429 primum
766 374 1020 428 assumpseris,
1051 374 1297 427 consequitur
1316 375 1369 420 id,
1403 376 1507 428 quod
1527 390 1724 416 annexum

315 444 382 488 est,
413 443 588 496 primum
608 441 865 495 conclusionis
887 442 1066 480 modum.
1113 442 1219 479 Cum
1240 441 1295 487 id,
1316 443 1422 494 quod
1442 456 1636 481 annexum
1656 443 1723 488 est,

316 508 477 561 negaris,
510 517 553 546 ut
583 507 623 545 id
643 521 814 559 quoque,
836 508 899 546 cui
928 506 1044 545 fuerit
1075 521 1285 552 annexum,
1316 508 1537 560 negandum
1559 509 1603 546 s1t
1619 527 1630 553 ;
1667 510 1725 547 se-

314 575 466 613 cundus
485 574 700 628 appellatur
719 574 977 613 concludendi
997 574 1150 613 modus.
1211 574 1316 613 Cum
1337 583 1466 612 autem
1486 574 1614 626 aliqua
1631 589 1725 613 con-

311 643 446 696 juncta
475 642 638 695 negaris,
669 650 707 680 et
737 640 799 680 his
829 641 902 680 alia
922 643 1074 695 negatio
1108 641 1234 679 rursus
1265 641 1501 694 adjungitur,
1533 650 1571 679 et
1591 655 1639 680 ex
1664 641 1725 680 his

316 710 491 762 primum
512 708 728 762 sumpseris,
749 718 807 754 ut,
829 709 935 761 quod
950 708 1196 762 relinquitur,
1214 707 1432 747 tollendum
1452 709 1520 753 iit;
1543 707 1574 746 is
1592 710 1728 747 tertius

314 776 529 828 appellatur
547 774 804 814 conclusionis
825 775 979 814 modus.

372 844 435 880 Ex
465 841 542 881 hoc
573 842 640 879 illa
675 840 874 880 rhetorum
904 842 991 880 sunt
1022 855 1069 880 ex
1089 842 1288 880 contrariis
1319 840 1511 886 conclusa,
1544 855 1630 893 quae
1656 842 1726 894 ipsi

316 908 608 960 enthymemata
627 907 821 960 appellant
839 923 848 946 ε
881 921 959 946 non
986 907 1091 960 quod
1119 921 1195 946 non
1216 908 1344 945 omnis
1365 907 1552 945 sententia
1571 909 1728 961 proprio

315 976 476 1013 nomine
495 973 747 1027 enthymema
765 975 927 1019 dicatur,
950 974 1026 1020 sed,
1052 982 1095 1012 ut
1117 975 1330 1019 Homerus,
1352 983 1510 1027 propter
1529 975 1726 1013 excellen-

315 1042 426 1087 tiam,
446 1055 659 1080 commune
678 1050 880 1095 poetarum
900 1055 1044 1080 nornen
1064 1040 1184 1079 efficit
1203 1040 1305 1093 apud
1327 1042 1484 1079 Graecos
1501 1040 1615 1079 suum
1631 1060 1642 1086 ς
1662 1041 1728 1088 fic,

316 1122 410 1146 cum
436 1109 564 1147 omnis
586 1108 771 1147 sententia
800 1107 1051 1160 enthymema
1080 1108 1242 1152 dicatur,
1273 1108 1365 1160 quia
1384 1107 1536 1145 videtur
1555 1121 1611 1152 ea,
1643 1122 1730 1160 quae

316 1187 364 1212 ex
384 1175 582 1213 contrariis
615 1174 856 1219 conficiatur,
888 1175 1115 1219 acutissima,
1149 1173 1224 1212 sola
1254 1174 1406 1227 proprie
1439 1187 1583 1212 nomen
1615 1188 1728 1212 com-

315 1255 436 1279 mune
456 1241 629 1294 poffidet.
690 1242 785 1294 Ejus
817 1241 966 1294 generis
987 1240 1069 1279 haec
1090 1242 1203 1286 sunt;
1236 1243 1350 1279 Hunc
1373 1251 1540 1286 metuere,
1574 1242 1730 1280 alterum

317 1307 354 1346 z'n
373 1316 470 1346 metu
488 1322 556 1346 non
569 1316 715 1360 ponere.
753 1309 862 1352 Eam,
885 1322 990 1360 quam
1009 1308 1104 1346 nihil
1117 1321 1205 1346 acen
1220 1322 1273 1351 as,
1296 1306 1455 1345 damnas.
1506 1308 1604 1345 Bene
1623 1322 1729 1360 quam

315 1374 481 1412 meritam
499 1373 559 1428 ejffi’
576 1383 757 1419 autumas,
779 1373 865 1413 dicis
883 1374 972 1412 male
990 1374 1131 1413 mereri.
1163 1373 1221 1418 Id,
1244 1373 1427 1427 qmdstis,
1442 1373 1583 1426 prodest
1611 1373 1727 1412 nihil.-

316 1439 365 1485 id,
387 1440 482 1494 quod
495 1441 614 1494 mstis,
636 1440 735 1494 obest.

372 1507 486 1545 XIV.
520 1507 612 1545 Hoc
633 1506 834 1545 differendi
852 1520 972 1559 genus
993 1506 1151 1559 attingit
1171 1506 1333 1544 omnino
1353 1505 1487 1544 vestras
1509 1519 1665 1558 quoque
1686 1505 1728 1544 in

317 1572 580 1625 respondendo
599 1573 888 1626 disputatione8‚
904 1573 965 1611 sed
984 1570 1312 1625 Philosophorum
1333 1573 1481 1624 magi53
1513 1572 1656 1624 quibus
1677 1572 1729 1610 est

315 1652 411 1676 cum
440 1639 655 1678 oratoribus
683 1639 750 1677 illa
768 1653 816 1677 ex
833 1639 1138 1692 repugnantibus
1161 1638 1357 1677 sententiis
1378 1639 1602 1676 communis
1631 1652 1728 1676 con-

316 1705 451 1750 clufio,
473 1720 558 1758 quae
577 1719 599 1743 a
617 1705 825 1744 dialecticis
842 1707 977 1743 tertius
998 1706 1153 1750 modus,
1177 1719 1197 1742 a
1217 1704 1436 1743 rhetoribus
1458 1703 1725 1756 enthymema,

317 1781 576 1824 nuncupatur.
610 1772 771 1824 Reliqui
791 1772 1083 1810 dialefflcorum
1104 1773 1210 1810 modi
1231 1773 1357 1825 plures
1378 1772 1479 1817 sunt,
1494 1772 1563 1824 qui
1584 1785 1629 1809 ex
1649 1771 1727 1809 dis-

312 1838 582 1889 junitionibus
598 1838 742 1876 constat
754 1856 766 1883 3
784 1839 869 1877 Aut
880 1839 956 1883 hoc,
973 1849 1039 1877 aut
1052 1838 1156 1877 illud:
1173 1839 1237 1877 hoc
1247 1848 1366 1878 autem
1382 1858 1393 1884 ;
1412 1853 1479 1877 non
1495 1838 1611 1891 igilur
1626 1837 1726 1877 illud.

317 1906 511 1958 Itemque,
533 1907 618 1944 Aut
636 1905 713 1950 hoc,
748 1915 816 1944 aut
835 1905 944 1945 illud:
975 1920 1043 1944 non
1063 1915 1181 1944 autem
1207 1907 1270 1945 hoc
1287 1925 1297 1950 ;
1332 1906 1422 1944 illm!
1437 1907 1566 1958 igitur.
1628 1907 1727 1957 Qae

317 1972 579 2010 conclusiones
614 1972 759 2011 idcirco
779 1981 866 2011 ratae
900 1973 1001 2018 sunt,
1035 1972 1140 2025 quod
1171 1973 1210 2010 in
1242 1972 1497 2025 disjunffione
1531 1972 1618 2024 plus
1651 1985 1730 2010 uno

316 2052 452 2078 verum
472 2038 544 2077 effe
564 2052 642 2078 non
663 2039 799 2092 potest.

372 2107 503 2158 Atque
522 2119 569 2144 ex
590 2106 636 2144 iis
667 2105 995 2151 conclusionibus,
1017 2119 1109 2158 quas
1132 2105 1240 2158 supra
1260 2105 1398 2157 scripsi,
1428 2106 1531 2157 prior
1552 2112 1725 2156 quartus,

317 2172 500 2225 posterior
519 2173 693 2225 quintus,
724 2186 745 2210 a
764 2172 972 2211 dialecticis
995 2173 1132 2211 modus
1153 2173 1380 2225 appellatur.
1413 2171 1564 2210 Deinde
1579 2171 1727 2209 addunt

317 2239 640 2290 conjunCtionum
658 2240 891 2292 negantiam,
913 2240 962 2278 fic
976 2258 987 2285 ς
1011 2241 1096 2279 Non
1117 2249 1152 2278 et
1172 2239 1234 2278 hoc
1250 2238 1306 2292 ss,
1325 2248 1359 2277 et
1375 2238 1485 2277 illud:
1507 2239 1724 2281 [meantem

317 2319 386 2343 non
405 2305 522 2358 igitur
541 2305 640 2344 illud.
700 2307 781 2344 Hic
808 2307 948 2345 modus
969 2307 1022 2344 est
1047 2306 1187 2344 sextus.
1249 2307 1443 2359 Septimus
1465 2315 1608 2348 autem,
1640 2305 1726 2341 Non

317 2380 354 2410 et
372 2371 449 2416 hoc,
480 2380 515 2409 et
534 2371 648 2410 illud:
678 2386 746 2410 non
766 2382 884 2411 autem
904 2373 967 2411 hoc
982 2391 994 2418 ;
1026 2372 1117 2411 illud
1131 2372 1259 2424 igitur.
1311 2373 1372 2410 Ex
1393 2371 1452 2409 his
1475 2363 1598 2408 modis
1628 2382 1724 2405 con—

318 2437 506 2476 clufiones
527 2438 827 2476 innumerabiles
848 2439 1068 2484 nascuntur,
1090 2439 1128 2476 in
1146 2452 1225 2490 quo
1245 2438 1296 2475 est
1317 2437 1395 2476 fere
1415 2447 1493 2475 tota
1513 2434 1722 2473 dialeffitica,

320 2503 391 2542 Sed
412 2517 459 2542 ne
477 2517 528 2542 eae
547 2504 722 2558 quidem,
745 2517 836 2558 quas
857 2504 1030 2558 exposui,
1061 2505 1106 2543 ad
1128 2504 1226 2543 hanc
1247 2504 1531 2543 institutionem
1550 2501 1634 2539 sunt
1656 2512 1724 2539 ne-

319 2569 494 2611 cessariae.
