<?xml version="1.0" encoding="UTF-8"?>
<!DOCTYPE html PUBLIC "-//W3C//DTD XHTML 1.0 Transitional//EN"
    "http://www.w3.org/TR/xhtml1/DTD/xhtml1-transitional.dtd">
<html xmlns="http://www.w3.org/1999/xhtml" xml:lang="en" lang="en">
 <head>
  <title>
</title>
<meta http-equiv="Content-Type" content="text/html;charset=utf-8" />
  <meta name='ocr-system' content='tesseract 3.04.00' />
  <meta name='ocr-capabilities' content='ocr_page ocr_carea ocr_par ocr_line ocrx_word'/>
</head>
<body>
  <div class='ocr_page' id='page_1' title='image "./operacumindicibu01ciceuoft_0499.png"; bbox 0 0 2176 2912; ppageno 0'>
   <div class='ocr_carea' id='block_1_1' title="bbox 747 188 1700 246">
    <p class='ocr_par' dir='ltr' id='par_1_1' title="bbox 747 188 1700 246">
     <span class='ocr_line' id='line_1_1' title="bbox 747 188 1700 246; baseline 0.002 -17"><span class='ocrx_word' id='word_1_1' title='bbox 747 188 1249 229; x_wconf 76' lang='lat' dir='ltr'><strong>ToPICA.</strong></span> <span class='ocrx_word' id='word_1_2' title='bbox 1619 193 1700 246; x_wconf 77' lang='lat'><strong>487</strong></span> 
     </span>
    </p>
   </div>
   <div class='ocr_carea' id='block_1_2' title="bbox 296 280 1734 2513">
    <p class='ocr_par' dir='ltr' id='par_1_2' title="bbox 298 280 1703 469">
     <span class='ocr_line' id='line_1_2' title="bbox 298 280 1700 334; baseline -0.001 -11"><span class='ocrx_word' id='word_1_3' title='bbox 298 283 394 329; x_wconf 87' lang='lat' dir='ltr'><strong>filio,</strong></span> <span class='ocrx_word' id='word_1_4' title='bbox 417 283 558 323; x_wconf 89' lang='lat' dir='ltr'><strong>mulier</strong></span> <span class='ocrx_word' id='word_1_5' title='bbox 577 280 864 320; x_wconf 66' lang='lat' dir='ltr'><strong>usumfruecum</strong></span> <span class='ocrx_word' id='word_1_6' title='bbox 884 295 961 319; x_wconf 91' lang='lat' dir='ltr'><strong>non</strong></span> <span class='ocrx_word' id='word_1_7' title='bbox 981 281 1147 320; x_wconf 89' lang='lat' dir='ltr'><strong>amittet.</strong></span> <span class='ocrx_word' id='word_1_8' title='bbox 1187 281 1305 334; x_wconf 85' lang='lat' dir='ltr'><strong>Qod</strong></span> <span class='ocrx_word' id='word_1_9' title='bbox 1325 281 1430 321; x_wconf 85' lang='lat' dir='ltr'><strong>enim</strong></span> <span class='ocrx_word' id='word_1_10' title='bbox 1452 283 1565 322; x_wconf 88' lang='lat' dir='ltr'><strong>semel</strong></span> <span class='ocrx_word' id='word_1_11' title='bbox 1587 284 1700 322; x_wconf 84' lang='lat' dir='ltr'><strong>testa-</strong></span> 
     </span>
     <span class='ocr_line' id='line_1_3' title="bbox 298 347 1703 394; baseline 0.001 -6"><span class='ocrx_word' id='word_1_12' title='bbox 298 360 432 388; x_wconf 87' lang='lat' dir='ltr'><strong>mento</strong></span> <span class='ocrx_word' id='word_1_13' title='bbox 451 349 567 387; x_wconf 89' lang='lat' dir='ltr'><strong>alicui</strong></span> <span class='ocrx_word' id='word_1_14' title='bbox 587 348 722 385; x_wconf 89' lang='lat' dir='ltr'><strong>datum</strong></span> <span class='ocrx_word' id='word_1_15' title='bbox 741 347 808 391; x_wconf 90' lang='lat' dir='ltr'><strong>est,</strong></span> <span class='ocrx_word' id='word_1_16' title='bbox 838 347 879 385; x_wconf 94' lang='lat' dir='ltr'><strong>id</strong></span> <span class='ocrx_word' id='word_1_17' title='bbox 909 347 956 385; x_wconf 89' lang='lat' dir='ltr'><strong>ab</strong></span> <span class='ocrx_word' id='word_1_18' title='bbox 990 360 1036 385; x_wconf 85' lang='lat' dir='ltr'><strong>eo</strong></span> <span class='ocrx_word' id='word_1_19' title='bbox 1055 347 1192 392; x_wconf 89' lang='lat' dir='ltr'><strong>invito,</strong></span> <span class='ocrx_word' id='word_1_20' title='bbox 1227 348 1292 385; x_wconf 87' lang='lat' dir='ltr'><strong>cui</strong></span> <span class='ocrx_word' id='word_1_21' title='bbox 1312 348 1445 387; x_wconf 89' lang='lat' dir='ltr'><strong>datum</strong></span> <span class='ocrx_word' id='word_1_22' title='bbox 1465 349 1531 394; x_wconf 89' lang='lat' dir='ltr'><strong>est,</strong></span> <span class='ocrx_word' id='word_1_23' title='bbox 1562 349 1703 389; x_wconf 82' lang='lat' dir='ltr'><strong>auferri</strong></span> 
     </span>
     <span class='ocr_line' id='line_1_4' title="bbox 298 414 1655 469; baseline 0.001 -15"><span class='ocrx_word' id='word_1_24' title='bbox 298 430 375 455; x_wconf 89' lang='lat' dir='ltr'><strong>non</strong></span> <span class='ocrx_word' id='word_1_25' title='bbox 395 415 531 469; x_wconf 89' lang='lat' dir='ltr'><strong>potest.</strong></span> <span class='ocrx_word' id='word_1_26' title='bbox 570 415 777 467; x_wconf 85' lang='lat' dir='ltr'>Repugnat</span> <span class='ocrx_word' id='word_1_27' title='bbox 796 414 902 451; x_wconf 86' lang='lat' dir='ltr'><strong>enim</strong></span> <span class='ocrx_word' id='word_1_28' title='bbox 919 415 1017 452; x_wconf 58' lang='lat' dir='ltr'><strong>reete</strong></span> <span class='ocrx_word' id='word_1_29' title='bbox 1037 414 1222 466; x_wconf 85' lang='lat' dir='ltr'><strong>accipere,</strong></span> <span class='ocrx_word' id='word_1_30' title='bbox 1243 424 1280 452; x_wconf 85' lang='lat' dir='ltr'><strong>et</strong></span> <span class='ocrx_word' id='word_1_31' title='bbox 1299 415 1469 454; x_wconf 86' lang='lat' dir='ltr'><strong>invitum</strong></span> <span class='ocrx_word' id='word_1_32' title='bbox 1488 416 1655 455; x_wconf 80' lang='lat' dir='ltr'><strong>reddere.</strong></span> 
     </span>
    </p>

    <p class='ocr_par' dir='ltr' id='par_1_3' title="bbox 296 478 1708 931">
     <span class='ocr_line' id='line_1_5' title="bbox 352 478 1702 535; baseline 0.001 -16"><span class='ocrx_word' id='word_1_33' title='bbox 352 482 417 519; x_wconf 91' lang='lat' dir='ltr'><strong>Ab</strong></span> <span class='ocrx_word' id='word_1_34' title='bbox 451 480 709 519; x_wconf 84' lang='lat' dir='ltr'><strong>efficientibus</strong></span> <span class='ocrx_word' id='word_1_35' title='bbox 742 479 873 525; x_wconf 84' lang='lat' dir='ltr'><strong>caufis,</strong></span> <span class='ocrx_word' id='word_1_36' title='bbox 905 478 979 518; x_wconf 92' lang='lat' dir='ltr'><strong>hoc</strong></span> <span class='ocrx_word' id='word_1_37' title='bbox 1000 479 1145 525; x_wconf 88' lang='lat' dir='ltr'><strong>modo;</strong></span> <span class='ocrx_word' id='word_1_38' title='bbox 1180 480 1381 519; x_wconf 83' lang='lat' dir='ltr'><strong>Omnibus</strong></span> <span class='ocrx_word' id='word_1_39' title='bbox 1406 481 1459 519; x_wconf 90' lang='lat' dir='ltr'><strong>est</strong></span> <span class='ocrx_word' id='word_1_40' title='bbox 1486 483 1551 533; x_wconf 88' lang='lat' dir='ltr'><strong>jus</strong></span> <span class='ocrx_word' id='word_1_41' title='bbox 1578 484 1702 535; x_wconf 84' lang='lat' dir='ltr'><strong>parie-</strong></span> 
     </span>
     <span class='ocr_line' id='line_1_6' title="bbox 299 546 1701 599; baseline 0.001 -14"><span class='ocrx_word' id='word_1_42' title='bbox 299 556 379 586; x_wconf 87' lang='lat' dir='ltr'><strong>tem</strong></span> <span class='ocrx_word' id='word_1_43' title='bbox 400 547 590 585; x_wconf 64' lang='lat' dir='ltr'><strong>directum</strong></span> <span class='ocrx_word' id='word_1_44' title='bbox 619 548 666 584; x_wconf 87' lang='lat' dir='ltr'><strong>ad</strong></span> <span class='ocrx_word' id='word_1_45' title='bbox 685 547 869 599; x_wconf 86' lang='lat' dir='ltr'><strong>parietem</strong></span> <span class='ocrx_word' id='word_1_46' title='bbox 890 559 1145 584; x_wconf 89' lang='lat' dir='ltr'><strong>communem</strong></span> <span class='ocrx_word' id='word_1_47' title='bbox 1176 546 1397 598; x_wconf 87' lang='lat' dir='ltr'><strong>adjungere,</strong></span> <span class='ocrx_word' id='word_1_48' title='bbox 1428 548 1488 585; x_wconf 84' lang='lat' dir='ltr'><strong>vel</strong></span> <span class='ocrx_word' id='word_1_49' title='bbox 1519 547 1701 594; x_wconf 90' lang='lat' dir='ltr'><strong>solidum,</strong></span> 
     </span>
     <span class='ocr_line' id='line_1_7' title="bbox 296 612 1703 665; baseline 0.001 -14"><span class='ocrx_word' id='word_1_50' title='bbox 296 614 356 651; x_wconf 88' lang='lat' dir='ltr'><strong>vel</strong></span> <span class='ocrx_word' id='word_1_51' title='bbox 376 613 611 652; x_wconf 85' lang='lat' dir='ltr'><strong>fornicatum</strong></span> <span class='ocrx_word' id='word_1_52' title='bbox 630 628 638 651; x_wconf 89' lang='lat'>:</span> <span class='ocrx_word' id='word_1_53' title='bbox 662 622 700 651; x_wconf 91' lang='lat' dir='ltr'><strong>at</strong></span> <span class='ocrx_word' id='word_1_54' title='bbox 718 613 744 650; x_wconf 87' lang='lat' dir='ltr'>fi</span> <span class='ocrx_word' id='word_1_55' title='bbox 760 613 846 665; x_wconf 86' lang='lat' dir='ltr'><strong>quis</strong></span> <span class='ocrx_word' id='word_1_56' title='bbox 867 613 906 650; x_wconf 90' lang='lat' dir='ltr'><strong>in</strong></span> <span class='ocrx_word' id='word_1_57' title='bbox 927 613 1067 665; x_wconf 86' lang='lat' dir='ltr'><strong>pariete</strong></span> <span class='ocrx_word' id='word_1_58' title='bbox 1087 613 1291 650; x_wconf 87' lang='lat' dir='ltr'><strong>communi</strong></span> <span class='ocrx_word' id='word_1_59' title='bbox 1307 612 1554 652; x_wconf 86' lang='lat' dir='ltr'><strong>demoliendo</strong></span> <span class='ocrx_word' id='word_1_60' title='bbox 1570 614 1703 653; x_wconf 87' lang='lat' dir='ltr'><strong>damni</strong></span> 
     </span>
     <span class='ocr_line' id='line_1_8' title="bbox 296 678 1701 733; baseline 0.001 -15"><span class='ocrx_word' id='word_1_61' title='bbox 296 679 430 718; x_wconf 67' lang='lat' dir='ltr'><strong>infe&amp;i</strong></span> <span class='ocrx_word' id='word_1_62' title='bbox 452 679 682 733; x_wconf 83' lang='lat' dir='ltr'><strong>promi-serit,</strong></span> <span class='ocrx_word' id='word_1_63' title='bbox 713 693 790 717; x_wconf 85' lang='lat' dir='ltr'><strong>non</strong></span> <span class='ocrx_word' id='word_1_64' title='bbox 810 679 967 717; x_wconf 89' lang='lat' dir='ltr'><strong>debebit</strong></span> <span class='ocrx_word' id='word_1_65' title='bbox 987 679 1156 732; x_wconf 86' lang='lat' dir='ltr'><strong>praestare</strong></span> <span class='ocrx_word' id='word_1_66' title='bbox 1176 679 1281 732; x_wconf 92' lang='lat' dir='ltr'><strong>quod</strong></span> <span class='ocrx_word' id='word_1_67' title='bbox 1300 678 1429 718; x_wconf 85' lang='lat' dir='ltr'><strong>fornix</strong></span> <span class='ocrx_word' id='word_1_68' title='bbox 1449 681 1535 718; x_wconf 89' lang='lat' dir='ltr'><strong>vitii</strong></span> <span class='ocrx_word' id='word_1_69' title='bbox 1554 680 1701 720; x_wconf 91' lang='lat' dir='ltr'><strong>fecerit.</strong></span> 
     </span>
     <span class='ocr_line' id='line_1_9' title="bbox 299 745 1699 797; baseline 0.001 -13"><span class='ocrx_word' id='word_1_70' title='bbox 299 747 394 784; x_wconf 90' lang='lat' dir='ltr'><strong>Non</strong></span> <span class='ocrx_word' id='word_1_71' title='bbox 429 746 534 784; x_wconf 91' lang='lat' dir='ltr'><strong>enim</strong></span> <span class='ocrx_word' id='word_1_72' title='bbox 569 746 649 797; x_wconf 89' lang='lat' dir='ltr'><strong>ejus</strong></span> <span class='ocrx_word' id='word_1_73' title='bbox 671 745 780 789; x_wconf 91' lang='lat' dir='ltr'><strong>vitio,</strong></span> <span class='ocrx_word' id='word_1_74' title='bbox 813 745 880 797; x_wconf 90' lang='lat' dir='ltr'><strong>qui</strong></span> <span class='ocrx_word' id='word_1_75' title='bbox 911 745 1118 783; x_wconf 88' lang='lat' dir='ltr'><strong>demolitus</strong></span> <span class='ocrx_word' id='word_1_76' title='bbox 1150 745 1216 790; x_wconf 89' lang='lat' dir='ltr'><strong>est,</strong></span> <span class='ocrx_word' id='word_1_77' title='bbox 1238 745 1425 783; x_wconf 85' lang='lat' dir='ltr'><strong>damnum</strong></span> <span class='ocrx_word' id='word_1_78' title='bbox 1455 745 1601 785; x_wconf 56' lang='lat' dir='ltr'><strong>fastum</strong></span> <span class='ocrx_word' id='word_1_79' title='bbox 1632 747 1699 792; x_wconf 90' lang='lat' dir='ltr'><strong>est,</strong></span> 
     </span>
     <span class='ocr_line' id='line_1_10' title="bbox 299 811 1708 866; baseline 0.001 -16"><span class='ocrx_word' id='word_1_80' title='bbox 299 813 362 851; x_wconf 89' lang='lat' dir='ltr'><strong>sed</strong></span> <span class='ocrx_word' id='word_1_81' title='bbox 382 814 462 865; x_wconf 86' lang='lat' dir='ltr'><strong>ejus</strong></span> <span class='ocrx_word' id='word_1_82' title='bbox 493 813 617 865; x_wconf 87' lang='lat' dir='ltr'><strong>operis</strong></span> <span class='ocrx_word' id='word_1_83' title='bbox 648 812 755 857; x_wconf 89' lang='lat' dir='ltr'><strong>vitio,</strong></span> <span class='ocrx_word' id='word_1_84' title='bbox 785 811 890 864; x_wconf 90' lang='lat' dir='ltr'><strong>quod</strong></span> <span class='ocrx_word' id='word_1_85' title='bbox 912 812 966 849; x_wconf 88' lang='lat' dir='ltr'><strong>ita</strong></span> <span class='ocrx_word' id='word_1_86' title='bbox 995 811 1227 850; x_wconf 69' lang='lat' dir='ltr'><strong>aedificatum</strong></span> <span class='ocrx_word' id='word_1_87' title='bbox 1256 811 1322 857; x_wconf 91' lang='lat' dir='ltr'><strong>est,</strong></span> <span class='ocrx_word' id='word_1_88' title='bbox 1355 821 1398 850; x_wconf 89' lang='lat' dir='ltr'><strong>ut</strong></span> <span class='ocrx_word' id='word_1_89' title='bbox 1418 811 1597 866; x_wconf 81' lang='lat' dir='ltr'><strong>suspendi</strong></span> <span class='ocrx_word' id='word_1_90' title='bbox 1623 827 1708 852; x_wconf 68' lang='lat' dir='ltr'><strong>noa</strong></span> 
     </span>
     <span class='ocr_line' id='line_1_11' title="bbox 297 878 430 931; baseline -0.008 -15"><span class='ocrx_word' id='word_1_91' title='bbox 297 878 430 931; x_wconf 80' lang='lat' dir='ltr'><strong>posset.</strong></span> 
     </span>
    </p>

    <p class='ocr_par' dir='ltr' id='par_1_4' title="bbox 298 943 1701 1064">
     <span class='ocr_line' id='line_1_12' title="bbox 352 943 1701 990; baseline 0.002 -8"><span class='ocrx_word' id='word_1_92' title='bbox 352 944 418 982; x_wconf 91' lang='lat' dir='ltr'><strong>Ab</strong></span> <span class='ocrx_word' id='word_1_93' title='bbox 438 943 582 982; x_wconf 61' lang='lat' dir='ltr'><strong>effedtis</strong></span> <span class='ocrx_word' id='word_1_94' title='bbox 610 944 735 990; x_wconf 88' lang='lat' dir='ltr'><strong>rebus,</strong></span> <span class='ocrx_word' id='word_1_95' title='bbox 770 944 846 984; x_wconf 89' lang='lat' dir='ltr'><strong>hoc</strong></span> <span class='ocrx_word' id='word_1_96' title='bbox 877 945 993 984; x_wconf 89' lang='lat' dir='ltr'><strong>modo</strong></span> <span class='ocrx_word' id='word_1_97' title='bbox 1010 964 1021 990; x_wconf 85' lang='lat'>;</span> <span class='ocrx_word' id='word_1_98' title='bbox 1055 945 1160 984; x_wconf 89' lang='lat' dir='ltr'><strong>Cum</strong></span> <span class='ocrx_word' id='word_1_99' title='bbox 1192 945 1332 984; x_wconf 88' lang='lat' dir='ltr'><strong>mulier</strong></span> <span class='ocrx_word' id='word_1_100' title='bbox 1365 946 1447 984; x_wconf 82' lang='lat' dir='ltr'><strong>viro</strong></span> <span class='ocrx_word' id='word_1_101' title='bbox 1476 947 1515 984; x_wconf 91' lang='lat' dir='ltr'><strong>in</strong></span> <span class='ocrx_word' id='word_1_102' title='bbox 1539 958 1701 986; x_wconf 82' lang='lat' dir='ltr'><strong>manum</strong></span> 
     </span>
     <span class='ocr_line' id='line_1_13' title="bbox 298 1011 1672 1064; baseline 0.002 -16"><span class='ocrx_word' id='word_1_103' title='bbox 298 1011 491 1055; x_wconf 87' lang='lat' dir='ltr'><strong>convenit,</strong></span> <span class='ocrx_word' id='word_1_104' title='bbox 513 1011 658 1056; x_wconf 89' lang='lat' dir='ltr'><strong>omnia,</strong></span> <span class='ocrx_word' id='word_1_105' title='bbox 681 1025 764 1064; x_wconf 88' lang='lat' dir='ltr'><strong>quae</strong></span> <span class='ocrx_word' id='word_1_106' title='bbox 785 1011 958 1050; x_wconf 87' lang='lat' dir='ltr'><strong>mulieris</strong></span> <span class='ocrx_word' id='word_1_107' title='bbox 975 1011 1146 1057; x_wconf 87' lang='lat' dir='ltr'><strong>fuerunt,</strong></span> <span class='ocrx_word' id='word_1_108' title='bbox 1168 1012 1238 1050; x_wconf 90' lang='lat' dir='ltr'><strong>viri</strong></span> <span class='ocrx_word' id='word_1_109' title='bbox 1259 1012 1359 1050; x_wconf 90' lang='lat' dir='ltr'><strong>fiunt</strong></span> <span class='ocrx_word' id='word_1_110' title='bbox 1378 1012 1478 1050; x_wconf 88' lang='lat' dir='ltr'><strong>dotis</strong></span> <span class='ocrx_word' id='word_1_111' title='bbox 1499 1013 1672 1052; x_wconf 88' lang='lat' dir='ltr'><strong>nomine.</strong></span> 
     </span>
    </p>

    <p class='ocr_par' dir='ltr' id='par_1_5' title="bbox 298 1077 1734 1658">
     <span class='ocr_line' id='line_1_14' title="bbox 359 1077 1708 1130; baseline 0.002 -16"><span class='ocrx_word' id='word_1_112' title='bbox 359 1077 421 1115; x_wconf 81' lang='lat' dir='ltr'><strong>Ex</strong></span> <span class='ocrx_word' id='word_1_113' title='bbox 455 1077 740 1129; x_wconf 86' lang='lat' dir='ltr'><strong>comparatione</strong></span> <span class='ocrx_word' id='word_1_114' title='bbox 771 1087 900 1115; x_wconf 88' lang='lat' dir='ltr'><strong>autem</strong></span> <span class='ocrx_word' id='word_1_115' title='bbox 930 1078 1061 1116; x_wconf 79' lang='lat' dir='ltr'><strong>omnia</strong></span> <span class='ocrx_word' id='word_1_116' title='bbox 1085 1078 1226 1124; x_wconf 86' lang='lat' dir='ltr'><strong>valent,</strong></span> <span class='ocrx_word' id='word_1_117' title='bbox 1257 1092 1341 1130; x_wconf 87' lang='lat' dir='ltr'><strong>quae</strong></span> <span class='ocrx_word' id='word_1_118' title='bbox 1373 1078 1458 1116; x_wconf 92' lang='lat' dir='ltr'><strong>sunt</strong></span> <span class='ocrx_word' id='word_1_119' title='bbox 1484 1079 1671 1130; x_wconf 87' lang='lat' dir='ltr'><strong>ejusmodi</strong></span> <span class='ocrx_word' id='word_1_120' title='bbox 1686 1094 1708 1124; x_wconf 63' lang='grc' dir='ltr'><strong>ς’</strong></span> 
     </span>
     <span class='ocr_line' id='line_1_15' title="bbox 300 1143 1734 1196; baseline 0.002 -16"><span class='ocrx_word' id='word_1_121' title='bbox 300 1143 418 1196; x_wconf 83' lang='lat' dir='ltr'><strong>Qod</strong></span> <span class='ocrx_word' id='word_1_122' title='bbox 440 1143 479 1180; x_wconf 91' lang='lat' dir='ltr'><strong>in</strong></span> <span class='ocrx_word' id='word_1_123' title='bbox 500 1157 539 1180; x_wconf 90' lang='lat' dir='ltr'><strong>re</strong></span> <span class='ocrx_word' id='word_1_124' title='bbox 556 1144 698 1194; x_wconf 86' lang='lat' dir='ltr'><strong>majore</strong></span> <span class='ocrx_word' id='word_1_125' title='bbox 714 1144 825 1188; x_wconf 87' lang='lat' dir='ltr'><strong>valet,</strong></span> <span class='ocrx_word' id='word_1_126' title='bbox 844 1145 964 1182; x_wconf 88' lang='lat' dir='ltr'><strong>valeat</strong></span> <span class='ocrx_word' id='word_1_127' title='bbox 983 1145 1023 1182; x_wconf 91' lang='lat' dir='ltr'><strong>in</strong></span> <span class='ocrx_word' id='word_1_128' title='bbox 1040 1145 1213 1190; x_wconf 83' lang='lat' dir='ltr'><strong>minore;</strong></span> <span class='ocrx_word' id='word_1_129' title='bbox 1237 1154 1279 1182; x_wconf 94' lang='lat' dir='ltr'><strong>ut</strong></span> <span class='ocrx_word' id='word_1_130' title='bbox 1295 1145 1321 1182; x_wconf 89' lang='lat' dir='ltr'>fi</span> <span class='ocrx_word' id='word_1_131' title='bbox 1340 1145 1380 1183; x_wconf 88' lang='lat' dir='ltr'><strong>in</strong></span> <span class='ocrx_word' id='word_1_132' title='bbox 1396 1145 1489 1183; x_wconf 88' lang='lat' dir='ltr'><strong>urbe</strong></span> <span class='ocrx_word' id='word_1_133' title='bbox 1509 1144 1602 1183; x_wconf 84' lang='lat' dir='ltr'><strong>fines</strong></span> <span class='ocrx_word' id='word_1_134' title='bbox 1623 1159 1702 1183; x_wconf 87' lang='lat' dir='ltr'><strong>non</strong></span> <span class='ocrx_word' id='word_1_135' title='bbox 1731 1165 1734 1167; x_wconf 21' lang='grc' dir='ltr'><strong>Δ</strong></span> 
     </span>
     <span class='ocr_line' id='line_1_16' title="bbox 299 1210 1701 1262; baseline 0.001 -16"><span class='ocrx_word' id='word_1_136' title='bbox 299 1218 497 1261; x_wconf 82' lang='lat' dir='ltr'><strong>reguntur,</strong></span> <span class='ocrx_word' id='word_1_137' title='bbox 530 1222 655 1261; x_wconf 88' lang='lat' dir='ltr'><strong>neque</strong></span> <span class='ocrx_word' id='word_1_138' title='bbox 680 1222 777 1261; x_wconf 84' lang='lat' dir='ltr'><strong>aqua</strong></span> <span class='ocrx_word' id='word_1_139' title='bbox 796 1210 836 1247; x_wconf 87' lang='lat' dir='ltr'><strong>in</strong></span> <span class='ocrx_word' id='word_1_140' title='bbox 868 1210 961 1248; x_wconf 88' lang='lat' dir='ltr'><strong>urbe</strong></span> <span class='ocrx_word' id='word_1_141' title='bbox 980 1220 1162 1248; x_wconf 82' lang='lat' dir='ltr'><strong>arceatur.</strong></span> <span class='ocrx_word' id='word_1_142' title='bbox 1205 1211 1305 1248; x_wconf 86' lang='lat' dir='ltr'><strong>Item</strong></span> <span class='ocrx_word' id='word_1_143' title='bbox 1326 1210 1490 1255; x_wconf 58' lang='lat' dir='ltr'><strong>contras</strong></span> <span class='ocrx_word' id='word_1_144' title='bbox 1516 1211 1634 1262; x_wconf 81' lang='lat' dir='ltr'><strong>Qod</strong></span> <span class='ocrx_word' id='word_1_145' title='bbox 1660 1211 1701 1248; x_wconf 81' lang='lat' dir='ltr'><strong>in</strong></span> 
     </span>
     <span class='ocr_line' id='line_1_17' title="bbox 299 1275 1699 1329; baseline 0.002 -17"><span class='ocrx_word' id='word_1_146' title='bbox 299 1276 449 1313; x_wconf 87' lang='lat' dir='ltr'><strong>minore</strong></span> <span class='ocrx_word' id='word_1_147' title='bbox 467 1275 579 1320; x_wconf 80' lang='lat' dir='ltr'><strong>valet,</strong></span> <span class='ocrx_word' id='word_1_148' title='bbox 612 1275 733 1313; x_wconf 80' lang='lat' dir='ltr'><strong>valeat</strong></span> <span class='ocrx_word' id='word_1_149' title='bbox 759 1276 799 1313; x_wconf 86' lang='lat' dir='ltr'><strong>in</strong></span> <span class='ocrx_word' id='word_1_150' title='bbox 820 1277 989 1329; x_wconf 77' lang='lat' dir='ltr'><strong>majore:</strong></span> <span class='ocrx_word' id='word_1_151' title='bbox 1022 1276 1112 1314; x_wconf 87' lang='lat' dir='ltr'><strong>licet</strong></span> <span class='ocrx_word' id='word_1_152' title='bbox 1143 1276 1246 1314; x_wconf 89' lang='lat' dir='ltr'><strong>idem</strong></span> <span class='ocrx_word' id='word_1_153' title='bbox 1278 1277 1503 1329; x_wconf 78' lang='lat' dir='ltr'><strong>exemplum</strong></span> <span class='ocrx_word' id='word_1_154' title='bbox 1538 1290 1699 1315; x_wconf 86' lang='lat' dir='ltr'><strong>conver-</strong></span> 
     </span>
     <span class='ocr_line' id='line_1_18' title="bbox 298 1340 1699 1395; baseline 0.001 -17"><span class='ocrx_word' id='word_1_155' title='bbox 298 1349 391 1379; x_wconf 83' lang='lat' dir='ltr'><strong>tere.</strong></span> <span class='ocrx_word' id='word_1_156' title='bbox 425 1341 524 1379; x_wconf 79' lang='lat' dir='ltr'><strong>Item</strong></span> <span class='ocrx_word' id='word_1_157' title='bbox 539 1359 551 1385; x_wconf 78' lang='lat'>5</span> <span class='ocrx_word' id='word_1_158' title='bbox 575 1340 693 1392; x_wconf 86' lang='lat' dir='ltr'><strong>Qod</strong></span> <span class='ocrx_word' id='word_1_159' title='bbox 714 1342 753 1378; x_wconf 91' lang='lat' dir='ltr'><strong>in</strong></span> <span class='ocrx_word' id='word_1_160' title='bbox 773 1354 812 1379; x_wconf 89' lang='lat' dir='ltr'><strong>re</strong></span> <span class='ocrx_word' id='word_1_161' title='bbox 833 1342 914 1394; x_wconf 87' lang='lat' dir='ltr'><strong>pari</strong></span> <span class='ocrx_word' id='word_1_162' title='bbox 929 1341 1042 1386; x_wconf 89' lang='lat' dir='ltr'><strong>valet,</strong></span> <span class='ocrx_word' id='word_1_163' title='bbox 1057 1342 1176 1379; x_wconf 85' lang='lat' dir='ltr'><strong>valeat</strong></span> <span class='ocrx_word' id='word_1_164' title='bbox 1196 1342 1237 1379; x_wconf 88' lang='lat' dir='ltr'><strong>in</strong></span> <span class='ocrx_word' id='word_1_165' title='bbox 1253 1340 1338 1386; x_wconf 89' lang='lat' dir='ltr'><strong>hac,</strong></span> <span class='ocrx_word' id='word_1_166' title='bbox 1353 1355 1437 1394; x_wconf 85' lang='lat' dir='ltr'><strong>quae</strong></span> <span class='ocrx_word' id='word_1_167' title='bbox 1457 1355 1523 1395; x_wconf 86' lang='lat' dir='ltr'><strong>par</strong></span> <span class='ocrx_word' id='word_1_168' title='bbox 1543 1342 1595 1380; x_wconf 89' lang='lat' dir='ltr'><strong>est</strong></span> <span class='ocrx_word' id='word_1_169' title='bbox 1607 1361 1618 1387; x_wconf 64' lang='grc' dir='ltr'><strong><em>ς</em></strong></span> <span class='ocrx_word' id='word_1_170' title='bbox 1642 1351 1699 1387; x_wconf 90' lang='lat' dir='ltr'><strong>ut,</strong></span> 
     </span>
     <span class='ocr_line' id='line_1_19' title="bbox 299 1406 1699 1459; baseline 0.001 -15"><span class='ocrx_word' id='word_1_171' title='bbox 299 1407 486 1459; x_wconf 85' lang='lat' dir='ltr'><strong>quoniam</strong></span> <span class='ocrx_word' id='word_1_172' title='bbox 518 1406 604 1445; x_wconf 84' lang='lat' dir='ltr'><strong>usus</strong></span> <span class='ocrx_word' id='word_1_173' title='bbox 630 1407 832 1445; x_wconf 60' lang='lat' dir='ltr'><strong>audioritas</strong></span> <span class='ocrx_word' id='word_1_174' title='bbox 868 1406 980 1445; x_wconf 90' lang='lat' dir='ltr'><strong>fundi</strong></span> <span class='ocrx_word' id='word_1_175' title='bbox 1009 1407 1209 1445; x_wconf 84' lang='lat' dir='ltr'><strong>biennium</strong></span> <span class='ocrx_word' id='word_1_176' title='bbox 1229 1407 1295 1452; x_wconf 88' lang='lat' dir='ltr'><strong>est,</strong></span> <span class='ocrx_word' id='word_1_177' title='bbox 1326 1407 1370 1445; x_wconf 89' lang='lat' dir='ltr'><strong>fit</strong></span> <span class='ocrx_word' id='word_1_178' title='bbox 1397 1408 1514 1445; x_wconf 88' lang='lat' dir='ltr'><strong>etiam</strong></span> <span class='ocrx_word' id='word_1_179' title='bbox 1542 1408 1699 1446; x_wconf 77' lang='lat' dir='ltr'><strong>aedium.</strong></span> 
     </span>
     <span class='ocr_line' id='line_1_20' title="bbox 299 1473 1699 1527; baseline 0.001 -16"><span class='ocrx_word' id='word_1_180' title='bbox 299 1475 355 1511; x_wconf 87' lang='lat' dir='ltr'><strong>At</strong></span> <span class='ocrx_word' id='word_1_181' title='bbox 380 1474 420 1511; x_wconf 89' lang='lat' dir='ltr'><strong>in</strong></span> <span class='ocrx_word' id='word_1_182' title='bbox 452 1473 652 1526; x_wconf 83' lang='lat' dir='ltr'><strong>legeaedes</strong></span> <span class='ocrx_word' id='word_1_183' title='bbox 687 1488 763 1512; x_wconf 88' lang='lat' dir='ltr'><strong>non</strong></span> <span class='ocrx_word' id='word_1_184' title='bbox 795 1474 1048 1527; x_wconf 80' lang='lat' dir='ltr'><strong>appellantur,</strong></span> <span class='ocrx_word' id='word_1_185' title='bbox 1079 1483 1116 1510; x_wconf 87' lang='lat' dir='ltr'><strong>et</strong></span> <span class='ocrx_word' id='word_1_186' title='bbox 1145 1474 1232 1511; x_wconf 91' lang='lat' dir='ltr'><strong>sunt</strong></span> <span class='ocrx_word' id='word_1_187' title='bbox 1251 1483 1473 1512; x_wconf 84' lang='lat' dir='ltr'><strong>caeterarum</strong></span> <span class='ocrx_word' id='word_1_188' title='bbox 1504 1475 1699 1520; x_wconf 87' lang='lat' dir='ltr'><strong>omnium,</strong></span> 
     </span>
     <span class='ocr_line' id='line_1_21' title="bbox 299 1539 1701 1592; baseline 0.001 -16"><span class='ocrx_word' id='word_1_189' title='bbox 299 1552 463 1592; x_wconf 88' lang='lat' dir='ltr'><strong>quarum</strong></span> <span class='ocrx_word' id='word_1_190' title='bbox 484 1553 632 1577; x_wconf 88' lang='lat' dir='ltr'><strong>annuus</strong></span> <span class='ocrx_word' id='word_1_191' title='bbox 652 1539 705 1576; x_wconf 89' lang='lat' dir='ltr'><strong>est</strong></span> <span class='ocrx_word' id='word_1_192' title='bbox 725 1539 826 1577; x_wconf 92' lang='lat' dir='ltr'><strong>usus.</strong></span> <span class='ocrx_word' id='word_1_193' title='bbox 886 1539 1020 1576; x_wconf 83' lang='lat' dir='ltr'><strong>Valeat</strong></span> <span class='ocrx_word' id='word_1_194' title='bbox 1040 1539 1212 1591; x_wconf 81' lang='lat' dir='ltr'><strong>aequitas,</strong></span> <span class='ocrx_word' id='word_1_195' title='bbox 1248 1553 1332 1592; x_wconf 88' lang='lat' dir='ltr'><strong>quae</strong></span> <span class='ocrx_word' id='word_1_196' title='bbox 1350 1540 1503 1591; x_wconf 85' lang='lat' dir='ltr'><strong>paribus</strong></span> <span class='ocrx_word' id='word_1_197' title='bbox 1524 1541 1564 1577; x_wconf 86' lang='lat' dir='ltr'><strong>in</strong></span> <span class='ocrx_word' id='word_1_198' title='bbox 1584 1540 1701 1578; x_wconf 80' lang='lat' dir='ltr'><strong>Causls</strong></span> 
     </span>
     <span class='ocr_line' id='line_1_22' title="bbox 298 1605 714 1658; baseline 0 -15"><span class='ocrx_word' id='word_1_199' title='bbox 298 1606 402 1658; x_wconf 86' lang='lat' dir='ltr'><strong>paria</strong></span> <span class='ocrx_word' id='word_1_200' title='bbox 415 1607 502 1658; x_wconf 86' lang='lat' dir='ltr'><strong>jura</strong></span> <span class='ocrx_word' id='word_1_201' title='bbox 522 1605 714 1644; x_wconf 87' lang='lat' dir='ltr'><strong>defiderat.</strong></span> 
     </span>
    </p>

    <p class='ocr_par' dir='ltr' id='par_1_6' title="bbox 298 1671 1701 2052">
     <span class='ocr_line' id='line_1_23' title="bbox 355 1671 1701 1723; baseline 0.002 -15"><span class='ocrx_word' id='word_1_202' title='bbox 355 1673 453 1723; x_wconf 83' lang='lat' dir='ltr'><strong>Qae</strong></span> <span class='ocrx_word' id='word_1_203' title='bbox 472 1680 603 1709; x_wconf 90' lang='lat' dir='ltr'><strong>autem</strong></span> <span class='ocrx_word' id='word_1_204' title='bbox 622 1671 854 1710; x_wconf 78' lang='lat' dir='ltr'><strong>extrinsecus</strong></span> <span class='ocrx_word' id='word_1_205' title='bbox 875 1671 1127 1717; x_wconf 72' lang='lat' dir='ltr'><strong>assumuntur,</strong></span> <span class='ocrx_word' id='word_1_206' title='bbox 1155 1686 1197 1711; x_wconf 91' lang='lat' dir='ltr'><strong>ea</strong></span> <span class='ocrx_word' id='word_1_207' title='bbox 1216 1674 1386 1711; x_wconf 77' lang='lat' dir='ltr'><strong>maxime</strong></span> <span class='ocrx_word' id='word_1_208' title='bbox 1412 1687 1460 1712; x_wconf 79' lang='lat' dir='ltr'><strong>ex</strong></span> <span class='ocrx_word' id='word_1_209' title='bbox 1477 1673 1701 1712; x_wconf 66' lang='lat' dir='ltr'><strong>au&amp;oritate</strong></span> 
     </span>
     <span class='ocr_line' id='line_1_24' title="bbox 299 1736 1698 1789; baseline 0.001 -16"><span class='ocrx_word' id='word_1_210' title='bbox 299 1736 507 1774; x_wconf 86' lang='lat' dir='ltr'><strong>ducuntur.</strong></span> <span class='ocrx_word' id='word_1_211' title='bbox 573 1737 706 1787; x_wconf 87' lang='lat' dir='ltr'><strong>Itaque</strong></span> <span class='ocrx_word' id='word_1_212' title='bbox 727 1737 852 1774; x_wconf 85' lang='lat' dir='ltr'><strong>Graeci</strong></span> <span class='ocrx_word' id='word_1_213' title='bbox 884 1737 974 1775; x_wconf 83' lang='lat' dir='ltr'><strong>tales</strong></span> <span class='ocrx_word' id='word_1_214' title='bbox 995 1738 1342 1789; x_wconf 86' lang='lat' dir='ltr'><strong>argumentationes</strong></span> <span class='ocrx_word' id='word_1_215' title='bbox 1369 1740 1523 1784; x_wconf 63' lang='grc' dir='ltr'><strong>άτεχνιυς</strong></span> <span class='ocrx_word' id='word_1_216' title='bbox 1549 1748 1698 1783; x_wconf 87' lang='lat' dir='ltr'><strong>vocant,</strong></span> 
     </span>
     <span class='ocr_line' id='line_1_25' title="bbox 299 1802 1700 1857; baseline 0.002 -17"><span class='ocrx_word' id='word_1_217' title='bbox 299 1803 340 1840; x_wconf 87' lang='lat' dir='ltr'><strong>id</strong></span> <span class='ocrx_word' id='word_1_218' title='bbox 365 1802 431 1846; x_wconf 89' lang='lat' dir='ltr'><strong>est,</strong></span> <span class='ocrx_word' id='word_1_219' title='bbox 461 1802 550 1839; x_wconf 86' lang='lat' dir='ltr'><strong>artis</strong></span> <span class='ocrx_word' id='word_1_220' title='bbox 578 1811 773 1854; x_wconf 81' lang='lat' dir='ltr'><strong>expertes:</strong></span> <span class='ocrx_word' id='word_1_221' title='bbox 806 1812 863 1847; x_wconf 89' lang='lat' dir='ltr'><strong>ut,</strong></span> <span class='ocrx_word' id='word_1_222' title='bbox 895 1802 922 1840; x_wconf 90' lang='lat' dir='ltr'><strong>fi</strong></span> <span class='ocrx_word' id='word_1_223' title='bbox 949 1803 1002 1840; x_wconf 87' lang='lat' dir='ltr'><strong>ita</strong></span> <span class='ocrx_word' id='word_1_224' title='bbox 1032 1803 1267 1855; x_wconf 86' lang='lat' dir='ltr'><strong>respondeas,</strong></span> <span class='ocrx_word' id='word_1_225' title='bbox 1300 1805 1498 1857; x_wconf 83' lang='lat' dir='ltr'><strong>Qoniam</strong></span> <span class='ocrx_word' id='word_1_226' title='bbox 1521 1805 1564 1843; x_wconf 90' lang='lat' dir='ltr'><strong>P.</strong></span> <span class='ocrx_word' id='word_1_227' title='bbox 1600 1807 1700 1843; x_wconf 85' lang='lat' dir='ltr'>Scae-</span> 
     </span>
     <span class='ocr_line' id='line_1_26' title="bbox 298 1866 1699 1922; baseline 0.001 -16"><span class='ocrx_word' id='word_1_228' title='bbox 298 1867 385 1906; x_wconf 91' lang='lat' dir='ltr'><strong>vola</strong></span> <span class='ocrx_word' id='word_1_229' title='bbox 413 1868 453 1905; x_wconf 92' lang='lat' dir='ltr'><strong>id</strong></span> <span class='ocrx_word' id='word_1_230' title='bbox 473 1867 598 1905; x_wconf 89' lang='lat' dir='ltr'><strong>solum</strong></span> <span class='ocrx_word' id='word_1_231' title='bbox 624 1866 693 1904; x_wconf 73' lang='lat' dir='ltr'><strong>effe</strong></span> <span class='ocrx_word' id='word_1_232' title='bbox 721 1868 890 1906; x_wconf 88' lang='lat' dir='ltr'><strong>ambitus</strong></span> <span class='ocrx_word' id='word_1_233' title='bbox 921 1869 1060 1906; x_wconf 83' lang='lat' dir='ltr'><strong>aedium</strong></span> <span class='ocrx_word' id='word_1_234' title='bbox 1085 1869 1237 1914; x_wconf 86' lang='lat' dir='ltr'><strong>dixerit,</strong></span> <span class='ocrx_word' id='word_1_235' title='bbox 1269 1871 1372 1921; x_wconf 91' lang='lat' dir='ltr'><strong>quod</strong></span> <span class='ocrx_word' id='word_1_236' title='bbox 1404 1871 1556 1922; x_wconf 84' lang='lat' dir='ltr'><strong>parietis</strong></span> <span class='ocrx_word' id='word_1_237' title='bbox 1587 1884 1699 1909; x_wconf 90' lang='lat' dir='ltr'><strong>com-</strong></span> 
     </span>
     <span class='ocr_line' id='line_1_27' title="bbox 298 1933 1699 1988; baseline 0.001 -16"><span class='ocrx_word' id='word_1_238' title='bbox 298 1933 428 1972; x_wconf 86' lang='lat' dir='ltr'><strong>munis</strong></span> <span class='ocrx_word' id='word_1_239' title='bbox 449 1933 600 1986; x_wconf 82' lang='lat' dir='ltr'><strong>tegendi</strong></span> <span class='ocrx_word' id='word_1_240' title='bbox 621 1933 728 1970; x_wconf 87' lang='lat' dir='ltr'><strong>causa</strong></span> <span class='ocrx_word' id='word_1_241' title='bbox 748 1935 890 1972; x_wconf 52' lang='lat' dir='ltr'><strong>tedium</strong></span> <span class='ocrx_word' id='word_1_242' title='bbox 919 1935 1182 1987; x_wconf 84' lang='lat' dir='ltr'><strong>projiceretur,</strong></span> <span class='ocrx_word' id='word_1_243' title='bbox 1213 1948 1258 1973; x_wconf 84' lang='lat' dir='ltr'><strong>ex</strong></span> <span class='ocrx_word' id='word_1_244' title='bbox 1279 1949 1358 1987; x_wconf 87' lang='lat' dir='ltr'><strong>quo</strong></span> <span class='ocrx_word' id='word_1_245' title='bbox 1378 1936 1417 1972; x_wconf 91' lang='lat' dir='ltr'><strong>in</strong></span> <span class='ocrx_word' id='word_1_246' title='bbox 1439 1937 1583 1973; x_wconf 52' lang='lat' dir='ltr'><strong>tenum</strong></span> <span class='ocrx_word' id='word_1_247' title='bbox 1604 1937 1699 1988; x_wconf 84' lang='lat' dir='ltr'><strong>ejus,</strong></span> 
     </span>
     <span class='ocr_line' id='line_1_28' title="bbox 300 1998 1454 2052; baseline 0.001 -15"><span class='ocrx_word' id='word_1_248' title='bbox 300 2000 395 2037; x_wconf 85' lang='lat' dir='ltr'><strong>aedes</strong></span> <span class='ocrx_word' id='word_1_249' title='bbox 417 2000 484 2052; x_wconf 90' lang='lat' dir='ltr'><strong>qui</strong></span> <span class='ocrx_word' id='word_1_250' title='bbox 505 1998 737 2052; x_wconf 80' lang='lat' dir='ltr'><strong>protexiffet,</strong></span> <span class='ocrx_word' id='word_1_251' title='bbox 760 2013 856 2052; x_wconf 86' lang='lat' dir='ltr'><strong>aqua</strong></span> <span class='ocrx_word' id='word_1_252' title='bbox 876 2000 1070 2045; x_wconf 86' lang='lat' dir='ltr'><strong>deflueret,</strong></span> <span class='ocrx_word' id='word_1_253' title='bbox 1092 2000 1131 2038; x_wconf 93' lang='lat' dir='ltr'><strong>id</strong></span> <span class='ocrx_word' id='word_1_254' title='bbox 1153 2000 1223 2038; x_wconf 85' lang='lat' dir='ltr'><strong>tibi</strong></span> <span class='ocrx_word' id='word_1_255' title='bbox 1239 2001 1303 2052; x_wconf 89' lang='lat' dir='ltr'><strong>jus</strong></span> <span class='ocrx_word' id='word_1_256' title='bbox 1323 2001 1454 2038; x_wconf 87' lang='lat' dir='ltr'><strong>videri.</strong></span> 
     </span>
    </p>

    <p class='ocr_par' dir='ltr' id='par_1_7' title="bbox 299 2065 1700 2316">
     <span class='ocr_line' id='line_1_29' title="bbox 354 2065 1699 2119; baseline 0.002 -17"><span class='ocrx_word' id='word_1_257' title='bbox 354 2066 431 2103; x_wconf 88' lang='lat' dir='ltr'><strong>His</strong></span> <span class='ocrx_word' id='word_1_258' title='bbox 451 2066 571 2118; x_wconf 84' lang='lat' dir='ltr'><strong>igitur</strong></span> <span class='ocrx_word' id='word_1_259' title='bbox 601 2065 709 2110; x_wconf 85' lang='lat' dir='ltr'><strong>locis,</strong></span> <span class='ocrx_word' id='word_1_260' title='bbox 738 2066 806 2118; x_wconf 84' lang='lat' dir='ltr'><strong>qui</strong></span> <span class='ocrx_word' id='word_1_261' title='bbox 827 2066 913 2104; x_wconf 90' lang='lat' dir='ltr'><strong>sunt</strong></span> <span class='ocrx_word' id='word_1_262' title='bbox 932 2066 1105 2119; x_wconf 78' lang='lat' dir='ltr'><strong>expositi,</strong></span> <span class='ocrx_word' id='word_1_263' title='bbox 1137 2067 1183 2104; x_wconf 86' lang='lat' dir='ltr'><strong>ad</strong></span> <span class='ocrx_word' id='word_1_264' title='bbox 1211 2080 1326 2104; x_wconf 88' lang='lat' dir='ltr'><strong>omne</strong></span> <span class='ocrx_word' id='word_1_265' title='bbox 1345 2076 1617 2119; x_wconf 83' lang='lat' dir='ltr'><strong>argumentum</strong></span> <span class='ocrx_word' id='word_1_266' title='bbox 1639 2077 1699 2105; x_wconf 72' lang='lat' dir='ltr'><strong>re-</strong></span> 
     </span>
     <span class='ocr_line' id='line_1_30' title="bbox 299 2131 1699 2185; baseline 0.001 -16"><span class='ocrx_word' id='word_1_267' title='bbox 299 2131 539 2184; x_wconf 87' lang='lat' dir='ltr'><strong>periendum,</strong></span> <span class='ocrx_word' id='word_1_268' title='bbox 571 2141 756 2183; x_wconf 85' lang='lat' dir='ltr'><strong>tanquam</strong></span> <span class='ocrx_word' id='word_1_269' title='bbox 783 2132 982 2170; x_wconf 89' lang='lat' dir='ltr'><strong>elementis</strong></span> <span class='ocrx_word' id='word_1_270' title='bbox 1018 2132 1263 2184; x_wconf 87' lang='lat' dir='ltr'><strong>quibusdam,</strong></span> <span class='ocrx_word' id='word_1_271' title='bbox 1294 2132 1533 2185; x_wconf 81' lang='lat' dir='ltr'><strong>significatio,</strong></span> <span class='ocrx_word' id='word_1_272' title='bbox 1564 2142 1602 2170; x_wconf 88' lang='lat' dir='ltr'><strong>et</strong></span> <span class='ocrx_word' id='word_1_273' title='bbox 1632 2134 1699 2171; x_wconf 87' lang='lat' dir='ltr'><strong>de-</strong></span> 
     </span>
     <span class='ocr_line' id='line_1_31' title="bbox 299 2196 1700 2252; baseline 0.002 -18"><span class='ocrx_word' id='word_1_274' title='bbox 299 2197 522 2236; x_wconf 85' lang='lat' dir='ltr'><strong>monstratio</strong></span> <span class='ocrx_word' id='word_1_275' title='bbox 540 2198 663 2236; x_wconf 87' lang='lat' dir='ltr'><strong>datur.</strong></span> <span class='ocrx_word' id='word_1_276' title='bbox 698 2196 841 2236; x_wconf 71' lang='lat' dir='ltr'><strong>Utrum</strong></span> <span class='ocrx_word' id='word_1_277' title='bbox 862 2199 982 2251; x_wconf 89' lang='lat' dir='ltr'><strong>igitur</strong></span> <span class='ocrx_word' id='word_1_278' title='bbox 996 2197 1178 2237; x_wconf 66' lang='lat' dir='ltr'><strong>hactenus</strong></span> <span class='ocrx_word' id='word_1_279' title='bbox 1200 2198 1286 2236; x_wconf 86' lang='lat' dir='ltr'><strong>satis</strong></span> <span class='ocrx_word' id='word_1_280' title='bbox 1307 2200 1358 2236; x_wconf 90' lang='lat' dir='ltr'><strong>est</strong></span> <span class='ocrx_word' id='word_1_281' title='bbox 1377 2200 1389 2236; x_wconf 70' lang='grc' dir='ltr'><em>ἲ</em></span> <span class='ocrx_word' id='word_1_282' title='bbox 1428 2200 1523 2237; x_wconf 91' lang='lat' dir='ltr'><strong>Tibi</strong></span> <span class='ocrx_word' id='word_1_283' title='bbox 1541 2200 1700 2252; x_wconf 85' lang='lat' dir='ltr'><strong>quidem</strong></span> 
     </span>
     <span class='ocr_line' id='line_1_32' title="bbox 300 2271 1036 2316; baseline 0.003 -17"><span class='ocrx_word' id='word_1_284' title='bbox 300 2271 380 2300; x_wconf 83' lang='lat' dir='ltr'><strong>tam</strong></span> <span class='ocrx_word' id='word_1_285' title='bbox 400 2272 525 2307; x_wconf 86' lang='lat' dir='ltr'><strong>acuto,</strong></span> <span class='ocrx_word' id='word_1_286' title='bbox 546 2272 584 2300; x_wconf 89' lang='lat' dir='ltr'><strong>et</strong></span> <span class='ocrx_word' id='word_1_287' title='bbox 605 2273 683 2300; x_wconf 87' lang='lat' dir='ltr'><strong>tam</strong></span> <span class='ocrx_word' id='word_1_288' title='bbox 705 2273 906 2316; x_wconf 86' lang='lat' dir='ltr'><strong>occupato,</strong></span> <span class='ocrx_word' id='word_1_289' title='bbox 928 2273 1036 2316; x_wconf 84' lang='lat' dir='ltr'><strong>puto.</strong></span> 
     </span>
    </p>

    <p class='ocr_par' dir='ltr' id='par_1_8' title="bbox 300 2327 1697 2513">
     <span class='ocr_line' id='line_1_33' title="bbox 345 2327 1696 2380; baseline 0.001 -16"><span class='ocrx_word' id='word_1_290' title='bbox 345 2328 396 2365; x_wconf 93' lang='lat' dir='ltr'><strong>V.</strong></span> <span class='ocrx_word' id='word_1_291' title='bbox 421 2328 491 2365; x_wconf 87' lang='lat' dir='ltr'><strong>Sed</strong></span> <span class='ocrx_word' id='word_1_292' title='bbox 511 2328 695 2380; x_wconf 91' lang='lat' dir='ltr'><strong>quoniam</strong></span> <span class='ocrx_word' id='word_1_293' title='bbox 708 2329 864 2366; x_wconf 87' lang='lat' dir='ltr'><strong>avidum</strong></span> <span class='ocrx_word' id='word_1_294' title='bbox 884 2327 1087 2367; x_wconf 87' lang='lat' dir='ltr'><strong>hominem</strong></span> <span class='ocrx_word' id='word_1_295' title='bbox 1109 2329 1155 2366; x_wconf 90' lang='lat' dir='ltr'><strong>ad</strong></span> <span class='ocrx_word' id='word_1_296' title='bbox 1175 2328 1242 2366; x_wconf 84' lang='lat' dir='ltr'><strong>has</strong></span> <span class='ocrx_word' id='word_1_297' title='bbox 1264 2330 1428 2367; x_wconf 86' lang='lat' dir='ltr'><strong>discendi</strong></span> <span class='ocrx_word' id='word_1_298' title='bbox 1448 2328 1575 2380; x_wconf 87' lang='lat' dir='ltr'><strong>epulas</strong></span> <span class='ocrx_word' id='word_1_299' title='bbox 1593 2342 1696 2366; x_wconf 89' lang='lat' dir='ltr'><strong>rece-</strong></span> 
     </span>
     <span class='ocr_line' id='line_1_34' title="bbox 301 2393 1697 2447; baseline 0.001 -18"><span class='ocrx_word' id='word_1_300' title='bbox 301 2393 354 2446; x_wconf 90' lang='lat' dir='ltr'><strong>pi,</strong></span> <span class='ocrx_word' id='word_1_301' title='bbox 386 2393 435 2430; x_wconf 84' lang='lat' dir='ltr'><strong>s1c</strong></span> <span class='ocrx_word' id='word_1_302' title='bbox 455 2393 656 2445; x_wconf 86' lang='lat' dir='ltr'><strong>accipiam,</strong></span> <span class='ocrx_word' id='word_1_303' title='bbox 679 2403 722 2430; x_wconf 90' lang='lat' dir='ltr'><strong>ut</strong></span> <span class='ocrx_word' id='word_1_304' title='bbox 742 2394 989 2445; x_wconf 88' lang='lat' dir='ltr'><strong>reliquiarum</strong></span> <span class='ocrx_word' id='word_1_305' title='bbox 1011 2395 1054 2431; x_wconf 86' lang='lat' dir='ltr'><strong>fit</strong></span> <span class='ocrx_word' id='word_1_306' title='bbox 1080 2395 1207 2446; x_wconf 87' lang='lat' dir='ltr'><strong>potius</strong></span> <span class='ocrx_word' id='word_1_307' title='bbox 1228 2395 1386 2447; x_wconf 84' lang='lat' dir='ltr'><strong>aliquid,</strong></span> <span class='ocrx_word' id='word_1_308' title='bbox 1412 2408 1528 2446; x_wconf 86' lang='lat' dir='ltr'><strong>quam</strong></span> <span class='ocrx_word' id='word_1_309' title='bbox 1549 2403 1585 2430; x_wconf 92' lang='lat' dir='ltr'><strong>te</strong></span> <span class='ocrx_word' id='word_1_310' title='bbox 1605 2393 1697 2430; x_wconf 89' lang='lat' dir='ltr'><strong>hinc</strong></span> 
     </span>
     <span class='ocr_line' id='line_1_35' title="bbox 300 2458 1697 2513; baseline -0.001 -17"><span class='ocrx_word' id='word_1_311' title='bbox 300 2458 418 2511; x_wconf 85' lang='lat' dir='ltr'><strong>patiar</strong></span> <span class='ocrx_word' id='word_1_312' title='bbox 437 2472 514 2497; x_wconf 89' lang='lat' dir='ltr'><strong>non</strong></span> <span class='ocrx_word' id='word_1_313' title='bbox 535 2458 712 2497; x_wconf 81' lang='lat' dir='ltr'><strong>satiatum</strong></span> <span class='ocrx_word' id='word_1_314' title='bbox 733 2459 934 2498; x_wconf 88' lang='lat' dir='ltr'><strong>discedere.</strong></span> <span class='ocrx_word' id='word_1_315' title='bbox 986 2459 1152 2511; x_wconf 82' lang='lat' dir='ltr'><strong>Qando</strong></span> <span class='ocrx_word' id='word_1_316' title='bbox 1173 2474 1263 2513; x_wconf 81' lang='lat' dir='ltr'><strong>ergo</strong></span> <span class='ocrx_word' id='word_1_317' title='bbox 1285 2459 1542 2512; x_wconf 85' lang='lat' dir='ltr'><strong>unusquisque</strong></span> <span class='ocrx_word' id='word_1_318' title='bbox 1563 2472 1697 2496; x_wconf 76' lang='lat' dir='ltr'><strong>eorum</strong></span> 
     </span>
    </p>
   </div>
  </div>
 </body>
</html>
