2176 2912
419 187 495 213 212
774 177 888 214 DE
965 177 1471 215 ORATORE

417 266 695 313 ludendumne,
710 282 756 305 an
777 269 822 306 ad
839 270 1106 321 pugnandum,
1129 283 1232 307 arma
1252 270 1323 308 sint
1339 269 1542 322 sumpturi.
1576 268 1697 307 Aliud
1713 269 1819 307 enim

416 346 559 385 pugna,
591 343 628 371 et
655 335 778 378 acies;
811 336 914 372 aliud
935 336 1063 380 ludus,
1095 337 1327 389 campusque
1349 336 1472 374 noster
1498 336 1689 373 desiderat.
1740 337 1816 374 At-

416 407 545 436 tamen
572 413 628 437 ars
650 400 726 452 ipsa
751 401 896 438 ludicra
917 416 1126 447 armorum,
1158 412 1196 440 et
1226 403 1440 455 gladiatori,
1472 412 1510 439 et
1530 401 1648 439 militi
1669 401 1818 453 prodest

415 464 588 516 aliquid;
621 465 681 503 sed
702 467 852 504 animus
872 481 969 511 acer,
1001 477 1037 504 et
1057 468 1231 520 praesens,
1262 478 1299 506 et
1320 478 1451 506 acutus
1473 468 1577 505 idem
1597 476 1711 519 atque
1731 481 1814 505 ver-

414 529 519 568 sutus
540 531 700 569 invictos
722 533 820 569 viros
841 534 972 577 efficit,
1004 547 1081 570 non
1103 534 1298 571 difficilius
1319 543 1396 571 arte
1416 535 1634 585 conjuncta.
1855 535 1858 537 “

470 597 599 647 Qare
619 611 689 648 ego
707 598 778 634 tibi
799 607 988 634 oratorem
1009 599 1058 635 sic
1072 600 1153 649 jam
1176 599 1385 642 instituam,
1408 599 1433 636 fi
1454 608 1626 650 potuero,
1643 607 1698 642 ut,
1720 597 1816 650 quid

413 662 561 699 efficere
580 663 703 714 poffit,
726 672 811 699 ante
831 663 1069 714 perspiciam.
1104 664 1158 701 Sit
1174 664 1279 701 enim
1299 663 1399 701 mihi
1417 664 1556 701 tinetus
1578 664 1722 707 literis;
1745 677 1812 700 au-

413 728 526 765 dierit
546 728 705 779 aliquid,
740 728 887 779 legerit,
910 728 977 765 ista
997 728 1074 780 ipsa
1094 739 1280 781 praecepta
1300 729 1509 781 acceperit:
1544 729 1698 766 tentabo
1719 728 1813 780 quid

412 806 502 831 eum
519 793 661 838 deceat,
693 794 787 845 quid
807 807 913 839 voce,
945 795 1040 847 quid
1065 795 1223 839 viribus,
1254 795 1348 847 quid
1367 795 1514 847 spiritu,
1545 795 1640 847 quid
1666 795 1810 847 lingua,

411 860 560 896 efficere
590 860 715 911 poffit.
775 860 812 898 Si
847 861 1062 913 intelligam
1084 861 1184 913 poffe
1218 862 1263 898 ad
1298 862 1467 899 summos
1496 862 1702 913 pervenire,
1734 874 1812 898 non

411 924 536 963 solum
556 924 751 970 hortabor,
784 935 826 963 ut
855 926 1035 971 elaboret,
1067 927 1129 964 sed
1148 927 1279 971 etiam,
1310 927 1336 964 fi
1358 927 1414 964 vir
1435 940 1588 979 quoque
1609 926 1709 964 mihi
1736 926 1808 964 bo-

410 1003 482 1028 nus
517 991 722 1035 videbitur,
753 991 970 1029 obsecrabo.
1021 993 1196 1030 Tantum
1227 1006 1296 1044 ego
1327 993 1366 1030 in
1401 992 1611 1030 excellente
1645 1001 1806 1035 oratore,

410 1065 448 1092 et
468 1058 603 1094 eodem
626 1058 705 1094 viro
727 1057 842 1101 bono,
874 1071 976 1109 pono
995 1057 1064 1094 effe
1090 1059 1304 1095 ornamenti
1328 1057 1506 1095 universae
1525 1058 1685 1095 civitati.
1745 1057 1810 1095 Sin

411 1123 614 1167 videbitur,
646 1137 736 1160 cum
758 1125 889 1160 omnia
919 1123 1067 1161 summa
1087 1123 1233 1168 fecerit,
1265 1133 1392 1162 tamen
1420 1123 1466 1160 ad
1493 1123 1702 1161 mediocres
1723 1135 1809 1160 ora-

411 1197 508 1225 tores
525 1190 594 1227 effe
616 1200 808 1232 venturus,
832 1190 1054 1240 permittam
1077 1189 1158 1241 ipfi,
1180 1190 1275 1241 quid
1295 1190 1411 1234 velit;
1445 1189 1625 1227 molestus
1647 1203 1808 1241 magno-

409 1267 495 1305 pere
516 1269 591 1292 non
609 1269 684 1291 ero.
730 1255 793 1291 Sin
813 1255 920 1306 plane
941 1254 1175 1299 abhorrebit,
1207 1265 1244 1292 et
1264 1256 1335 1293 erit
1352 1255 1533 1293 absurdus
1550 1273 1560 1299 ς
1594 1264 1636 1292 ut
1657 1255 1691 1292 se
1711 1268 1808 1292 con-

408 1320 537 1364 tineat,
570 1331 633 1357 aut
654 1321 698 1357 ad
719 1321 822 1356 aliud
843 1320 1011 1357 studium
1034 1320 1246 1365 transferat,
1273 1321 1501 1359 admonebo.
1552 1321 1658 1358 Nam
1684 1334 1807 1372 neque

407 1386 452 1429 is,
484 1387 551 1438 qui
573 1388 718 1439 optime
741 1386 874 1438 potest,
908 1387 1129 1424 deserendus
1162 1388 1243 1426 ullo
1275 1388 1390 1426 modo
1417 1388 1468 1425 est
1497 1401 1517 1425 a
1544 1386 1806 1425 cohortatione

407 1452 552 1495 nostr35
586 1466 708 1503 neque
725 1453 769 1496 is,
793 1453 859 1503 qui
877 1453 1023 1503 aliquid
1045 1453 1178 1504 potest,
1201 1454 1467 1492 deterrendus:
1500 1453 1603 1505 quod
1624 1453 1803 1497 alterum,

406 1517 615 1554 divinitatis
636 1517 733 1554 mihi
751 1518 948 1568 cujusdam
976 1519 1148 1556 videtur:
1181 1520 1359 1564 alterum,
1382 1520 1440 1556 vel
1462 1533 1539 1557 non
1558 1518 1680 1556 facere
1701 1519 1805 1571 quod

406 1596 481 1621 non
513 1585 660 1636 optime
687 1583 812 1635 poffis,
845 1583 903 1620 vel
935 1582 1055 1620 facere
1082 1585 1186 1635 quod
1218 1599 1295 1623 non
1321 1585 1475 1637 peffime
1501 1584 1630 1629 facias,
1662 1584 1801 1622 huma-

404 1649 534 1687 nitatis
553 1664 560 1687 :
594 1649 752 1686 tertium
772 1662 860 1686 vero
876 1648 986 1693 illud,
1004 1649 1167 1686 clamare
1183 1660 1312 1688 contra
1328 1665 1445 1703 quam
1467 1651 1609 1694 deceat,
1631 1660 1667 1687 et
1684 1665 1802 1702 quam

404 1714 528 1766 possit,
573 1713 744 1752 hominis
782 1714 847 1758 est,
894 1724 935 1751 ut
966 1724 1022 1758 tu,
1069 1716 1220 1760 Catule,
1257 1717 1301 1754 de
1346 1717 1513 1768 quodam
1549 1716 1803 1754 declamatore

404 1780 545 1824 dixisti,
577 1780 747 1817 stultitiae
778 1780 850 1817 suae
882 1780 1190 1832 quamplurimos
1223 1783 1329 1819 testes
1367 1782 1575 1820 domestico
1611 1783 1802 1834 praeconio

402 1846 635 1898 colligentis.
696 1847 756 1884 De
786 1846 859 1884 hoc
891 1847 1022 1898 igitur,
1053 1848 1120 1898 qui
1152 1849 1222 1885 erit
1254 1849 1350 1894 talis,
1384 1860 1424 1886 ut
1454 1847 1709 1887 cohortandus
1733 1849 1800 1887 ad-

395 1913 658 1964 juvandusque
679 1913 736 1957 sit,
768 1914 820 1950 ita
840 1913 1056 1965 loquamur,
1090 1924 1131 1951 ut
1158 1915 1191 1952 ei
1214 1916 1404 1954 tradamus
1425 1929 1467 1952 ea
1486 1916 1684 1958 duntaxat,
1715 1929 1799 1966 quae

401 1993 469 2017 nos
491 1979 575 2017 usus
597 1980 752 2024 docuit,
792 1990 833 2017 ut
854 1980 964 2018 nobis
985 1980 1149 2018 ducibus
1171 1982 1293 2019 veniat
1312 1996 1370 2026 eo,
1406 1996 1485 2033 quo
1511 1982 1586 2019 sine
1607 1982 1703 2019 duce
1731 1981 1798 2033 ipsi

395 2047 657 2098 pervenimus,
678 2047 862 2098 quoniam
883 2046 1042 2084 meliora
1060 2046 1192 2084 docere
1213 2061 1289 2084 non
1309 2047 1519 2099 poffumus.

454 2112 566 2148 XXI.
600 2114 744 2163 Atque,
766 2122 808 2149 ut
830 2126 848 2148 a
869 2111 1049 2149 familiari
1071 2112 1195 2149 nostro
1216 2113 1401 2156 exordiar,
1420 2111 1524 2150 hunc
1540 2126 1624 2164 ego,
1644 2114 1796 2158 Catule,

400 2178 630 2229 Sulpicium,
648 2192 739 2215 cum
759 2178 932 2230 primum
952 2177 992 2214 in
1011 2178 1118 2214 causa
1134 2178 1288 2230 parvula
1308 2178 1633 2216 adolescentulum
1654 2180 1795 2224 audivi,

398 2257 504 2287 voce,
535 2252 571 2280 et
606 2242 744 2287 forma,
776 2252 813 2280 et
847 2253 958 2280 motu
979 2244 1162 2295 corporiS,
1194 2253 1231 2280 et
1264 2244 1419 2296 reliquis
1453 2245 1564 2282 rebus
1585 2255 1718 2297 aptum
1749 2245 1794 2283 ad

396 2307 472 2347 hoc
495 2322 652 2352 munus,
674 2309 720 2345 de
740 2322 818 2360 quo
844 2309 1065 2359 quaerimu8‚
1097 2310 1266 2346 oratione
1286 2319 1413 2348 autem
1435 2310 1547 2347 celeri
1566 2320 1602 2348 et
1623 2312 1794 2349 concita-

397 2385 446 2420 ta,
481 2374 602 2427 (quod
636 2384 714 2412 erat
748 2375 911 2426 ingenii)
944 2384 981 2411 et
1012 2375 1135 2412 verbis
1156 2375 1500 2421 effervescentibus,
1531 2386 1567 2414 et
1587 2377 1702 2429 paulo
1732 2378 1792 2415 ni-

395 2442 522 2480 mium
557 2440 870 2485 redundantibus,
916 2440 1037 2492 (quod
1065 2451 1142 2479 erat
1170 2442 1305 2494 oetatis)
1339 2456 1414 2480 non
1449 2443 1532 2481 sum
1564 2443 1790 2495 aspernatus.

396 2507 498 2546 Volo
517 2507 636 2552 enim,
658 2506 694 2545 se
713 2506 842 2545 efferat
874 2507 913 2545 in
945 2507 1179 2546 adolescente
1199 2506 1442 2547 foecunditas.
1490 2510 1596 2548 Nam
1624 2508 1790 2555 facilius,
