2176 2912
419 195 495 237 512
808 182 1444 221 ORATORIAE

415 274 574 320 crebris,
605 276 709 328 paria
741 276 896 329 paribus
929 277 1189 329 respondeant,
1221 276 1410 329 relataque
1431 276 1477 314 ad
1502 276 1608 314 idem
1627 276 1790 315 verbum
1806 296 1818 322 ;

417 352 455 380 et
485 343 690 395 geminata,
723 352 836 395 atque
867 343 1074 396 duplicata,
1106 344 1165 381 vel
1199 344 1315 381 etiam
1342 344 1474 396 saepius
1510 344 1641 382 iterata
1671 357 1823 396 ponan-

416 418 506 454 tur;
538 409 847 462 constructioque
881 410 1087 449 verborum
1115 420 1199 449 tum
1234 411 1573 462 conjunctionibus
1603 411 1820 463 copuletur,

416 485 503 513 tum
523 475 832 514 dissolutionibus
853 476 1056 515 relaxetur.
1117 478 1183 514 Fit
1202 477 1319 514 etiam
1340 477 1459 515 suavis
1481 478 1614 522 oratio,
1636 491 1728 515 cum
1749 477 1821 514 ali-

416 542 513 595 quid
543 551 608 579 aut
627 542 808 587 invisum,
837 552 902 580 aut
932 543 1166 587 inauditum,
1199 552 1263 580 aut
1291 557 1437 580 novum
1469 543 1584 581 dicas.
1645 543 1822 581 Delectat
1856 548 1861 549 ⁷

415 609 521 646 enim
548 608 741 660 quidquid
773 608 825 645 est
844 608 1082 653 admirabile,
1115 609 1363 660 maximeque
1385 618 1515 646 movet
1533 622 1589 653 ea,
1620 623 1704 661 quae
1732 623 1821 647 mo-

416 683 502 712 tum
533 675 705 726 aliquem
739 674 860 711 animi
889 674 1039 720 miscet,
1069 675 1190 712 oratio
1206 692 1217 718 ;
1255 687 1418 726 quaeque
1448 674 1634 727 fignificat
1663 677 1821 713 oratoris

414 741 529 794 ipsius
550 739 731 778 amabiles
752 754 902 785 mores;
936 741 1003 793 qui
1024 742 1311 794 exprimuntur,
1343 750 1408 778 aut
1437 741 1686 793 significando
1711 742 1821 794 judi-

416 808 478 845 cio
498 807 613 860 ipsius
635 820 681 844 ex
702 807 832 845 animo
851 806 1025 846 humano
1045 821 1087 845 ac
1113 807 1276 852 liberali,
1309 816 1374 844 aut
1393 807 1601 846 inflexione
1621 807 1820 853 sermonis,

413 887 506 911 cum
541 882 606 910 aut
639 873 805 925 augendi
837 873 1006 919 alterius,
1053 884 1118 912 aut
1153 874 1355 912 minuendi
1389 873 1445 912 sui
1481 874 1603 919 causa,
1640 874 1712 912 alia
1743 874 1822 913 dici

413 940 460 977 ab
492 950 650 984 oratore,
682 940 755 977 alia
783 940 991 979 existimari
1022 941 1210 985 videntur,
1256 940 1374 992 idque
1405 941 1586 979 comitate
1621 940 1704 979 fieri
1735 954 1820 979 ma-

413 1007 487 1058 gis,
521 1019 640 1058 quam
671 1007 849 1045 vanitate.
910 1008 982 1045 Sed
1012 1007 1137 1045 multa
1167 1007 1254 1045 sunt
1284 1006 1476 1045 suavitatis
1504 1016 1704 1060 praecepta‚
1736 1021 1821 1060 quae

413 1072 628 1112 orationem
649 1082 714 1110 aut
733 1073 855 1125 magis
887 1073 1101 1118 obscuram,
1132 1082 1198 1112 aut
1229 1073 1358 1111 minus
1382 1073 1625 1126 probabilem
1654 1072 1819 1112 faciunt.

412 1139 547 1190 Itaque
567 1139 683 1177 etiam
703 1137 780 1177 hoc
800 1139 887 1178 loeo
907 1139 1018 1179 nobis
1040 1139 1092 1178 est
1119 1140 1222 1193 ipfis,
1250 1139 1347 1192 quid
1378 1139 1485 1178 causa
1513 1139 1693 1193 postulet,
1708 1138 1820 1192 judi-

413 1205 597 1243 candum.
1729 1207 1731 1210 ’

468 1271 561 1310 VII.
594 1272 626 1310 F
632 1285 766 1310 imus.
790 1272 1008 1325 Reliquum
1028 1273 1081 1311 est
1112 1273 1245 1325 igitur,
1277 1281 1321 1311 ut
1341 1272 1442 1311 dicas
1464 1273 1511 1311 de
1537 1271 1715 1311 conversa
1734 1285 1820 1310 ora-

411 1336 530 1381 tione,
553 1346 668 1389 atque
684 1347 845 1375 mutata.
878 1340 1056 1377 PATER.
1076 1339 1143 1376 Est
1158 1339 1288 1390 itaque
1307 1338 1347 1376 id
1366 1352 1485 1391 genus
1508 1348 1636 1377 totum
1649 1338 1763 1376 situm
1779 1338 1820 1376 in

412 1404 720 1441 commutatione
737 1404 966 1449 verborum3
992 1419 1076 1456 quae
1090 1404 1330 1458 simplicibus
1350 1404 1391 1443 in
1407 1405 1532 1443 verbis
1553 1404 1606 1442 ita
1626 1405 1819 1448 traecatur,

412 1476 456 1506 ut
489 1478 554 1506 aut
572 1482 619 1508 ex
639 1469 754 1508 verbo
773 1470 965 1515 dilatetur,
988 1480 1053 1508 aut
1074 1471 1114 1508 in
1133 1471 1297 1509 verbum
1317 1469 1565 1509 contrahatur
1583 1470 1718 1509 oratio.
1757 1470 1820 1508 Ex

412 1535 544 1580 verbo,
576 1549 668 1573 curn
702 1545 768 1573 aut
799 1538 1014 1589 proprium,
1060 1546 1126 1575 aut
1158 1538 1264 1576 idem
1297 1537 1528 1589 significans,
1572 1546 1639 1575 aut
1671 1535 1820 1574 factum

412 1602 575 1639 verbum
596 1603 635 1640 in
655 1602 764 1654 plura
784 1603 897 1640 verba
916 1603 1127 1642 diducitur.
1178 1604 1240 1642 Ex
1266 1604 1451 1649 oratione,
1481 1617 1574 1642 cum
1595 1611 1661 1640 aut
1680 1602 1819 1640 defini-

413 1668 468 1705 tio
500 1668 546 1705 ad
580 1682 705 1706 unum
725 1669 887 1707 verbum
915 1679 1124 1715 revocatur,
1155 1679 1220 1708 aut
1252 1670 1440 1722 affumpta
1466 1670 1580 1708 verba
1613 1682 1818 1707 removen-

411 1742 487 1778 tur,
519 1743 584 1772 aut
614 1735 654 1772 in
684 1735 868 1773 circuitus
897 1735 1129 1787 diriguntur,
1166 1745 1231 1773 aut
1262 1737 1302 1774 in
1336 1737 1608 1788 conjunctione
1629 1734 1673 1772 fit
1693 1749 1818 1773 unum

411 1799 575 1837 verbum
595 1813 642 1837 ex
663 1799 827 1838 duobus.
874 1801 919 1838 In
943 1801 1159 1853 conjunctis
1181 1810 1311 1839 autem
1337 1801 1462 1839 verbis
1484 1801 1625 1854 triplex
1645 1798 1819 1838 adhiberi

412 1865 535 1917 potest
568 1866 840 1911 commutatio,
877 1880 954 1904 non
986 1867 1206 1912 verborum,
1249 1867 1310 1905 sed
1341 1867 1485 1905 ordinis
1519 1866 1816 1905 tantummodo:

415 1939 470 1975 ut,
505 1934 597 1970 cum
629 1932 743 1970 semel
765 1933 913 1970 dictum
933 1933 978 1971 fit
1008 1933 1161 1979 directe,
1195 1934 1290 1972 sicut
1320 1943 1453 1972 natura
1473 1934 1551 1986 ipsa
1572 1933 1717 1978 tulerit,
1753 1933 1816 1970 in-

412 2007 579 2036 vertatur
598 1998 704 2044 ordo,
737 2009 774 2037 et
808 2000 913 2038 idem
942 2000 1044 2052 quafi
1080 2000 1227 2038 sursum
1262 1999 1403 2044 versus,
1433 2011 1609 2052 retroque
1639 1999 1814 2044 dicatur,-

413 2063 548 2103 deinde
574 2066 678 2104 idem
708 2067 896 2112 intercise,
929 2075 1042 2119 atque
1062 2067 1253 2120 permiste.
1314 2067 1536 2119 Eloquendi
1557 2075 1686 2104 autem
1707 2079 1815 2104 exer-

411 2131 544 2169 citatio
578 2132 748 2170 maxime
779 2133 818 2170 in
851 2131 925 2170 hoc
958 2142 1040 2171 toto
1062 2132 1305 2170 convertendi
1333 2145 1470 2185 genere
1502 2131 1680 2170 versatur.
1741 2133 1816 2170 F1-

418 2210 534 2235 Lms.
567 2197 683 2235 Actio
704 2198 822 2249 igitur
842 2198 1027 2251 sequitur,
1050 2208 1093 2236 ut
1120 2199 1269 2251 opinor.
1330 2199 1507 2237 PATER.
1540 2198 1607 2236 Est
1627 2198 1706 2236 ita:
1732 2205 1816 2251 quae

411 2263 571 2316 quidem
609 2264 762 2309 oratori,
794 2274 830 2301 et
865 2278 956 2302 cum
992 2278 1134 2309 rerum,
1165 2274 1202 2302 et
1236 2278 1328 2304 curn
1364 2265 1571 2303 verborum
1605 2266 1815 2304 momentis

410 2330 687 2369 commutanda
707 2331 875 2368 maxime
905 2331 969 2368 est.
1031 2332 1141 2370 Facit
1161 2331 1264 2370 enim
1295 2341 1334 2370 et
1353 2332 1564 2370 dilucidam
1585 2333 1815 2377 orationem,

412 2406 450 2437 et
483 2396 684 2441 illustrem,
727 2405 764 2434 et
806 2397 1061 2449 probabilem,
1095 2406 1132 2435 et
1163 2397 1329 2442 suavem,
1362 2412 1439 2436 non
1469 2399 1609 2444 verbis,
1654 2398 1716 2436 sed
1747 2411 1813 2436 va-

412 2464 542 2502 rietate
572 2477 727 2507 vocum,
760 2472 869 2501 motu
891 2465 1076 2516 corporis,
1099 2464 1237 2509 vultu;
1274 2478 1358 2517 quae
1378 2464 1595 2518 plurimum
1616 2464 1812 2510 valebunt,

411 2529 438 2568 sl
459 2543 550 2568 cum
571 2529 752 2569 orationis
786 2543 921 2583 genere
943 2530 1193 2577 consentient,
1225 2530 1381 2584 ejusque
1414 2531 1496 2571 vim
1529 2545 1572 2570 ac
1594 2530 1813 2571 varietatem
