2176 2912
563 207 1374 253 LrssERPRIMUs,
1617 220 1667 263 73

270 307 394 347 solum
414 306 460 345 ad
480 304 777 344 misericordiam
797 303 970 341 ducatur,
1021 302 1168 345 Sextus,
1200 313 1266 352 per
1282 312 1399 352 quem
1420 307 1552 352 praeter
1568 300 1670 353 spem

269 376 310 413 in
331 373 487 413 miseriis
509 371 786 411 demonstratur
816 369 910 414 effe,-
942 377 992 412 et,
1024 381 1116 405 cum
1148 366 1294 419 aliquid
1324 365 1562 419 exspectaret,
1594 381 1671 405 non

269 439 388 479 modo
418 437 457 478 id
487 452 565 478 non
595 438 777 490 adeptum
808 436 892 481 esse,
935 434 995 473 sed
1025 435 1064 472 in
1091 434 1258 472 summas
1290 433 1455 471 miserias
1488 433 1669 472 incidisse,

269 506 476 559 Septimus,
507 519 574 559 per
592 518 710 558 quem
729 504 775 542 ad
804 502 916 556 ipsos,
948 501 1016 554 qui
1036 501 1210 546 audiunt,
1241 500 1405 539 fimilem
1425 499 1554 538 casum
1575 513 1669 538 con<

267 573 478 617 vertimus;
519 582 556 610 et
585 572 766 625 petimus,
803 580 846 608 ut
877 569 924 607 de
951 569 1024 607 suis
1053 568 1197 613 liberis,
1239 577 1302 606 aut
1332 567 1565 620 parentibus,
1607 575 1670 604 aut

267 638 411 691 aliquo,
441 639 509 692 qui
530 639 607 677 illis
627 651 732 676 carus
752 637 885 676 debeat
904 635 987 679 effe,
1016 649 1083 674 nos
1104 649 1195 674 cum
1215 635 1379 679 videant,
1412 634 1667 672 recordentur.

269 705 452 749 Gestavus,
484 718 550 757 per
569 718 686 756 quem
705 703 850 755 aliquid
875 702 1017 741 dicitur
1045 701 1116 740 effe
1135 701 1295 746 fastum,
1324 701 1430 754 quod
1456 714 1533 738 non
1554 713 1668 752 opor-

268 771 406 809 tuerit:
440 780 503 809 aut
523 784 599 809 non
615 770 775 814 factum,
806 769 910 821 quod
930 769 1154 822 oportuerit,
1181 768 1255 807 hoc
1277 768 1394 806 modo
1402 786 1413 811 ς
1446 767 1541 806 Non
1561 765 1667 809 affui,

269 849 346 874 non
367 837 460 881 vidi,
491 850 568 874 non
589 835 817 888 postremam
838 836 918 886 ejus
939 847 1073 872 vocem
1094 834 1234 879 audivi,
1257 847 1333 872 non
1354 843 1571 871 extremum
1588 833 1668 884 ejus

268 901 447 953 spiritum
477 903 624 954 excepi.
674 902 788 949 Item,
828 901 1084 938 Inimicorum
1116 901 1156 938 in
1187 900 1365 939 manibus
1396 909 1569 938 mortuus
1601 898 1667 941 est,

267 965 398 1005 hostili
431 967 470 1005 in
503 977 597 1005 terra
628 967 790 1020 turpiter
814 967 938 1018 jacuit
968 965 1193 1019 insepultus,
1232 980 1252 1004 a
1283 964 1370 1003 feris
1403 965 1470 1002 diu
1497 974 1667 1008 vexatus,

267 1033 474 1071 communi
487 1046 640 1085 quoque
652 1031 797 1071 honore
810 1032 848 1069 in
865 1040 989 1071 morte
1004 1032 1138 1070 caruit.
1167 1033 1322 1075 Nonus,
1340 1044 1406 1084 per
1419 1044 1537 1083 quern
1550 1030 1670 1069 oratio

267 1097 314 1134 ad
334 1108 458 1136 mutas
479 1107 516 1136 et
534 1107 703 1151 expertes
724 1097 844 1136 animi
861 1110 917 1135 res
939 1095 1116 1142 refertur,
1140 1106 1183 1135 ut
1200 1097 1225 1135 fi
1246 1097 1291 1135 ad
1308 1110 1467 1149 equum,
1489 1097 1668 1139 domum,

270 1163 425 1208 vestem,
457 1163 669 1202 sermonem
690 1163 850 1215 alicujus
871 1163 1155 1208 accommodes,
1187 1164 1327 1216 quibus
1348 1164 1499 1201 animus
1519 1176 1667 1206 eorum,

265 1228 336 1280 qui
374 1229 534 1266 audiunt
572 1238 610 1267 et
642 1228 812 1281 aliquem
840 1228 1069 1274 dilexerunt,
1109 1228 1353 1267 vehementer
1385 1238 1665 1267 commoveturi

270 1294 473 1339 Decimus,
504 1308 569 1346 per
598 1308 717 1347 quern
748 1295 888 1346 inopia,
925 1295 1142 1340 infirmitas,
1180 1295 1344 1334 solitudo
1378 1295 1667 1334 demonstratur.

269 1359 526 1405 Undecimus,
562 1373 629 1413 per
658 1374 775 1414 quem
807 1370 871 1398 aut
901 1360 1125 1405 liberorum,
1167 1370 1232 1399 aut
1262 1370 1478 1413 parentum,
1520 1369 1585 1398 aut
1615 1359 1670 1397 sui

267 1427 436 1479 corporis
462 1426 678 1479 sepeliendi,
710 1436 774 1465 aut
799 1426 960 1478 alicujus
989 1427 1176 1478 ejusmodi
1206 1426 1259 1465 rei
1292 1426 1579 1464 commendatio
1609 1425 1669 1463 fit.

269 1493 550 1538 Duodecimus,
588 1506 654 1545 per
683 1506 801 1545 quem
832 1493 1039 1544 disjunctio
1069 1492 1285 1545 deploratur
1315 1492 1362 1530 ab
1393 1491 1536 1543 aliquo,
1577 1505 1670 1529 cum

267 1559 463 1598 deducaris
495 1559 542 1598 ab
573 1573 618 1599 eo
645 1560 808 1613 quicum
828 1559 1073 1597 libentiffime
1093 1559 1245 1604 vixeris,
1276 1567 1319 1596 ut
1338 1571 1358 1596 a
1376 1567 1542 1611 parente,
1574 1557 1669 1602 filio,

268 1625 395 1672 fratre,
426 1626 618 1666 familiari.
667 1627 824 1666 Tertius
849 1626 1036 1671 decimus,
1067 1639 1133 1679 per
1151 1639 1269 1679 quem
1289 1639 1382 1664 cum
1410 1625 1671 1678 indignatione

269 1695 555 1746 conquerimur,
571 1694 674 1747 quod
687 1694 732 1732 ab
746 1694 805 1738 iis,
827 1694 1001 1746 aquibus
1015 1693 1179 1731 minime
1190 1692 1403 1737 conveniat,
1423 1692 1523 1730 male
1535 1692 1670 1729 traffioe-

269 1772 383 1804 mur3
414 1760 654 1813 propinquis,
686 1760 834 1805 amicis,
866 1759 1006 1812 quibus
1024 1758 1338 1803 benefecerimus,
1370 1771 1466 1810 quos
1484 1757 1671 1809 adjutores

271 1823 350 1862 fore
370 1827 626 1878 putaverimus
641 1845 652 1871 3
685 1836 749 1864 aut
768 1840 788 1863 a
808 1827 949 1878 quibus
970 1826 1176 1879 indignum
1193 1825 1258 1871 est,
1290 1835 1333 1864 ut
1352 1825 1476 1870 servis,
1508 1824 1669 1868 libertis,

269 1891 488 1937 clientibus,
519 1892 767 1945 supplicibus.

325 1959 434 1997 LVI.
467 1959 634 2011 Qartus
649 1959 836 2003 decimus,
859 1959 924 2012 qui
937 1971 1002 2012 per
1019 1958 1315 1998 obsecrationem
1332 1959 1511 1997 sumitur:
1535 1958 1574 1995 in
1595 1969 1674 2009 quo

267 2034 425 2063 orantur
455 2024 573 2064 modo
603 2025 676 2070 illi,
707 2026 776 2078 qui
806 2027 981 2070 audiunt,
1011 2025 1156 2064 humili
1177 2036 1213 2065 et
1233 2025 1394 2079 supplici
1414 2025 1596 2069 oratione,
1629 2031 1673 2062 ut

271 2091 528 2129 misereantur.
561 2092 732 2143 Qintus
751 2091 937 2137 decimus,
960 2105 1025 2145 per
1045 2106 1162 2145 quem
1180 2106 1255 2131 non
1273 2091 1427 2136 nostras,
1450 2091 1509 2129 sed
1522 2103 1670 2135 eorum,

269 2158 338 2209 qui
357 2157 433 2195 cari
454 2157 562 2196 nobis
584 2157 723 2197 debent
742 2157 824 2203 effe,
856 2157 1026 2197 fortunas
1047 2159 1230 2211 conqueri
1255 2172 1322 2197 nos
1352 2157 1670 2196 demonstramus.

272 2224 405 2261 Sextus
419 2223 590 2262 decimus
604 2223 669 2269 est,
690 2237 755 2278 per
767 2238 883 2278 quem
899 2225 1073 2264 animum
1095 2225 1265 2264 nostrum
1285 2226 1324 2263 in
1344 2224 1436 2262 alios
1457 2222 1671 2262 misericor-

271 2288 362 2326 dem
374 2289 443 2327 esse
455 2289 714 2336 ostendimus3
737 2300 774 2329 et
794 2301 921 2329 tamen
942 2292 1119 2344 amplum
1138 2301 1175 2330 et
1195 2291 1385 2330 excelsum
1406 2300 1442 2329 et
1463 2291 1670 2343 patientem

272 2354 613 2394 incommodorum
633 2355 715 2401 effe,
747 2366 784 2395 et
809 2356 1000 2402 futurum,
1032 2358 1057 2396 fi
1085 2358 1179 2410 quid
1210 2358 1401 2402 acciderit,
1435 2356 1668 2395 demonstra—

274 2433 374 2458 mus,
425 2421 531 2460 Nam
566 2421 659 2475 saepe
692 2423 810 2461 virtus
845 2433 882 2461 et
917 2423 1214 2477 magnificentia,
1254 2424 1293 2462 in
1325 2437 1401 2476 qua
1437 2423 1597 2475 gravitas
1632 2429 1670 2458 et

272 2485 473 2524 auctoritas
501 2487 567 2532 est,
606 2487 692 2540 plus
722 2488 874 2541 proficit
913 2489 959 2527 ad
995 2489 1292 2528 misericordiam
1331 2486 1667 2529 commovendam,

272 2564 389 2603 quam
409 2550 609 2592 humilitas
629 2555 668 2592 &
688 2554 907 2594 obsecratio.
959 2555 1179 2594 commotis
1197 2556 1323 2593 au'tem
1345 2555 1497 2598 animis,
1524 2551 1667 2591 diutius

327 2617 478 2656 ΤοΜ.
510 2618 542 2657 1.
1093 2621 1133 2659 K
