2176 2912
426 230 500 270 52²
810 219 1440 259 ORATORIAE

423 310 582 348 Restant
615 310 773 349 astionis
792 331 804 356 ;
848 313 956 364 cujus
988 313 1151 352 alterum
1188 314 1241 352 est
1275 312 1520 367 praecipiendi
1551 326 1687 366 genus,
1722 312 1829 366 quod

423 377 470 414 ad
508 377 695 415 rationem
726 378 845 416 officii
878 380 1057 431 pertinet,
1098 390 1155 425 ut,
1192 380 1525 433 quemadmodum
1563 380 1716 418 colendi
1758 380 1831 418 smt

426 452 621 495 parentes:
653 443 818 482 alterum
850 454 980 483 autem
1011 445 1057 484 ad
1094 446 1275 485 sedandos
1305 448 1469 491 animos,
1505 456 1541 485 et
1572 447 1742 484 oratione
1772 445 1829 483 sa-

425 509 585 555 nandos,
616 520 658 547 ut
691 511 730 549 in
761 511 999 550 consolandis
1020 514 1265 558 moeroribus,
1298 522 1341 551 ut
1361 514 1401 551 in
1432 514 1628 551 iracundia
1656 512 1833 565 compri-
1859 560 1862 561 ⁷

427 575 581 621 menda,
603 586 668 615 aut
689 577 729 614 in
751 578 890 616 timore
912 579 1096 624 tollendo,
1120 589 1184 617 aut
1202 581 1242 617 in
1264 580 1473 632 cupiditate
1494 580 1715 618 minuenda.
1755 579 1834 617 Cui

425 642 586 693 quidem
621 644 752 694 generi
786 644 1023 682 contrarium
1053 645 1106 682 est
1125 645 1344 698 disputandi
1364 659 1483 697 genus
1504 646 1550 683 ad
1570 645 1724 683 eosdem
1743 644 1832 682 illos

426 709 548 746 animi
569 718 712 753 motus,
735 710 840 761 quod
860 710 900 748 in
921 710 1191 763 amplificanda
1211 712 1382 749 oratione
1408 711 1501 764 saepe
1521 711 1745 750 faciendum
1768 710 1836 755 est,

427 774 485 811 vel
505 774 719 826 gignendos
741 774 799 812 vel
819 775 1083 815 concitandos.
1129 777 1262 829 Atque
1281 775 1363 815 haec
1383 775 1462 815 fere
1489 777 1542 815 est
1562 777 1717 830 partitio
1738 788 1836 814 con·-

428 839 694 879 sultationum.

483 907 575 946 XX.
619 909 792 946 qus.
826 910 1032 962 Cognovi3
1066 910 1141 956 sed,
1164 924 1248 963 quae
1269 911 1364 949 ratio
1385 911 1437 949 est
1457 912 1497 948 in
1517 910 1578 948 his
1599 908 1835 954 inveniendi,

427 982 465 1011 et
485 973 724 1026 disponendi,
762 977 927 1028 requiro.
988 977 1165 1014 PATER.
1203 977 1343 1028 Qid?
1373 986 1413 1015 tu
1435 977 1600 1014 aliamne
1620 976 1762 1020 censes,
1798 984 1837 1013 et

428 1051 508 1079 non
528 1039 689 1078 eandem
710 1039 793 1084 effe,
811 1055 895 1092 quae
909 1041 961 1079 est
981 1042 1162 1094 exposita,
1181 1052 1224 1080 ut
1242 1056 1289 1080 ex
1307 1042 1448 1080 eisdem
1468 1043 1564 1079 locis
1585 1042 1632 1080 ad
1651 1041 1783 1086 fidem,
1797 1049 1835 1078 et

429 1104 475 1142 ad
496 1105 771 1144 inveniendum
793 1107 982 1146 ducantur
1002 1108 1162 1145 omnia?
1195 1108 1423 1146 Collocandi
1441 1117 1571 1146 autem
1587 1121 1672 1159 quae
1692 1107 1745 1144 est
1764 1120 1835 1144 ex-

430 1170 548 1222 posita
568 1171 607 1209 in
628 1171 710 1208 aliis
731 1172 840 1217 ratio,
869 1173 1000 1210 eadem
1021 1172 1099 1210 huc
1122 1172 1360 1211 transfertur.
1421 1173 1589 1225 Cognita
1607 1172 1726 1225 igitur
1745 1185 1836 1210 om-

430 1236 472 1274 ni
491 1236 757 1276 distributione
787 1239 1067 1291 propositarum
1092 1239 1436 1285 consultationum,
1471 1239 1669 1277 causarum
1699 1252 1838 1292 genera

431 1301 568 1341 restant
588 1303 764 1341 omnino.
824 1305 877 1342 Et
897 1318 1028 1343 earum
1049 1306 1208 1358 quidem
1238 1304 1363 1343 forma
1394 1306 1536 1359 duplex
1556 1305 1609 1343 est
1625 1323 1637 1350 3
1671 1318 1837 1357 quarum

431 1368 545 1407 altera
560 1369 853 1409 delectationem
867 1371 1027 1410 sefflitur
1046 1373 1197 1410 aurium
1214 1388 1222 1411 :
1240 1372 1410 1417 alterius,
1428 1381 1470 1410 ut
1486 1373 1670 1416 obtineat,
1684 1372 1837 1424 probet,

430 1443 467 1471 et
486 1435 627 1474 efficiat
647 1436 753 1488 quod
773 1437 865 1489 agit,
897 1438 1025 1476 omnis
1057 1438 1109 1476 est
1141 1438 1311 1491 suscepta
1335 1439 1548 1477 contentio,
1582 1439 1715 1490 Itaque
1736 1437 1837 1476 illud

430 1501 615 1553 superius,
647 1504 846 1541 exornatio
876 1504 1020 1542 dicitur
1034 1523 1046 1549 3
1079 1506 1182 1557 quod
1203 1519 1295 1543 cum
1315 1505 1438 1544 latum
1469 1519 1590 1558 genus
1611 1504 1681 1543 effe
1700 1504 1837 1558 potest,

431 1566 592 1620 saneque
612 1569 776 1613 varium,
799 1584 922 1607 unum
943 1584 989 1608 ex
1009 1585 1053 1609 eo
1074 1572 1302 1623 delegimus,
1332 1572 1437 1623 quod
1459 1573 1506 1610 ad
1522 1571 1730 1609 laudandos
1754 1570 1836 1608 cla·-

432 1646 490 1670 ros
512 1634 611 1672 viros
632 1633 881 1687 suscepimus,
903 1645 941 1673 et
959 1636 1004 1674 ad
1025 1637 1224 1689 improbos
1245 1637 1529 1689 vituperandos.
1573 1638 1708 1675 Genus
1729 1637 1838 1674 enim

431 1700 586 1738 nullum
607 1701 660 1738 est
679 1702 876 1747 orationis,
907 1703 1013 1754 quod
1033 1714 1098 1740 aut
1119 1704 1274 1741 uberius
1295 1704 1341 1741 ad
1361 1703 1585 1748 dicendum,
1613 1712 1678 1741 aut
1701 1703 1838 1741 utilius

431 1765 651 1804 civitatibus
673 1766 742 1804 esse
763 1767 888 1820 possit,
909 1777 974 1806 aut
995 1768 1035 1806 in
1056 1782 1136 1820 quo
1164 1769 1287 1820 magis
1308 1778 1433 1806 orator
1457 1770 1497 1806 in
1513 1769 1737 1821 cognitione
1757 1768 1837 1806 vir-

431 1839 577 1876 tutum,
599 1833 861 1886 vitiorumque
880 1834 1057 1873 versetur.
1094 1835 1311 1887 Reliquum
1331 1844 1462 1873 autem
1482 1849 1603 1888 genus
1624 1835 1837 1880 causarum,

431 1907 497 1935 aut
517 1898 559 1936 in
576 1899 787 1951 provifione
806 1901 943 1954 posteri
964 1903 1163 1955 temporis,
1186 1911 1250 1940 aut
1282 1903 1320 1939 in
1348 1903 1529 1955 praeteriti
1550 1901 1837 1955 disceptatione,

432 1964 622 2009 versatur;
669 1980 837 2018 quorum
871 1967 1033 2006 alterum
1067 1969 1350 2007 deliberationis
1385 1969 1451 2013 est,
1490 1968 1654 2006 alterum
1679 1967 1836 2019 judicii.

433 2030 494 2068 Ex
515 2045 590 2082 qua
610 2033 815 2084 partitione
835 2035 904 2072 tria
925 2048 1063 2087 genera
1082 2035 1279 2073 causarum
1301 2035 1537 2072 extiterunt:
1571 2047 1710 2078 unum,
1732 2033 1839 2085 quod

432 2109 452 2132 a
476 2097 627 2135 meliori
658 2108 777 2150 parte,
812 2100 1041 2138 laudationis
1063 2101 1114 2138 est
1138 2101 1400 2153 appellatum;
1433 2099 1717 2137 deliberationis
1738 2099 1836 2137 alte-

433 2175 520 2199 rum
533 2181 545 2207 3
580 2165 740 2203 tertium
752 2166 1008 2217 judiciorum.
1060 2167 1327 2219 Qamobrem
1360 2166 1405 2203 de
1439 2166 1566 2218 primo
1597 2164 1783 2218 primum,
1810 2166 1837 2204 s1
1882 2208 1884 2210 ,

434 2229 572 2281 placet,
595 2230 849 2282 disputemus.
910 2233 1082 2270 FILIUS.
1116 2232 1225 2271 Mihi
1245 2246 1331 2270 vero
1352 2233 1490 2285 placet.

461 2296 574 2333 XXI.
612 2296 789 2334 PATER.
818 2298 878 2336 Ac
904 2297 1084 2335 laudandi
1106 2298 1423 2351 vituperandique
1445 2298 1621 2342 rationes,
1655 2312 1738 2350 quae
1760 2311 1837 2336 non

433 2363 478 2400 ad
500 2362 597 2400 bene
618 2361 828 2400 dicendum
847 2363 986 2408 solum,
1007 2363 1069 2401 sed
1090 2365 1205 2402 etiam
1227 2364 1273 2401 ad
1293 2363 1447 2402 honeste
1469 2364 1676 2401 vivendum
1693 2364 1835 2407 valent,

433 2442 624 2482 exponam
645 2428 821 2474 breviter,
854 2439 968 2482 atque
987 2444 1006 2468 a
1033 2431 1233 2483 principiis
1259 2431 1432 2468 exordiar
1451 2440 1488 2468 et
1518 2430 1696 2468 laudandi
1717 2439 1754 2468 et
1774 2430 1835 2467 vi-

435 2494 649 2547 tuperandi.
702 2495 849 2533 Omnia
868 2497 974 2534 enim
993 2496 1080 2534 sunt
1101 2496 1271 2549 profesto
1292 2497 1488 2540 laudanda,
1522 2510 1607 2548 quae
1633 2496 1836 2547 conjundhi

434 2574 526 2598 cum
547 2561 687 2599 virtute
708 2561 821 2608 sunt,
854 2571 891 2601 et
912 2576 996 2614 quae
1017 2576 1107 2601 cum
1133 2563 1251 2608 vitiis,
1274 2563 1533 2616 vituperanda.
1568 2561 1835 2613 Qamobrem
