2176 2912
607 159 926 197 LIBER
1003 158 1485 197 TERT1us.
1674 171 1743 210 321

405 251 584 304 Sequitur
615 251 855 288 continuatio
875 250 1094 294 verborum,
1126 263 1210 301 quae
1241 250 1332 287 duas
1364 263 1419 287 res
1451 251 1635 294 maxime,
1666 250 1749 287 col-

348 316 581 355 locationem
600 316 787 367 primum,
819 315 954 352 deinde
973 315 1135 352 modum
1163 315 1357 366 quendam
1377 314 1634 367 formamque,
1654 314 1750 352 defi-

348 381 464 419 derat.
512 381 788 418 Collocationis
809 381 860 418 est
891 394 1122 432 componere
1145 390 1182 417 et
1210 380 1348 417 struere
1368 380 1481 417 verba
1502 381 1563 425 fic,
1596 390 1638 418 ut
1658 393 1752 418 neve

347 446 450 498 asper
483 460 616 484 eorum
651 446 870 491 concursus,
917 460 1010 484 neve
1045 445 1198 484 hiulcus
1238 446 1294 490 fit,
1338 446 1399 483 sed
1434 446 1602 498 quodam
1635 446 1752 484 modo

352 522 640 564 coagmentatus
660 523 697 550 et
718 513 833 551 laevis.
866 514 912 550 In
933 527 1011 565 quo
1032 513 1159 565 lepide
1178 512 1295 550 soceri
1326 512 1404 550 mei
1422 511 1581 565 persona
1598 512 1685 551 lufit
1707 512 1752 556 is,

348 579 416 630 qui
436 578 711 630 elegantissime
731 579 771 616 id
790 577 913 616 facere
932 579 1075 631 potuit,
1098 579 1289 623 Lucilius,

487 645 603 696 Qam
623 643 730 696 lepide
748 645 851 682 lexeis
869 644 1044 697 compostae
1057 644 1076 682 ,ἲ
1106 653 1148 682 ut
1169 644 1337 697 tefflmke
1356 658 1469 683 omnes

486 711 587 748 Arte
597 710 820 762 pavimento,
850 720 958 763 atque
978 710 1176 748 emblemate
1195 711 1442 749 vermiculato.

352 776 450 826 Qae
463 788 555 814 cum
572 775 721 814 dixiffet
733 777 772 814 in
786 776 1002 814 Albucium
1016 776 1195 820 illudens,
1211 790 1256 814 ne
1273 789 1292 813 a
1305 789 1368 814 me
1381 776 1540 828 quidem
1557 774 1752 814 abstinuit.

490 841 651 895 Crtgffizm
670 842 777 881 habco
791 857 974 895 generum,
1005 857 1048 880 ne
1067 843 1330 881 rhetoricotero'
1352 843 1467 894 tusis.

351 907 461 958 Qid
491 909 609 960 ergo?
640 908 706 945 iste
742 908 905 952 Crafl'us,
937 908 1122 960 quoniam
1149 909 1230 960 ejus
1262 908 1427 946 abuteris
1459 909 1630 954 nomine,
1663 908 1758 961 quid

350 973 470 1011 efficit
488 975 501 1012 ?
533 974 638 1012 idem
658 974 756 1012 illud
776 974 934 1019 scilicet,
958 984 1001 1011 ut
1020 974 1086 1011 ille
1107 974 1243 1019 voluit,
1269 983 1307 1012 et
1326 988 1398 1027 ego
1417 975 1557 1012 vellem
1573 993 1583 1018 ;
1617 975 1757 1013 melius

351 1039 561 1092 aliquanto,
595 1054 713 1092 quam
733 1041 940 1079 Albucius.
986 1041 1135 1079 Verum
1157 1041 1197 1078 in
1224 1055 1288 1079 me
1308 1041 1468 1093 quidem
1494 1041 1583 1079 lusit
1602 1041 1681 1086 ille,
1715 1050 1759 1080 ut

352 1105 458 1144 solet.
520 1107 590 1144 Sed
622 1106 674 1144 est
705 1116 834 1145 tamen
854 1105 935 1144 haec
956 1106 1160 1145 collocatio
1190 1107 1443 1145 conservanda
1461 1107 1684 1152 verborum,
1713 1107 1760 1145 de

353 1185 429 1224 qua
459 1172 610 1225 loquor,
646 1187 731 1224 quae
757 1174 933 1225 junelam
963 1173 1177 1211 orationem
1208 1173 1340 1219 efficit,
1372 1188 1458 1226 quae
1485 1172 1757 1218 cohaerentem,

352 1252 438 1291 quae
458 1239 600 1284 lenem,
623 1253 707 1292 quae
727 1240 965 1293 aequabiliter
996 1239 1196 1278 fluentem.
1235 1241 1279 1278 Id
1300 1240 1563 1292 assequemini,
1600 1239 1626 1278 fi
1646 1240 1760 1278 verba

354 1314 525 1343 extrema
557 1319 650 1343 cum
685 1306 1006 1358 consequentibus
1041 1306 1178 1358 primis
1210 1307 1262 1343 ita
1275 1306 1462 1358 jungetis,
1500 1315 1542 1343 ut
1569 1319 1616 1343 ne
1636 1305 1760 1358 aspere

354 1382 598 1417 concurrant,
630 1386 722 1411 neve
742 1373 878 1411 vastius
899 1373 1142 1411 diducantui·.

410 1439 560 1476 XLIV.
594 1440 709 1477 Hanc
743 1439 986 1491 diligentiam
1007 1439 1247 1491 subsequitur
1281 1439 1420 1477 modus
1441 1439 1559 1476 etiam
1579 1448 1618 1477 et
1637 1438 1763 1477 forma

354 1505 575 1550 verborum,
608 1505 713 1557 quod
727 1506 809 1557 jam
831 1518 960 1543 vereor
976 1518 1023 1542 ne
1044 1503 1136 1542 huic
1158 1505 1299 1542 Catulo
1319 1505 1491 1542 videatur
1510 1504 1580 1542 effe
1600 1505 1758 1557 puerile.

355 1570 495 1610 Versus
516 1572 622 1609 enim
643 1580 784 1609 veteres
804 1572 863 1609 illi
883 1572 923 1609 in
944 1570 1016 1608 hac
1035 1571 1157 1608 soluta
1176 1572 1347 1609 oratione
1367 1571 1666 1624 propemodum,
1686 1570 1762 1609 hoc

355 1637 421 1682 est,
443 1651 623 1675 numeros
644 1637 843 1690 quosdam,
874 1637 985 1675 nobis
1003 1636 1073 1674 effe
1093 1636 1328 1675 adhibendos
1347 1646 1591 1689 putaverunt.
1635 1636 1760 1674 Inter-

357 1701 571 1754 spirationis
602 1703 724 1748 enim,
756 1717 833 1741 non
863 1702 1146 1754 defatigationis
1182 1702 1329 1747 nostrae,
1361 1716 1485 1754 neque
1517 1702 1764 1740 librariorum

357 1768 473 1812 notis,
495 1767 556 1805 sed
576 1768 781 1806 verborum
801 1778 839 1806 et
859 1768 1131 1806 sententiarum
1150 1769 1282 1812 modo,
1304 1769 1561 1821 interpunctas
1578 1767 1762 1805 clausulas

358 1834 399 1871 in
420 1835 657 1872 orationibus
682 1833 751 1872 esse
767 1834 972 1872 voluerunt
988 1852 999 1877 3
1031 1834 1147 1887 idque
1167 1835 1344 1887 princeps
1367 1835 1544 1873 Isocrates
1567 1833 1766 1872 instituisse

358 1899 494 1945 fertur,
517 1910 559 1937 ut
579 1900 818 1938 inconditam
839 1901 1089 1951 antiquorum
1110 1899 1263 1938 dicendi
1284 1900 1617 1944 consuetudinem,
1635 1899 1764 1938 delec-

359 1966 529 2011 tationis,
566 1975 678 2018 atque
698 1967 849 2004 aurium
875 1966 994 2004 causa‘
1017 1966 1369 2018 (quemadmodum
1404 1965 1535 2003 scribit
1556 1965 1766 2017 discipulus

358 2034 438 2085 ejus
459 2034 687 2085 Naucrates)
715 2034 884 2071 numeris
905 2033 1163 2086 adstringeret.
1197 2033 1381 2085 Namque
1400 2031 1482 2070 haec
1503 2031 1593 2076 duo,
1612 2031 1763 2076 musici,

361 2099 430 2151 qui
449 2109 554 2137 erant
575 2100 772 2152 quondam
794 2099 912 2137 iidem
932 2108 1067 2152 poetae,
1098 2097 1311 2137 machinati
1332 2098 1378 2136 ad
1398 2098 1638 2151 voluptatem
1666 2097 1764 2141 sunt,

360 2165 509 2204 versum
529 2176 642 2218 atque
662 2176 823 2204 cantum
839 2185 850 2211 ς
884 2176 927 2204 ut
947 2175 985 2204 et
1006 2166 1211 2204 verborum
1233 2179 1409 2209 numero,
1441 2174 1479 2202 et
1508 2178 1651 2202 vocum
1677 2177 1765 2202 mo-

363 2231 427 2275 do,
458 2231 708 2270 delectatione
727 2233 926 2270 vincerent
955 2232 1107 2270 aurium
1127 2232 1351 2270 satietatem.
1412 2232 1510 2269 Haec
1528 2231 1647 2283 igitur
1676 2229 1765 2272 duo,

364 2297 469 2334 vocis
490 2297 578 2335 dico
598 2298 914 2344 moderationem,
932 2308 970 2337 et
990 2299 1194 2337 verborum
1215 2298 1516 2343 conclusionem,
1539 2296 1662 2349 quoad
1682 2308 1765 2333 ora-

365 2363 482 2400 tionis
503 2362 676 2402 severitas
706 2366 784 2417 pati
816 2365 940 2418 poffit,
972 2379 992 2404 a
1022 2365 1172 2418 poetica
1190 2364 1236 2402 ad
1256 2364 1518 2417 eloquentiam
1540 2359 1769 2401 traducenda

367 2429 572 2468 duxerunt.

468 2496 677 2534 T0M,1.
1206 2495 1312 2556 Ss.
