2176 2912
590 197 884 238 VARIAE
975 191 1537 235 LECTIONES.

334 336 388 364 108
414 337 448 363 18
469 342 518 363 aut
537 334 597 371 jam
620 344 637 362 a
660 333 815 370 majoribus
833 331 863 360 in
885 331 984 370 primis
1012 331 1033 360 Β

511 377 625 412 autjam
639 386 656 401 a
669 373 808 412 mqjoribut
821 376 849 400 in
858 375 952 410 primis
969 375 1035 407 (aut

510 414 649 453 majoribus
664 423 687 441 e!
707 416 802 450 primis
817 414 847 450 s.
870 413 905 448 Ι.)
929 412 953 440 L
968 412 1002 440 M
1016 424 1034 440 a

513 454 651 492 majeribus
665 462 712 481 aut
723 456 817 491 primis

416 504 450 532 ¹9
471 493 673 522 demonstrabit
687 494 718 521 M
734 494 903 531 demonstrare
915 491 1036 530 oportebit

411 550 451 556 —
473 543 501 562 et
516 534 695 562 noh-litatem
711 534 731 561 B
748 533 781 561 M
798 534 836 560 W
852 537 864 560 θ
877 532 1036 561 nobilitatem

414 585 451 603 20
473 584 571 602 eorum
586 579 607 605 θ,
624 588 640 601 κ
654 581 677 601 et
691 584 774 601 eorum

411 629 453 635 —-
473 623 501 642 et
516 615 537 642 B
555 615 590 641 M
606 615 643 640 W
658 617 680 645 θ,
696 627 712 640 κ
726 614 753 640 d.

413 664 450 682 22
472 664 535 681 cum
551 667 567 680 κ
581 655 609 680 d.
719 651 918 690 conquestione
932 655 943 679 θ
966 652 1037 690 ques-

511 702 577 721 IIOHC

413 742 451 769 ²4
472 741 585 760 exteros
601 733 635 760 M
649 738 738 760 ceteros
752 733 877 770 (majores
882 730 910 767 s
926 731 962 766 Ι.)

415 774 451 800 25
473 781 501 799 et
517 787 532 800 κ
548 775 574 799 α’.

414 823 449 850 :9
471 812 584 840 Deinde
599 812 637 838 W
651 815 662 838 θ
675 812 773 839 Deinde
787 824 804 839 a

414 862 451 890 32
472 852 622 880 malefacta
645 852 665 879 B
691 851 716 878 L
735 851 861 890 maleficia
874 849 914 877 W
931 853 942 877 θ
966 848 1038 877 mala

528 898 589 921 αᾶα

416 942 450 970 33
474 896 547 960 faesia
562 935 666 971 esaan
680 933 723 969 ff·

439 982 448 1000 1
475 973 549 1010 poffe
565 973 599 1000 M
612 973 718 1010 punnffiv

437 1022 452 1049 3
477 1022 539 1040 acre
553 1011 581 1047 ψ
595 1013 642 1040 bac
657 1023 685 1040 re

434 1064 448 1091 5
475 1052 563 1080 honos
579 1052 691 1079 habitus
713 1051 744 1079 fit
771 1065 786 1078 z
807 1051 882 1078 honos
897 1049 1039 1087 debitusfit

515 1091 542 1126 ψ
556 1092 632 1120 bonus
646 1092 796 1129 habitusstt

413 1147 454 1156 -—
474 1142 586 1170 poenam
603 1145 618 1159 n
629 1139 720 1169 paenas

435 1173 453 1200 6
474 1171 586 1200 Deinde
603 1179 685 1208 turpe
699 1175 710 1198 θ
725 1171 843 1208 Denique
854 1177 928 1207 turpe

338 981 393 1010 ¹09

435 1222 453 1250 9
474 1213 518 1239 vel
537 1212 598 1240 Ed.
622 1211 695 1239 LM
713 1212 819 1238 VVxet

415 1267 456 1274 -—-
477 1252 560 1290 quale
575 1251 673 1279 odium
690 1251 710 1279 Β
732 1250 808 1289 quale
830 1251 912 1278 odium
926 1257 949 1277 et
964 1260 1039 1286 quum

515 1294 605 1328 opfime
620 1290 731 1326 (lineola
754 1290 827 1328 quale
849 1291 934 1317 odium
941 1290 1038 1327 subno-

513 1341 605 1359 tan‘ur
618 1342 650 1359 ac
658 1332 689 1369 fi
700 1331 777 1359 deleri
790 1329 916 1363 debeant)

418 1380 454 1399 ιο
475 1371 546 1400 alter
559 1385 576 1399 κ
591 1371 658 1399 alter
668 1372 736 1399 locus

419 1421 428 1440 1
437 1421 452 1450 ς
475 1411 618 1440 deferatur
632 1426 648 1439 κ
661 1414 784 1449 efferatur

414 1466 455 1473 —
475 1459 503 1480 et
518 1461 606 1489 quare
621 1453 701 1480 restet
716 1452 749 1479 M
764 1451 790 1478 d.

420 1501 453 1528 17
475 1492 585 1529 praemii
601 1493 620 1520 B
636 1501 683 1520 aut
704 1494 811 1529 praemii
833 1488 858 1517 L
874 1489 907 1517 M
924 1489 962 1516 W
978 1502 993 1516 z
1017 1498 1041 1517 et

512 1536 621 1569 praemii

416 1586 456 1593 -
477 1580 526 1599 aut
541 1585 557 1598 κ
571 1579 595 1599 et

415 1626 453 1633 —
475 1618 647 1648 quaereretur
660 1613 671 1636 θ
686 1616 812 1647 qucereret
826 1621 843 1636 κ
862 1616 998 1646 qum-atur

418 1653 453 1679 18
477 1652 529 1679 Eas
546 1651 579 1678 M
594 1658 617 1678 et
635 1660 678 1677 eas

418 1701 452 1720 21
478 1690 512 1718 de
526 1694 537 1718 θ
552 1698 575 1718 et
589 1691 619 1718 de

419 1741 454 1759 22
477 1740 492 1758 a
506 1731 537 1758 M
554 1734 582 1758 in

415 1786 456 1793 —
476 1769 860 1799 autBWautaMautin

419 1821 454 1848 23
476 1820 615 1848 ponamus
629 1812 770 1847 seponimus

420 1851 456 1879 26
476 1850 708 1879 accommodetur
722 1863 738 1877 ιι
753 1847 952 1877 accommodatur

422 1901 458 1928 30
480 1901 543 1919 cum
559 1899 662 1929 genere
677 1889 781 1927 primo,
803 1897 864 1916 tum
878 1888 963 1916 etiam
980 1886 1039 1916 for-

518 1931 600 1959 ma⁴B
611 1940 700 1969 genere
724 1937 747 1957 et
754 1932 844 1966 prima
858 1929 1042 1967 cotfirnratione

521 1974 625 2009 (genere
644 1973 739 2008 primo,
759 1978 782 1998 et
795 1971 889 2007 forma
904 1971 933 2004 s
958 1969 992 2004 l.)
1015 1969 1041 1997 L

520 2021 574 2039 tum
583 2022 682 2049 genere,
691 2018 744 2038 tum
756 2012 928 2047 eliamfhrma
940 2010 974 2038 M
987 2020 1043 2037 tum

515 2062 614 2090 genere,
635 2054 712 2079 etiam
725 2058 778 2078 tum
781 2052 875 2087 forma
886 2050 923 2077 W
937 2054 948 2077 θ
953 2060 1045 2089 genere

517 2095 611 2129 primo,
631 2100 683 2119 tum
698 2093 820 2128 erforma

420 2145 461 2154 -—
482 2138 543 2159 tum
558 2144 575 2158 x
588 2139 611 2159 et
625 2138 678 2159 tum
691 2134 769 2159 eliam

421 2184 464 2193 —
482 2171 626 2209 intelliget
643 2171 663 2198 B
677 2169 801 2208 intellegit

426 2220 459 2248 31
485 2210 515 2239 in
530 2211 614 2239 aliam
629 2214 640 2238 θ
655 2214 682 2238 in
697 2210 753 2238 alia

426 2261 460 2289 33
485 2251 519 2280 L.
535 2250 662 2279 Licinius
675 2251 708 2278 M
732 2250 846 2278 Licinius
858 2261 874 2277 »ι
888 2249 914 2276 d.
938 2247 1000 2284 (fid
1017 2251 1044 2277 in

525 2302 610 2329 marg.
615 2290 714 2328 scrib.)

427 2341 464 2370 34
483 2332 580 2360 illustri
597 2340 688 2368 neque
701 2330 734 2358 M
750 2329 778 2357 d.

348 2383 359 2401 1
370 2381 404 2401 1ο
449 2382 460 2400 1
486 2381 604 2402 numero
619 2372 653 2400 M
666 2381 692 2400 eo
705 2380 806 2399 numero

424 2428 464 2435 —
485 2419 516 2440 ut
531 2413 551 2441 B
568 2415 614 2450 qui

425 2468 460 2478 ν-
484 2453 533 2491 qui
550 2453 571 2481 B
586 2459 616 2481 ut

1090 299 1150 358 liio
1183 289 1210 356 l⁶2
1233 329 1285 357 effe
1299 342 1315 357 ιι
1329 330 1357 357 d.

1167 384 1209 391 —-
1230 369 1307 406 quod
1322 373 1344 401 θ,
1360 382 1376 396 κ
1389 370 1434 406 qui

1170 424 1211 431 —-
1231 416 1326 437 tamen
1342 409 1362 437 Β
1378 415 1439 436 tunc
1455 406 1589 442 (famens.
1603 406 1636 442 l.)
1653 406 1688 436 Μ
1702 415 1764 436 ncnc

1190 460 1210 486 4
1231 449 1316 477 rediit
1331 450 1352 477 B
1368 449 1392 476 L
1407 448 1441 475 M
1456 448 1495 475 W
1509 451 1531 481 θ,
1545 460 1561 475 κ
1575 448 1644 476 redit

1194 499 1208 527 ς
1233 497 1263 517 ut
1280 490 1299 516 B
1315 490 1342 516 d.

1193 538 1208 564 7
1232 529 1339 556 incidet
1357 528 1376 555 Β
1392 540 1408 554 κ
1423 528 1524 555 incidat
1843 541 1847 542 ⁷

1176 568 1211 596 16
1235 568 1286 596 sint
1303 569 1324 595 L
1342 567 1375 594 M
1390 581 1406 594 κ
1421 569 1446 594 d.
1470 570 1519 601 (at
1532 570 1560 595 in
1573 577 1658 604 marg.
1674 564 1797 602 ascrih.)

1176 617 1210 645 17
1233 607 1356 645 quadam
1384 607 1405 635 B
1424 607 1463 634 W
1486 610 1510 640 e,
1539 620 1555 634 κ
1578 616 1690 645 quanam
1712 606 1737 634 L
1750 606 1803 643 sed

1273 649 1384 686 quadam

1170 702 1212 710 -
1231 697 1267 716 ex
1288 687 1416 716 oratione
1430 687 1452 715 Β
1467 687 1507 714 W
1520 691 1543 720 θ,
1566 699 1581 713 κ
1595 696 1628 714 ex
1641 688 1741 714 ratione
1763 683 1798 712 M

1271 738 1304 756 ex
1316 730 1429 755 oratione
1442 730 1493 760 (ex
1506 729 1636 755 amatione
1640 725 1670 762 s
1683 725 1717 761 Ι.)

1176 776 1211 805 19
1232 767 1388 805 opitulatus
1404 767 1436 795 fit
1450 772 1461 795 θ
1475 769 1502 796 d.

1175 817 1213 836 20
1235 807 1304 836 fecit
1318 810 1438 845 nfecerit

1175 857 1206 876 21
1233 847 1337 875 fastum
1353 860 1369 875 κ
1382 848 1535 885 esti-sallum

1175 897 1210 915 22
1234 887 1373 916 obstiterit
1385 888 1409 915 Β
1425 888 1448 916 L
1465 887 1498 914 M
1514 886 1552 913 W
1565 889 1588 919 θ,
1602 898 1618 913 2
1631 884 1760 923 obstitgffit

1175 936 1214 964 24
1233 927 1411 965 insumpserit
1436 928 1470 955 M
1485 927 1647 964 inficmpstrit
1669 925 1801 962 (consum-

1265 968 1334 1004 serit
1341 968 1370 1004 s
1383 966 1416 1001 l.)
1431 968 1467 994 W
1482 971 1504 998 θ,
1521 980 1537 993 κ
1549 965 1720 1005 confiaempſsrit

1172 1021 1212 1028 —
1232 1014 1262 1034 et
1275 1021 1291 1035 κ
1307 1008 1333 1035 d.
1348 1021 1430 1029 -—
1444 1007 1464 1035 fi
1481 1008 1501 1035 B
1517 1007 1546 1034 d.

1177 1049 1211 1075 28
1233 1047 1263 1074 id
1281 1048 1313 1075 M
1330 1048 1355 1075 d.

1176 1096 1213 1125 29
1234 1085 1395 1124 hujusmodi
1417 1086 1456 1113 W
1470 1086 1591 1124 ejusmodi
1602 1085 1656 1123 ejus
1675 1087 1687 1112 6
1711 1081 1800 1120 hujus-

1274 1128 1341 1154 modi
1353 1128 1408 1165 ejus

1177 1175 1214 1204 30
1236 1166 1353 1205 praemio
1368 1169 1504 1204 ›epraemiv
1516 1166 1610 1204 dignus

1177 1216 1209 1244 3¹
1235 1207 1362 1235 venditet
1377 1207 1396 1235 B
1413 1208 1447 1235 M
1462 1207 1579 1235 vendzcet

1174 1262 1215 1268 —-
1235 1247 1328 1285 pretio
1343 1260 1358 1275 κ
1368 1250 1479 1284 praemio

1178 1296 1214 1324 32
1238 1297 1296 1325 quo
1312 1288 1349 1313 W
1366 1292 1377 1314 θ
1391 1289 1459 1325 quod

1179 1336 1218 1365 34
1238 1327 1310 1365 quid
1325 1328 1362 1354 W
1377 1328 1485 1365 quidfit

1101 1376 1151 1396 ι11
1203 1377 1212 1395 1
1239 1375 1266 1395 et
1283 1375 1391 1405 quanto
1406 1368 1444 1394 W
1457 1374 1552 1405 quanto

1199 1417 1214 1435 2
1238 1408 1356 1444 majores
1371 1411 1382 1434 ὁ
1397 1419 1456 1445 quos
1469 1409 1577 1445 majores

1200 1457 1213 1484 3
1238 1447 1302 1475 talis
1319 1448 1338 1474 B
1354 1449 1380 1474 d.

1198 1498 1212 1524 ς
1236 1487 1289 1515 erit
1304 1487 1339 1515 M
1353 1489 1386 1524 est

1197 1528 1215 1554 ὁ
1236 1537 1284 1554 aut
1298 1532 1308 1554 θ
1324 1529 1349 1555 d.

1174 1582 1215 1588 —
1235 1567 1439 1595 communicari
1456 1568 1477 1595 B
1493 1567 1516 1595 L
1532 1567 1566 1595 M
1582 1568 1619 1594 W
1633 1581 1649 1595 x.
1664 1569 1799 1595 communi-

1277 1618 1336 1634 sare

1196 1656 1213 1684 9
1238 1645 1288 1674 fint
1303 1647 1336 1674 M
1353 1648 1441 1683 afim!

1175 1701 1215 1707 -
1234 1695 1269 1714 ex
1290 1687 1408 1724 praernio
1430 1687 1451 1715 Β
1467 1687 1491 1714 L
1508 1687 1540 1714 M
1558 1687 1594 1714 W
1609 1691 1630 1721 θ,
1647 1700 1674 1720 ιι,
1687 1685 1714 1721 ψ
1727 1695 1801 1724 expe·

1277 1728 1362 1754 riendo

1180 1775 1215 1795 ιο
1236 1766 1366 1794 exfistant
1382 1766 1415 1794 M
1430 1774 1523 1794 extant

1181 1816 1190 1834 1
1202 1816 1211 1834 1
1239 1806 1350 1844 dignati
1365 1807 1398 1834 M
1412 1805 1460 1834 vel
1470 1807 1560 1833 donari

1180 1856 1189 1874 1
1199 1856 1214 1874 z
1237 1846 1388 1874 deliberari
1403 1846 1427 1874 L
1442 1846 1491 1874 vel
1502 1846 1624 1883 derogari
1635 1844 1778 1874 deliberari

1180 1896 1190 1914 1
1200 1897 1213 1925 3
1238 1895 1338 1915 contra
1351 1886 1427 1915 dicat
1441 1890 1452 1914 θ
1472 1894 1560 1914 contra
1572 1886 1646 1914 dicas
1658 1898 1675 1913 κ
1697 1893 1802 1914 contra-

1274 1928 1364 1955 dicant

1181 1975 1214 2003 ¹7
1235 1966 1433 2004 pecuniarium
1457 1965 1480 1993 B
1494 1965 1529 1993 M
1546 1965 1619 2000 Wo,
1643 1977 1660 1992 κ
1678 1968 1804 2003 pecunia-

1277 2018 1334 2034 rum

1181 2047 1218 2075 18
1236 2046 1355 2084 copiane
1366 2046 1406 2073 W
1419 2058 1435 2073 κ
1450 2056 1480 2073 ne
1489 2046 1561 2083 topia

1181 2095 1216 2124 19
1237 2086 1427 2114 consideratur
1441 2098 1458 2112 ιι
1471 2086 1659 2122 confidet-antur

1181 2136 1216 2164 23
1240 2126 1415 2154 deliberetur
1429 2125 1466 2151 W
1481 2123 1667 2152 deliberaretur

1177 2181 1220 2190 --
1240 2175 1295 2194 non
1312 2166 1434 2203 pretium
1449 2167 1580 2202 ope-etium
1594 2174 1642 2192 non

1181 2215 1218 2244 27
1240 2205 1365 2234 versatur
1398 2204 1587 2233 controverfia
1611 2204 1633 2232 B
1661 2203 1805 2239 ‘caedantur

1279 2246 1459 2284 controversiae

1183 2287 1219 2314 28
1242 2295 1276 2314 ex
1293 2285 1396 2323 scripto
1409 2287 1429 2313 B
1443 2284 1483 2313 W
1497 2292 1521 2313 et
1533 2284 1671 2322 exstripto

1180 2341 1221 2349 -
1240 2324 1504 2354 ethetede.

1183 2375 1221 2404 ²9
1241 2375 1277 2394 ex
1291 2366 1439 2394 contrariis
1452 2366 1473 2394 B
1488 2378 1504 2393 ιι
1518 2372 1542 2393 et
1554 2375 1587 2393 ex
1598 2367 1738 2393 contrariis

1182 2420 1223 2428 —
1242 2415 1278 2433 ex
1292 2405 1457 2435 definitione
1471 2405 1492 2433 B
1505 2414 1529 2435 et
1540 2416 1573 2435 ex
1585 2406 1726 2443 definitione

1185 2455 1221 2485 33
1245 2446 1326 2476 uxori
1340 2445 1394 2475 suae
1408 2459 1425 2475 κ
1438 2447 1466 2475 d.
