2176 2912
570 164 891 207 LIBER
967 167 1543 209 SECUNDUS.
1687 186 1759 213 221

360 260 582 299 ostendere?
613 260 696 310 Qi
730 259 848 304 idem,
884 257 961 297 ho‘c
992 259 1190 298 accusante
1218 260 1404 313 Sulpicio,
1437 276 1530 300 cum
1560 261 1763 303 hominem

361 326 581 365 seditiosum
600 325 866 377 furiosumque
885 324 1116 371 defenderet,
1135 339 1213 364 non
1234 326 1426 364 dubitavit
1446 327 1646 366 seditiones
1668 329 1763 381 ipsas

357 405 514 437 ornare‚·
534 405 577 430 ac
607 392 861 430 demonstrare
881 392 1107 444 graviffimis
1133 392 1273 437 verbis,
1305 393 1449 432 multos
1481 393 1575 446 saepe
1595 395 1763 447 impetus

358 458 494 511 populi
514 472 590 496 non
611 458 769 510 injustos
782 457 866 503 effe,
885 471 981 510 quos
1002 459 1172 511 praestare
1191 472 1307 497 nemo
1326 459 1439 512 poffit
1453 478 1465 504 ς
1488 460 1630 498 multas
1647 461 1764 498 etiam

359 536 379 560 e
398 523 593 576 republica
612 523 814 561 seditiones
835 523 929 576 saepe
948 523 1019 561 effe
1038 523 1168 569 factas,
1191 534 1235 562 ut
1253 538 1347 563 cum
1365 538 1469 578 reges
1490 525 1605 563 effent
1626 526 1762 570 exaffi,

358 598 404 627 ut
421 602 515 627 cum
537 589 738 627 tribunitia
758 589 918 642 potestas
939 589 1028 628 effet
1059 590 1263 628 constituta
1282 605 1290 629 :
1323 591 1432 629 illam
1467 591 1645 629 Norbani
1665 591 1763 629 sedi-

360 656 507 694 tionem
527 669 573 694 ex
607 655 715 694 luc'tu
736 656 898 701 civium,
934 665 971 693 et
1001 670 1048 694 ex
1080 657 1275 710 Caepionis
1305 658 1409 702 odio,
1445 658 1515 710 qui
1548 658 1764 696 exercitum

359 721 546 766 amiserat,
580 735 705 774 neque
726 722 884 774 reprimi
903 722 1078 775 potuiffe,
1101 732 1138 760 et
1152 723 1239 775 jure
1268 722 1338 760 effe
1358 723 1578 761 conflatam.
1629 724 1764 761 Potuit

358 787 424 826 hic
444 789 552 826 locus
573 798 652 826 tarn
672 801 824 840 ancep5‚
856 796 936 832 tam
967 788 1176 834 inauditus,
1207 798 1288 827 tam
1308 790 1496 835 lubricus,
1525 798 1604 827 tam
1625 802 1762 834 novus,

358 853 435 892 fine
455 854 620 906 quadam
651 854 871 892 incredibili
903 854 941 891 vi
972 867 1015 892 ac
1036 853 1217 892 facultate
1247 855 1401 893 dicendi
1421 855 1602 893 tractari?
1653 855 1764 907 Qid

358 934 430 973 ego
463 921 508 958 de
530 921 605 959 Cn.
630 920 787 966 Manlii,
819 920 915 973 quid
945 920 992 958 de
1024 921 1219 974 QRegis
1240 922 1573 960 commiseratione
1604 922 1761 960 dicam?

358 987 454 1039 quid
473 986 519 1024 de
538 986 621 1024 aliis
642 986 1019 1024 innumerabilibus?
1053 987 1093 1024 in
1115 987 1258 1040 quibus
1287 987 1362 1026 hoc
1383 1001 1460 1026 non
1488 987 1658 1025 maxime
1677 987 1762 1025 eni-

359 1053 448 1097 tuit,
469 1052 574 1104 quod
594 1052 667 1090 tibi
686 1065 820 1090 omnes
841 1052 945 1097 dant,
967 1066 1130 1091 acumen
1151 1053 1347 1106 quoddam
1368 1054 1578 1106 fingulare3
1601 1053 1662 1091 sed
1681 1052 1763 1091 haec

359 1118 450 1170 ipsa,
469 1131 554 1170 quae
572 1131 676 1155 nunc
696 1117 742 1155 ad
761 1131 825 1156 me
846 1117 1016 1171 delegare
1035 1120 1106 1165 vis,
1120 1133 1162 1158 ea
1174 1119 1321 1173 semper
1341 1120 1382 1158 in
1403 1128 1440 1158 te
1452 1119 1595 1158 eximia
1610 1128 1647 1157 et
1663 1133 1762 1173 prae-

358 1184 493 1222 stantia
511 1183 681 1222 fuerunt.

414 1251 567 1289 XXIX.
599 1252 710 1288 Tum
732 1250 909 1295 Catulus,
931 1264 1003 1304 ego
1022 1265 1124 1297 vero,
1144 1251 1285 1304 inquit,
1307 1252 1347 1289 in
1367 1252 1476 1290 vobis
1498 1250 1574 1290 hoc
1591 1251 1764 1290 maxime

358 1316 535 1355 admirari
555 1316 670 1361 soleo,
692 1316 812 1368 quod,
840 1330 933 1355 cum
954 1317 1053 1355 inter
1072 1331 1138 1356 vos
1158 1318 1199 1356 in
1220 1317 1383 1356 dicendo
1402 1317 1648 1356 diffimillimi
1668 1317 1760 1363 fitis,

357 1384 411 1421 ita
431 1392 559 1420 tamen
579 1392 739 1435 uterque
759 1383 925 1421 vestrum
945 1384 1060 1428 dicat,
1081 1394 1124 1422 ut
1143 1384 1177 1421 ei
1197 1383 1296 1422 nihil
1313 1397 1437 1436 neque
1453 1397 1473 1420 a
1492 1392 1624 1421 natura
1643 1383 1762 1421 dene-

356 1458 506 1502 gatum,
538 1462 663 1501 neque
689 1463 710 1486 a
743 1449 915 1487 doctrina
947 1463 1026 1487 non
1060 1450 1245 1494 delatum,
1282 1449 1352 1487 effe
1372 1450 1556 1487 videatur.
1617 1450 1762 1501 Qare,

358 1516 498 1561 Craffe,
521 1529 645 1568 neque
665 1525 707 1554 tu
729 1526 794 1554 tua
814 1515 993 1554 suavitate
1013 1530 1081 1554 nos
1102 1516 1283 1568 privabis,
1320 1525 1376 1561 ut,
1405 1516 1430 1553 fi
1451 1516 1546 1568 quid
1565 1515 1613 1553 ab
1632 1517 1763 1554 Anto-

358 1582 423 1619 nio
443 1591 508 1620 aut
527 1581 833 1635 praetermiffum,
865 1591 930 1620 aut
950 1582 1128 1620 relictum
1149 1582 1209 1627 fit,
1240 1595 1316 1621 non
1338 1581 1532 1634 explice53
1565 1594 1690 1633 neque
1710 1590 1761 1627 te,

358 1648 521 1693 Antoni,
554 1648 579 1686 fi
601 1647 695 1700 quid
715 1661 793 1685 non
813 1648 967 1692 dixeris,
1000 1648 1306 1686 existimabimus
1326 1661 1404 1686 non
1433 1645 1596 1700 potuiffe
1616 1647 1760 1700 potius,

359 1726 476 1765 quarn
494 1727 514 1750 a
533 1713 661 1752 Craffo
682 1713 758 1751 dici
776 1713 960 1751 maluisse.

414 1779 495 1817 Hic
514 1778 678 1823 Crassus,
709 1779 804 1831 quin
827 1788 882 1823 tu,
915 1778 1057 1830 inquit,
1091 1779 1253 1824 Antoni,
1281 1779 1430 1817 omittis
1453 1779 1532 1824 ista,
1555 1792 1639 1831 quae
1668 1791 1760 1832 pro-

358 1845 527 1898 posuisti,
559 1858 643 1896 quae
664 1858 780 1882 nemo
805 1843 947 1882 horum
979 1844 1172 1888 defiderat,
1209 1845 1367 1896 Qibus
1401 1858 1449 1882 ex
1473 1845 1567 1882 locis
1588 1858 1643 1890 ea,
1675 1858 1762 1897 quae

359 1910 518 1948 dicenda
538 1909 609 1947 fint
629 1910 669 1946 in
689 1909 821 1954 caufis,
844 1909 1089 1962 reperiantur.
1150 1910 1250 1961 Qae
1269 1922 1491 1961 quanquam
1511 1910 1576 1947 abs
1598 1918 1635 1947 te
1661 1923 1762 1948 novo

357 1976 526 2028 quodam
548 1975 678 2020 mod0,
700 1975 954 2028 praeclareque
975 1975 1170 2020 dicuntur,
1199 1975 1286 2013 sunt
1307 1985 1434 2013 tamen
1455 1984 1492 2012 et
1512 1988 1551 2012 re
1573 1973 1760 2020 faciliora,

357 2050 395 2078 et
413 2041 610 2094 praeceptis
631 2049 852 2093 pervagata:
880 2040 946 2078 illa
965 2040 1147 2093 deprome
1167 2041 1294 2085 nobis,
1318 2040 1417 2078 unde
1436 2039 1566 2078 afferas
1587 2053 1671 2092 quae
1692 2039 1759 2079 sae-

358 2106 506 2159 piffime
527 2109 674 2152 trad’ta83
693 2106 918 2159 semperque
939 2107 1138 2145 divinitus.

413 2174 654 2225 Depromam
674 2174 869 2225 equidem,
892 2174 1020 2226 inquit
1040 2174 1251 2219 Antonius,
1279 2183 1332 2218 et,
1355 2186 1434 2226 quo
1453 2172 1605 2211 facilius
1625 2172 1664 2211 id
1685 2186 1705 2210 a
1721 2181 1760 2210 te

357 2239 510 2290 exigam
530 2239 635 2290 quod
654 2248 757 2291 peto,
780 2239 880 2277 nihil
901 2240 973 2277 tibi
995 2253 1015 2277 a
1036 2254 1098 2277 me
1118 2239 1325 2293 postulanti
1346 2239 1539 2277 recusabo.
1572 2239 1674 2277 Meae
1695 2247 1758 2275 to-

360 2305 433 2342 tius
455 2304 650 2349 orationis,
676 2313 715 2342 et
747 2305 852 2343 istius
873 2305 987 2358 ipsius
1008 2306 1048 2343 in
1069 2305 1232 2343 dicendo
1262 2305 1469 2351 facultatis,
1501 2319 1619 2358 quam
1639 2303 1758 2342 modo

359 2369 509 2408 Craffus
530 2370 569 2407 in
591 2369 729 2408 caelum
747 2371 871 2409 verbis
890 2371 1044 2416 extulit,
1076 2381 1148 2410 tres
1176 2371 1263 2410 sunt
1283 2372 1461 2416 rationes,
1483 2380 1526 2409 ut
1545 2379 1632 2408 ante
1648 2369 1755 2413 dixi;

360 2449 435 2473 una
459 2435 789 2474 conciliandorum
820 2435 1043 2482 hominum,
1079 2438 1195 2475 altera
1215 2437 1492 2482 docendorum,
1523 2436 1631 2474 tertia
1659 2447 1755 2471 con-

358 2501 617 2541 citandorum.
662 2502 817 2541 Harum
849 2502 967 2541 trium
987 2503 1156 2556 partium
1175 2503 1300 2557 prima
1331 2503 1527 2541 lenitatem
1557 2499 1754 2544 orationis,
