2176 2912
435 261 487 298 24
721 250 827 287 DE
907 249 1527 289 INVENTIONE

424 340 660 392 eloquentia,
703 352 745 379 ut
778 355 854 379 non
887 355 1108 394 oppugnare
1140 343 1346 379 commoda
1379 344 1524 394 patriae,
1564 342 1625 380 sed
1659 356 1726 395 pro
1761 342 1822 381 his

424 418 595 457 pugnare
616 405 740 458 poffit,
771 408 802 444 is
824 405 922 444 mihi
944 407 1000 444 vir
1020 416 1057 444 et
1078 406 1165 450 suis,
1194 417 1230 443 et
1252 407 1418 458 publicis
1438 408 1647 445 rationibus
1670 408 1822 446 utiliffi-

427 483 530 514 mus,
562 479 676 522 atque
697 471 947 509 amiciffimus
969 472 1063 509 civis
1088 471 1168 509 fore
1189 472 1352 510 videtur.

480 538 540 572 Ac
561 535 586 572 fi
608 537 787 574 volumus
808 535 922 587 hujus
947 537 1015 580 rei,
1051 550 1135 587 quae
1162 546 1318 573 vocatur
1348 536 1582 587 eloquentia,
1614 537 1687 574 five
1717 538 1832 585 artis,

425 601 498 638 five
518 601 647 645 studii,
682 601 753 639 five
774 602 1056 639 exercitationis
1077 601 1290 653 cujusdam,
1322 602 1394 639 five
1415 601 1609 639 facultatis
1641 616 1660 639 a
1689 613 1823 640 natura

424 664 604 720 profe&ae
624 668 855 705 considerare
875 668 1110 720 principium
1129 684 1139 710 3
1172 670 1404 719 reperiemus
1426 669 1463 704 id
1486 681 1531 705 ex
1552 666 1821 706 honestiffimis

427 733 545 770 causis
566 742 716 776 natum,
748 742 862 784 atque
881 732 1041 784 optimis
1063 732 1275 770 rationibus
1297 731 1528 783 profectum.

452 800 508 836 ΙΙ.
546 798 654 836 Nam
676 794 753 835 fuit
774 797 968 848 quoddam
991 806 1158 848 tempus,
1190 810 1282 834 cum
1304 797 1343 833 in
1365 797 1463 848 agris
1485 796 1665 835 homines
1686 797 1819 849 passim

425 863 631 901 bestiarum
653 877 758 901 more
780 863 1025 914 vagabantur,
1054 867 1095 899 'et
1128 861 1197 899 fibi
1224 862 1327 899 victu
1348 861 1472 899 ferino
1493 863 1610 899 vitam
1633 876 1818 914 propaga-

424 929 542 973 bant3
577 942 646 966 nec
667 929 811 966 ratione
831 928 951 965 animi
971 927 1200 978 quidquam,
1233 927 1293 964 sed
1314 927 1494 978 pleraque
1515 927 1658 965 viribus
1680 941 1818 980 corpo-

422 996 473 1033 ris
495 995 823 1033 administrabant.
867 994 1058 1032 Nondum
1077 994 1216 1031 divinae
1239 993 1450 1045 religionis,
1476 1006 1550 1030 non
1573 992 1736 1031 humani
1756 993 1818 1031 of-

421 1061 502 1099 ficii
523 1062 618 1098 ratio
639 1061 859 1098 colebatur:
891 1073 1004 1097 nemo
1023 1059 1174 1112 nuptias
1193 1059 1336 1096 viderat
1357 1059 1547 1110 legitimas
1567 1073 1574 1096 :
1604 1072 1680 1096 non
1697 1069 1818 1097 certos

422 1127 624 1178 quisquam
641 1126 852 1178 inspexerat
867 1126 1029 1163 liberos:
1064 1138 1145 1162 non
1160 1125 1223 1174 jus
1245 1124 1429 1176 aequabile
1443 1124 1538 1175 quid
1556 1123 1730 1161 utilitatis
1748 1122 1818 1161 ha-

420 1192 540 1236 beret,
562 1200 771 1243 acceperat.
816 1191 875 1228 Ita
895 1199 1049 1242 propter
1069 1202 1252 1232 errorem,
1284 1198 1398 1240 atque
1420 1187 1626 1232 inscitiam,
1659 1201 1756 1226 caeca
1775 1201 1818 1226 ac

420 1258 622 1295 temeraria
644 1256 879 1294 dominatrix
901 1256 1020 1292 animi
1041 1255 1246 1307 cupiditas,
1278 1254 1323 1290 ad
1352 1254 1386 1290 se
1418 1252 1648 1304 explendam
1673 1253 1817 1291 viribus

421 1324 591 1374 corporis
614 1322 856 1365 abutebatur,
887 1319 1207 1372 perniciofiffimis
1229 1317 1468 1356 satellitibus.
1530 1317 1623 1368 Qo
1643 1326 1818 1370 tempore

419 1388 592 1440 quidam,
625 1400 787 1439 magnus
809 1386 986 1423 videlicet
1012 1386 1069 1422 vir
1093 1394 1131 1422 et
1157 1384 1319 1436 sapiens,
1349 1382 1546 1435 cognovit,
1578 1395 1663 1434 quae
1690 1392 1815 1421 mate-
1870 1425 1873 1430 ,

417 1454 472 1491 ria
491 1452 592 1498 esset,
623 1463 662 1491 et
690 1461 832 1504 quanta
861 1451 904 1488 ad
937 1451 1125 1488 maximas
1155 1463 1212 1488 res
1237 1449 1504 1501 opportunitas
1523 1447 1662 1485 animis
1683 1447 1817 1486 inesset

416 1518 643 1563 hominum,
674 1519 699 1556 fi
721 1518 806 1569 quis
828 1530 911 1554 eam
934 1515 1050 1568 poffet
1077 1516 1227 1559 elicere,
1258 1524 1296 1552 et
1325 1512 1582 1566 praecipiendo
1610 1512 1816 1552 meliorem

416 1585 573 1623 reddere
591 1599 599 1622 :
646 1585 714 1636 qui
736 1582 916 1635 dispersos
933 1581 1110 1619 homines
1132 1581 1171 1618 in
1192 1581 1305 1632 agris,
1336 1589 1373 1617 et
1395 1580 1434 1617 in
1457 1579 1564 1617 ῐεὲὶίε
1585 1578 1814 1618 silvestribus

417 1650 583 1694 abditos,
616 1650 760 1687 ratione
781 1648 946 1700 quadam
976 1647 1169 1699 compulit
1196 1659 1318 1684 unum
1345 1645 1384 1682 in
1411 1645 1558 1689 locum,
1590 1653 1628 1682 et
1649 1658 1813 1697 congre-

416 1718 535 1769 gavit,
566 1725 604 1754 et
625 1729 687 1754 eos
719 1716 758 1753 in
790 1726 1106 1766 unamquamque
1126 1725 1207 1750 rem
1229 1712 1416 1749 inducens
1445 1710 1582 1748 utilem
1604 1719 1718 1763 atque
1737 1710 1812 1750 ho-

415 1782 576 1826 nestam,
607 1782 735 1834 primo
756 1790 911 1833 propter
929 1779 1173 1817 insolentiam
1203 1777 1467 1821 reclamantes,
1499 1776 1637 1814 deinde
1657 1785 1813 1830 propter

418 1849 623 1892 rationem,
655 1858 767 1899 atque
787 1846 1000 1884 orationem
1021 1844 1219 1883 studiosius
1242 1843 1450 1888 audientes,
1481 1856 1528 1881 ex
1548 1841 1638 1880 feris
1669 1852 1707 1881 et
1732 1843 1810 1881 im-

415 1914 610 1957 manibus,
645 1914 755 1951 mites
778 1911 941 1949 reddidit
960 1923 997 1948 et
1017 1909 1248 1948 mansuetos.

471 1981 531 2018 Ac
553 1978 651 2017 mihi
672 1978 828 2031 quidem
851 1977 998 2014 videtur
1019 1975 1092 2013 hoc
1114 1989 1184 2013 nec
1205 1974 1331 2019 tacita,
1364 1987 1433 2012 nec
1453 1974 1564 2026 inops
1585 1973 1736 2011 dicendi
1753 1973 1809 2011 sa-

413 2045 557 2099 pientia
577 2045 756 2097 perficere
777 2043 951 2096 potuisse,
975 2053 1015 2080 ut
1032 2042 1207 2079 homines
1230 2055 1251 2078 a
1270 2040 1546 2078 consuetudine
1567 2039 1693 2077 subito
1711 2052 1807 2077 con-

414 2121 588 2156 verteret,
620 2121 656 2148 et
678 2111 721 2148 ad
744 2109 901 2148 diversas
923 2110 1009 2147 vitae
1029 2109 1190 2146 rationes
1212 2107 1440 2145 traduceret,
1472 2107 1558 2158 Age
1574 2118 1675 2148 vero,
1698 2105 1807 2142 urbi—

415 2178 484 2216 bus
506 2178 737 2222 constitutis,
772 2186 814 2214 ut
835 2176 951 2214 fidem
979 2175 1118 2219 colere,
1148 2183 1185 2212 et
1208 2173 1397 2226 justifiam
1424 2174 1584 2210 retinere
1605 2171 1804 2216 discerent,

413 2254 451 2281 et
471 2244 552 2282 aliis
575 2257 701 2296 parere
719 2244 781 2281 sua
807 2243 1001 2280 voluntate
1023 2240 1320 2285 consuescerent,
1336 2227 1394 2276 ⁸'ae
1423 2252 1498 2277 non
1521 2238 1637 2276 modo
1660 2238 1805 2275 labores

412 2310 656 2362 excipiendos
688 2310 910 2347 communis
942 2307 1141 2346 commodi
1171 2306 1292 2351 causa,
1324 2305 1382 2343 sed
1410 2305 1526 2343 etiam
1548 2304 1665 2341 vitam
1687 2303 1805 2340 amit-

413 2377 569 2414 tendam
591 2376 871 2414 existimarent:
918 2375 985 2428 qui
1007 2375 1161 2413 tandem
1181 2372 1262 2411 fieri
1285 2373 1425 2426 potuit,
1457 2370 1525 2409 nisi
1546 2370 1723 2408 homines
1746 2381 1802 2414 ea,

412 2456 497 2494 quae
518 2443 660 2480 ratione
681 2442 919 2487 invenissent,
951 2441 1168 2494 eloquentia
1189 2439 1408 2493 persuadere
1428 2435 1633 2490 potuiffent
1651 2436 1664 2472 ?
1708 2436 1803 2473 Pro-

415 2507 516 2546 fecto
537 2522 665 2554 nemo,
697 2509 762 2546 nisi
786 2509 890 2562 gravi
910 2521 951 2546 ac
974 2508 1075 2546 suavi
1094 2515 1315 2546 commotus
1336 2505 1519 2549 oratione,
1548 2515 1639 2541 cum
1658 2501 1802 2539 viribus

410 2575 626 2628 plurimum
643 2574 775 2628 posset,
793 2575 837 2614 ad
853 2576 916 2628 jus
932 2573 1105 2615 voluiffet
1119 2573 1195 2613 fine
1213 2573 1249 2613 vi
1265 2571 1507 2614 descendere:
1538 2578 1580 2609 ut
1593 2569 1692 2609 inter
1705 2579 1802 2622 quos

1852 1368 1875 1405 d
