2176 2912
751 158 1282 202 ORATOR.
1641 179 1723 219 477

319 256 494 296 fimiliter
527 255 670 294 cadunt
697 255 826 300 verba,
856 254 982 292 verbis
1003 264 1276 306 comparantur
1291 272 1302 299 ς
1339 254 1532 308 quidquid
1552 256 1604 295 ita
1623 271 1720 296 con-

318 324 503 366 cluditur,
547 322 781 374 plerumque
811 320 856 358 fit
887 328 930 357 ut
964 318 1162 358 numerose
1196 320 1318 359 cadat.
1379 322 1471 374 Qo
1504 323 1550 360 de
1584 337 1722 376 genere

316 403 410 427 cum
441 387 629 439 exemplis
656 386 768 440 supra
786 387 974 431 diximus,
1011 396 1054 424 ut
1081 385 1162 424 haec
1185 400 1343 439 quoque
1363 388 1475 439 copia
1493 387 1720 429 facultatem

316 454 458 499 afferat,
492 467 569 491 non
602 452 750 506 semper
783 453 919 490 eodem
950 452 1068 490 modo
1099 452 1306 490 definendi.
1366 453 1453 491 Nec
1488 463 1616 493 tamen
1638 455 1720 494 haec

316 521 370 558 ita
389 520 478 557 sunt
506 520 605 557 arcta
635 528 674 556 et
692 519 877 563 adstricta,
909 527 953 556 ut
984 532 1039 563 ea,
1076 532 1169 556 cum
1189 519 1369 564 velimus,
1397 519 1520 557 laxare
1549 534 1720 573 nequea-

316 599 419 625 mus.
463 585 647 624 Multum
667 584 833 629 interest,
873 593 1005 622 utrum
1026 584 1226 622 numerosa
1245 583 1303 629 fit,
1335 584 1374 622 id
1391 584 1456 630 est,
1488 585 1621 624 similis
1644 600 1720 624 nu-

316 665 526 696 merorum,
561 664 607 688 an
641 651 752 703 plane
783 664 803 688 e
835 651 1005 688 numeris
1027 650 1172 688 constet
1204 651 1338 689 oratio.
1398 651 1580 689 Alterum
1607 652 1633 690 fi
1660 652 1718 698 fit,

315 717 557 755 intolerabile
578 717 719 755 vitium
740 717 819 760 est;
851 717 1013 755 alterum
1035 717 1104 754 nifi
1125 716 1182 762 fit,
1214 717 1399 770 diffipata‚
1428 726 1465 756 et
1486 718 1646 763 inculta,
1681 728 1720 757 et

314 783 436 821 fluens
456 783 508 821 est
528 783 666 821 oratio.

369 850 518 888 LXVI.
552 849 622 886 Sed
643 849 829 901 quoniam
851 863 927 886 non
949 849 1067 887 modo
1091 863 1168 887 non
1189 848 1424 901 frequenter,
1446 864 1580 889 verum
1601 851 1722 889 etiam.

312 929 394 954 raro
414 916 454 953 in
486 916 583 953 veris
615 915 747 959 causis,
778 924 843 952 aut
863 914 1074 953 forenfibus
1106 915 1410 968 circumscripte,
1443 917 1720 969 numeroseque

313 982 523 1020 dicendum
545 981 597 1019 est
613 1000 624 1026 3
657 982 764 1034 sequi
795 982 961 1026 videtur,
994 990 1036 1019 ut
1054 982 1269 1027 videamus,
1303 997 1388 1034 quae
1419 983 1490 1021 fint
1522 984 1600 1028 illa,
1632 999 1718 1036 quae

313 1048 425 1101 supra
445 1049 526 1086 dixi
548 1047 679 1092 incisa,
701 1061 786 1100 quae
807 1048 996 1085 membra.
1030 1049 1127 1086 Haec
1148 1049 1254 1086 enim
1276 1049 1315 1086 in
1336 1050 1431 1087 veris
1453 1050 1569 1087 caufis
1591 1051 1718 1088 maxi-

312 1128 419 1152 mam
446 1124 593 1166 partem
622 1113 802 1151 orationis
823 1113 1015 1151 obtinent.
1077 1113 1235 1152 Constat
1265 1114 1371 1152 enim
1402 1115 1467 1152 ille
1488 1116 1658 1153 ambitus
1679 1125 1718 1154 et

312 1180 424 1233 plena
444 1178 733 1232 comprehensio
766 1193 788 1217 e
816 1189 980 1231 quatuor
1010 1179 1087 1218 fere
1117 1181 1303 1232 partibus,
1336 1195 1421 1233 quae
1453 1182 1627 1220 membra
1653 1183 1716 1221 di-

312 1247 454 1291 cimus,
487 1255 529 1284 ut
559 1255 597 1283 et
626 1259 733 1283 aures
765 1246 938 1298 impleat,
972 1255 1010 1283 et
1040 1260 1086 1284 ne
1118 1247 1268 1284 brevior
1298 1247 1355 1291 fit,
1388 1261 1506 1299 quam
1538 1248 1624 1286 satis
1654 1249 1713 1293 fit,

311 1326 437 1365 neque
468 1312 633 1365 longior.
693 1313 931 1364 Qanquam
962 1321 1171 1364 utrumque
1192 1327 1473 1365 nonnunquam
1504 1314 1563 1351 vel
1583 1309 1714 1367 potius

311 1380 406 1432 saepe
425 1379 579 1424 accidit,
612 1387 656 1416 ut
675 1388 741 1416 aut
760 1379 874 1416 citius
895 1379 1142 1416 infistendum
1159 1379 1216 1423 sit,
1247 1389 1312 1417 aut
1328 1380 1480 1432 longius
1502 1381 1715 1432 proceden-

309 1446 425 1490 dum,
453 1459 501 1483 ne
521 1446 684 1483 brevitas
705 1444 935 1483 defraudasse
955 1459 1060 1483 aures
1082 1445 1270 1490 videatur,
1302 1460 1396 1483 neve
1417 1447 1620 1499 longitudo
1640 1448 1714 1485 ob-

309 1511 459 1549 tudiffe.
492 1512 564 1549 Sed
594 1510 719 1549 habeo
751 1511 1026 1549 mediocritatis
1048 1512 1235 1549 rationem
1254 1527 1262 1549 :
1296 1525 1365 1550 nec
1386 1514 1492 1550 enim
1513 1513 1651 1565 loquor
1669 1513 1717 1552 de

309 1577 430 1623 versu,
452 1586 490 1615 et
509 1577 562 1615 est
581 1577 738 1616 liberior
757 1577 954 1629 aliquanto
973 1578 1108 1616 oratio.

364 1645 398 1682 E
425 1653 590 1696 quatuor
616 1644 748 1696 igitur,
780 1644 882 1696 quasi
914 1643 1225 1682 hexametrorum
1257 1644 1371 1682 instar
1401 1645 1577 1683 versuum
1607 1646 1713 1698 quod

309 1709 367 1754 fit,
398 1709 543 1747 constat
562 1708 641 1746 fere
661 1710 773 1761 plena
793 1709 1095 1761 comprehensio.
1132 1711 1209 1748 His
1229 1710 1349 1763 igitur
1368 1710 1524 1763 fingulis
1544 1712 1712 1750 verfibus

309 1774 414 1827 quafi
433 1775 526 1812 nodi
545 1785 724 1826 apparent
742 1776 1056 1820 continuationis,
1074 1789 1170 1827 quos
1187 1776 1227 1813 in
1247 1777 1398 1815 ambitu
1420 1778 1711 1830 conjungimus.

309 1842 375 1880 Sin
405 1841 654 1878 membratim
685 1842 864 1879 volumus
896 1842 1033 1886 dicere,
1066 1842 1300 1888 insistimu85
1342 1844 1460 1896 idque
1490 1858 1581 1882 cum
1613 1858 1709 1898 opus

307 1907 374 1952 est,
405 1907 451 1944 ab
472 1906 541 1944 isto
567 1907 679 1944 cursu
699 1907 883 1944 invidioso
902 1906 1014 1945 facile
1035 1921 1118 1952 nos,
1140 1918 1178 1945 et
1197 1908 1290 1960 saepe
1318 1909 1590 1961 disjungimus.
1638 1911 1712 1948 Sed

308 1973 407 2013 nihil
430 1983 509 2011 tam
530 1973 642 2011 debet
661 1974 732 2011 effe
752 1975 1014 2019 numerosum,
1046 1989 1162 2026 quam
1192 1973 1281 2019 hoc,
1313 1977 1416 2027 quod
1450 1977 1614 2014 minime
1640 1991 1710 2030 ap-

308 2049 435 2093 paret,
480 2049 519 2078 et
551 2039 649 2077 valet
678 2040 907 2092 plurimum.
968 2042 1029 2078 Ex
1065 2040 1139 2078 hoc
1179 2054 1315 2094 genere
1350 2041 1448 2079 illud
1479 2042 1531 2079 est
1565 2043 1708 2088 Craffi5

308 2106 595 2159 Mffssaciant
618 2115 792 2159 patronos
811 2123 825 2145 .·
870 2107 935 2159 ipſs
955 2106 1144 2159 prodeant.
1205 2108 1244 2145 N
1250 2107 1290 2144 ifi
1318 2108 1517 2146 intervallo
1542 2108 1707 2155 dixiffet,

308 2195 396 2202 ----
438 2172 503 2224 ipst
524 2172 716 2224 prodeant,
749 2196 836 2202 ----
881 2173 1040 2210 senfiffet
1078 2172 1250 2226 profecto
1286 2173 1457 2226 effugisse
1501 2174 1705 2213 senarium.

309 2238 486 2275 Omnino
506 2238 644 2276 melius
664 2239 825 2283 caderet,
849 2239 1027 2291 prodeant
1047 2240 1121 2292 ijfi.
1182 2239 1251 2277 Sed
1283 2240 1329 2277 de
1348 2254 1485 2293 genere
1505 2255 1609 2278 nunc
1630 2240 1708 2278 dis-

306 2312 418 2355 puto.
450 2304 528 2341 Cur
546 2303 760 2356 clandestinis
774 2305 917 2356 cotfilizk
937 2319 996 2343 nos
1015 2314 1222 2358 oppugnant
1236 2306 1255 2343 ἒ
1276 2321 1341 2344 cur
1356 2305 1395 2344 de
1408 2306 1574 2358 perfitgzk
1584 2306 1708 2358 nostris

306 2369 422 2420 copias
452 2378 661 2421 comparant
692 2379 819 2408 contra
837 2384 895 2408 nos
911 2371 930 2408 ?
962 2372 1089 2408 Prima
1109 2371 1195 2408 sunt
1222 2371 1286 2408 illa
1312 2372 1401 2416 duo,
1433 2386 1517 2423 qua:
1537 2371 1705 2418 κὲμμσιταο

308 2434 435 2473 Graeci
464 2444 612 2480 vocant,
644 2448 712 2474 nos
743 2435 860 2474 incisa
885 2435 1080 2475 dicimus:
1123 2436 1262 2474 deinde
1287 2438 1459 2481 tertium,
1493 2424 1596 2471 λεῖΜν
1628 2435 1701 2479 ill-i,
