2176 2912
442 172 518 225 236
794 171 909 210 DE
986 170 1491 210 ORATORE

441 263 654 302 imitatione
673 263 908 309 fimulatum,
940 265 1060 315 major
1079 277 1134 302 ars
1161 263 1287 315 aliqua
1307 261 1460 300 forsitan
1479 260 1566 300 esset
1594 260 1830 313 requirenda.

441 330 560 368 Nunc
591 343 676 382 ego,
708 330 802 381 quid
832 329 918 374 tibi,
950 329 1087 374 Craffe,
1118 329 1211 381 quid
1245 330 1386 367 caeteris
1410 328 1568 372 accidat,
1599 327 1749 372 nescim
1785 327 1834 365 de

439 408 504 433 me
522 404 650 433 autem
670 396 778 432 causa
803 395 906 433 nulla
926 395 991 439 est,
1022 408 1089 432 cur
1105 395 1204 446 apud
1224 393 1399 432 homines
1419 392 1740 446 prudentiffimos‚
1771 402 1829 430 at-

439 474 515 511 que
533 461 790 504 amiciffimos‚
818 462 992 498 mentiar.
1037 460 1131 498 Non
1152 459 1369 498 mehercule
1395 472 1566 511 unquam
1596 458 1697 511 apud
1720 458 1829 510 judi-

439 538 514 570 ces,
545 534 608 564 aut
639 526 825 570 dolorem,
857 536 919 563 aut
945 525 1254 570 misericordiam,
1285 535 1349 562 aut
1369 525 1567 569 invidiam,
1598 533 1662 562 aut
1680 523 1829 568 odium,
1866 541 1869 542 ⁷

438 591 600 629 excitare
629 586 790 629 dicendo
820 591 952 634 volui,
995 591 1088 641 quin
1116 590 1192 641 ipse
1232 591 1271 627 in
1302 589 1588 628 commovendis
1613 589 1828 641 judicibus,

437 656 484 693 iis
514 657 600 709 ipsis
630 656 807 700 sensibus,
849 656 894 692 ad
922 668 1016 706 quos
1052 655 1138 692 illos
1169 655 1352 691 adducere
1384 654 1536 698 vellem,
1577 667 1831 706 permoverer.

438 722 579 773 Neque
599 723 703 758 enim
723 720 833 758 facile
854 722 905 757 est
933 719 1123 772 perficere,
1156 729 1198 757 ut
1218 719 1395 757 irascatur
1414 719 1461 763 ei,
1492 719 1556 757 cui
1577 728 1619 757 tu
1638 719 1745 764 velis,
1761 720 1831 771 ju-

436 787 522 831 dex,
544 787 570 824 fi
592 797 633 824 tu
652 787 728 838 ipse
747 786 787 823 id
807 786 907 823 lente
927 785 1023 823 ferre
1044 786 1212 829 videare;
1244 799 1366 837 neque
1386 795 1428 822 ut
1446 785 1567 822 oderit
1586 798 1689 830 eum,
1711 798 1830 837 quem

437 861 480 888 tu
500 851 607 896 velis,
630 851 697 889 nifi
719 851 881 903 teipsum
898 851 1122 902 fiagrantem
1140 851 1229 888 odio
1248 860 1333 888 ante
1352 851 1488 888 viderit
1504 868 1515 894 3
1541 863 1665 902 neque
1684 850 1730 888 ad
1750 851 1831 888 mi-

436 916 678 955 sericordiam
698 917 917 961 adducetur,
948 916 1015 954 nisi
1036 917 1069 953 ei
1097 926 1139 953 tu
1159 917 1261 968 figna
1283 916 1423 953 doloris
1444 917 1500 953 tui
1521 916 1656 960 verbis,
1678 916 1830 954 senten-

435 983 513 1027 tiis,
545 997 649 1027 voce,
679 983 803 1028 vultu,
834 982 1168 1033 collacrymatione
1188 982 1364 1033 denique,
1386 981 1602 1019 ostenderiS.
1647 982 1830 1020 Ut‘enim

437 1048 542 1086 nulla
562 1049 734 1086 materies
766 1057 844 1086 tam
864 1047 986 1085 facilis
1018 1047 1064 1084 ad
1093 1047 1407 1085 exardescendum
1437 1047 1501 1091 est,
1533 1060 1630 1097 quae,
1661 1046 1729 1084 nifi
1759 1047 1828 1085 ad-

435 1122 544 1151 moto
577 1114 672 1166 igni,
703 1115 833 1165 ignem
867 1113 1068 1165 concipere
1101 1112 1210 1164 poffit
1226 1130 1238 1156 ;
1270 1112 1319 1149 fic
1351 1112 1456 1149 nulla
1475 1124 1583 1149 mens
1609 1110 1662 1148 est
1682 1120 1761 1149 tam
1781 1112 1828 1150 ad

434 1178 834 1231 comprehendendam
859 1179 939 1216 vim
970 1178 1126 1216 oratoris
1155 1187 1294 1230 parata,
1324 1191 1408 1229 quae
1426 1175 1538 1230 poffit
1556 1175 1724 1223 incendi,
1758 1178 1831 1216 nist

433 1245 692 1284 inflammatus
711 1245 788 1297 ipse
808 1245 854 1282 ad
872 1258 970 1288 eam,
1001 1254 1038 1281 et
1056 1244 1187 1281 ardens
1207 1243 1412 1282 accesserit.

488 1311 637 1348 XLVI.
669 1312 744 1354 Ac,
777 1323 822 1347 ne
852 1309 951 1347 forte
970 1308 1044 1347 hoc
1064 1323 1249 1362 magnum
1283 1323 1325 1347 ac
1356 1309 1530 1347 mirabile
1552 1307 1623 1346 effe
1641 1309 1830 1354 videatur,

433 1374 633 1414 hominem
655 1377 766 1414 toties
786 1375 905 1420 irasci,
923 1376 1032 1413 toties
1053 1375 1192 1419 dolere,
1207 1375 1317 1412 toties
1336 1375 1443 1413 omni
1463 1374 1583 1412 animi
1603 1384 1713 1413 motu
1729 1387 1829 1412 con-

433 1442 554 1486 citari,
585 1441 793 1494 praesertim
822 1442 864 1479 in
894 1441 1008 1479 rebus
1026 1441 1157 1478 alienis
1175 1459 1186 1486 ς
1218 1454 1356 1493 magna
1379 1441 1435 1479 vis
1456 1440 1507 1478 est
1526 1453 1655 1478 earum
1675 1440 1826 1478 senten-

433 1507 587 1551 narum,
607 1516 719 1558 atque
738 1520 871 1544 eorum
892 1506 1082 1549 locorum,
1113 1520 1209 1557 quos
1239 1519 1323 1558 agas
1350 1506 1556 1557 tra&esque
1576 1505 1750 1551 dicendo,
1782 1515 1827 1544 ut

434 1570 532 1609 nihil
553 1585 648 1624 opus
669 1572 713 1609 fit
734 1571 972 1610 simulatione
992 1580 1029 1608 et
1048 1570 1222 1609 fallaciis.
1267 1570 1349 1623 Ipsa
1367 1572 1472 1609 enim
1493 1579 1625 1608 natura
1644 1572 1828 1610 orationis

433 1637 527 1689 ejus,
558 1651 642 1690 quae
663 1637 864 1689 suscipitur
883 1636 928 1674 ad
953 1636 1117 1673 aliorum
1138 1636 1286 1674 animos
1316 1636 1606 1689 permovendos,
1638 1647 1827 1675 oratorem

433 1703 558 1755 ipsum
579 1703 700 1756 magis
719 1703 850 1747 etiam,
881 1715 997 1754 quam
1016 1714 1238 1753 quenquam
1264 1715 1411 1746 eorum,
1442 1702 1509 1754 qui
1532 1702 1706 1747 audiunt,
1735 1715 1827 1755 per-

433 1778 576 1807 movet.
625 1769 679 1806 Et
698 1781 745 1806 ne
764 1766 838 1806 hoc
858 1768 898 1805 in
918 1767 1050 1810 caufis,
1076 1767 1116 1804 in
1131 1767 1305 1818 judiciis,
1335 1767 1376 1804 in
1396 1768 1610 1805 amicorum
1629 1767 1827 1820 periculis,

432 1835 472 1872 in
498 1834 684 1873 concursu
714 1832 937 1877 hominum,
968 1833 1007 1870 in
1028 1833 1195 1877 civitate,
1225 1833 1264 1870 in
1294 1832 1393 1877 foro,
1423 1833 1591 1870 accidere
1621 1833 1824 1878 miremur,

430 1912 522 1937 cum
556 1899 680 1951 agitur
700 1912 778 1937 non
807 1898 932 1936 solum
962 1898 1106 1950 ingenii
1127 1897 1242 1935 nostri
1267 1898 1510 1942 existimatio,
1543 1898 1651 1949 (nam
1676 1898 1715 1936 id
1735 1898 1826 1936 effet

430 1965 574 2010 levius;
620 1978 855 2017 quanquam,
886 1978 979 2002 curn
1001 1962 1181 2016 profeffus
1214 1964 1272 2008 fis,
1305 1973 1341 2001 te
1367 1964 1408 2001 id.
1425 1963 1525 2015 poffe
1550 1961 1687 2007 facere,
1717 1963 1823 2015 quod

430 2032 556 2084 pauci,
587 2045 633 2069 ne
653 2031 694 2068 id
713 2031 872 2083 quidem
891 2029 1164 2082 negligendum
1177 2026 1253 2081 est)
1278 2029 1339 2066 sed
1359 2029 1430 2066 alia
1448 2028 1533 2066 sunt
1554 2029 1696 2079 majora
1715 2028 1822 2066 mul-

430 2107 484 2141 to,
516 2096 622 2140 fides,
644 2097 833 2141 officium,
857 2096 1081 2147 diligentia:
1114 2093 1254 2146 quibus
1276 2094 1384 2131 rebus
1406 2093 1571 2138 adduffi,
1592 2094 1708 2132 etiam
1728 2107 1824 2132 cum

429 2161 670 2199 alieniffimos
702 2161 960 2204 defendimus,
991 2169 1119 2198 tamen
1139 2172 1201 2197 eos
1221 2159 1377 2203 alienos,
1406 2159 1433 2196 fi
1460 2158 1527 2211 ipsi
1548 2159 1617 2196 viri
1637 2159 1729 2196 boni
1748 2172 1820 2196 vo-

429 2227 559 2264 lumus
580 2225 727 2270 haberi,
756 2225 968 2263 existimare
988 2238 1064 2262 non
1085 2223 1294 2277 possumus.
1327 2224 1411 2268 Sed,
1434 2233 1476 2261 ut
1496 2223 1590 2269 dixi,
1612 2237 1659 2261 ne
1678 2223 1753 2262 hoc
1780 2224 1824 2262 in

428 2292 540 2330 nobis
571 2292 716 2330 mirum
746 2291 817 2329 effe
846 2290 1029 2335 videatur,
1059 2290 1154 2342 quid
1179 2290 1300 2343 potest
1318 2290 1387 2328 effe
1416 2299 1495 2327 tam
1523 2289 1672 2334 fidium,
1702 2303 1821 2342 quam

428 2358 566 2402 versus,
596 2371 714 2410 quam
747 2357 867 2401 scena,
898 2369 1017 2409 quam
1036 2355 1203 2393 fabulae?
1235 2365 1363 2394 tamen
1392 2356 1432 2393 in
1461 2355 1537 2394 hoc
1567 2369 1702 2409 genere
1727 2355 1823 2408 saepe

427 2425 504 2477 ipse
523 2424 615 2468 vidi,
645 2437 736 2461 cum
766 2436 812 2461 ex
833 2423 988 2475 persona
1012 2421 1112 2460 mihi
1139 2422 1267 2461 ardere
1294 2423 1399 2462 oculi
1427 2421 1599 2463 hominis
1626 2421 1824 2462 histrionis

427 2490 643 2529 viderentur
662 2489 856 2543 spondalia
874 2489 941 2527 illa
960 2488 1138 2534 dicentis,
