2176 2912
400 209 479 250 314
754 197 869 237 DE
947 198 1453 239 ORATORE

399 288 481 327 filio
501 289 697 328 doftorem
718 291 886 336 accierit,
901 305 921 329 a
945 305 1022 344 quo
1043 292 1178 330 eodem
1198 291 1263 330 ille
1283 301 1320 330 et
1340 291 1475 344 agendi
1495 289 1683 342 acciperet
1701 303 1803 344 prae*

397 365 521 408 cepta,
543 365 580 393 et
599 356 796 408 loquendi.

453 422 574 459 Nunc
606 422 678 460 five
709 423 776 475 qui
813 424 928 468 volet,
957 437 1047 462 eum
1083 422 1379 476 Philosophum,
1412 424 1478 476 qui
1500 424 1653 477 copiam
1687 422 1798 461 nobis

398 501 542 533 rerum,
569 489 823 542 orationisque
844 490 978 534 tradat,
1014 504 1081 543 per
1101 504 1163 528 me
1183 491 1349 542 appellet
1368 500 1557 528 oratorem
1578 490 1667 528 licet
1682 507 1694 534 5
1726 489 1801 528 five

398 553 504 593 hunc
524 565 728 601 oratorem,
760 570 877 608 quem
903 570 973 609 ego
994 557 1081 594 dico
1112 557 1334 609 sapientiam
1357 558 1533 608 junctam
1553 556 1691 595 habere
1717 555 1798 593 elo-

399 621 579 671 quentiae,
599 620 878 673 Philosophum
899 621 1081 673 appellari
1097 622 1221 666 malit,
1244 636 1320 659 non
1341 622 1552 674 impediam
1571 637 1579 659 :
1612 621 1800 659 dummo-

400 685 450 724 do
483 685 559 724 hoc
592 687 750 732 constet,
783 700 907 738 neque
940 686 1143 724 infantiam
1164 688 1258 738 ejus,
1289 689 1356 738 qui
1387 701 1468 724 rem
1489 688 1604 732 norit,
1636 686 1697 724 sed
1716 699 1802 724 eam

398 752 587 804 explicare
618 752 781 790 dicendo
812 765 889 789 non
911 761 1047 804 queat3
1081 766 1203 804 neque
1230 753 1468 791 inscientiam
1501 753 1620 797 illius,
1651 751 1716 789 cui
1745 764 1807 789 res

399 830 476 854 non
497 817 683 870 suppetat,
714 818 826 855 verba
846 831 922 855 non
950 817 1083 863 desint,
1114 817 1184 856 effe
1210 818 1465 856 laudandam:
1498 831 1667 870 quorum
1686 817 1712 856 fi
1744 817 1802 855 al-

399 891 525 921 terum
560 883 605 920 fit
636 884 866 936 optandum,
909 884 1044 922 malim
1076 884 1257 936 equidem
1289 884 1508 923 indisertam
1537 884 1800 937 prudentiam,

399 962 519 1001 quam
538 948 742 987 stultitiam
762 950 980 1002 loquacem.

456 1015 521 1053 Sin
541 1016 764 1068 quaerimus,
795 1016 889 1069 quid
911 1030 1034 1054 unum
1054 1016 1217 1055 excellat
1236 1030 1282 1054 ex
1303 1017 1500 1061 omnibus,
1531 1016 1643 1054 docto
1663 1014 1806 1053 oratori,

398 1080 528 1134 palma
547 1081 668 1119 danda
687 1082 739 1120 est
757 1097 765 1120 :
798 1096 915 1135 quem
937 1082 962 1120 fi
983 1084 1181 1135 patiuntur
1211 1083 1378 1120 eundem
1402 1081 1473 1120 effe
1503 1080 1801 1133 Philosophum,

398 1147 545 1186 sublata
564 1149 815 1188 controverfia
834 1149 898 1187 est.
938 1149 1003 1187 Sin
1023 1163 1084 1187 eos
1106 1149 1341 1201 disjungent‚
1363 1147 1438 1187 hoc
1456 1156 1569 1188 erunt
1587 1146 1801 1192 inferiores,

400 1214 505 1266 quod
523 1215 563 1252 in
584 1224 730 1253 oratore
748 1215 916 1268 perfeeto
934 1215 1028 1253 inest
1047 1215 1206 1253 illorum
1224 1215 1351 1253 omnis
1372 1214 1539 1259 scientia,
1562 1214 1602 1252 in
1623 1212 1802 1252 Philoso-

398 1279 569 1334 phorum
602 1292 731 1320 autem
765 1283 987 1335 cognitione
1011 1296 1089 1320 non
1109 1282 1296 1320 continuo
1323 1282 1417 1323 inest
1436 1281 1658 1334 eloquentia
1673 1299 1685 1326 3
1717 1294 1803 1333 quae

398 1348 576 1399 quamvis
596 1357 864 1387 contemnatur
884 1349 930 1387 ab
946 1349 1013 1394 eis,
1032 1348 1175 1387 neceffe
1195 1348 1247 1387 est
1267 1358 1394 1387 tamen
1413 1348 1583 1401 aliquem
1596 1347 1803 1386 cumulum

398 1412 560 1452 illorum
579 1414 723 1453 artibus
743 1415 875 1453 afferre
894 1415 1079 1453 videatur.
1139 1415 1237 1454 Haec
1265 1429 1357 1453 cum
1379 1414 1526 1454 Crassus
1548 1413 1710 1458 dixisset,
1733 1426 1801 1466 pa-

399 1491 556 1532 rumper
575 1490 613 1518 et
631 1481 708 1534 ipse
729 1481 931 1526 conticuit,
953 1490 991 1519 et
1011 1482 1155 1519 caeteris
1177 1481 1371 1519 filentium
1390 1480 1480 1520 fuit.

459 1546 652 1584 XXXVI.
685 1548 796 1584 Tum
826 1548 955 1590 Cotta,
986 1546 1182 1598 equidem,
1215 1547 1356 1598 inquit,
1393 1546 1532 1592 Crasse,
1554 1559 1630 1584 non
1652 1544 1803 1598 possum

400 1612 523 1663 queri,
555 1612 660 1664 qnod
680 1611 781 1650 mihi
800 1611 946 1650 videare
966 1612 1070 1650 aliud
1087 1612 1286 1664 quiddam,
1317 1622 1355 1650 et
1376 1626 1453 1650 non
1474 1612 1526 1657 id,
1559 1612 1663 1664 quod
1680 1611 1802 1649 susce-

400 1679 515 1732 peris,
547 1678 769 1732 disputaffe:
801 1678 888 1731 plus
909 1678 1012 1716 enim
1047 1678 1243 1732 aliquanto
1275 1678 1448 1723 attulisti,
1485 1691 1602 1730 quam
1624 1678 1696 1715 tibi
1716 1676 1804 1715 effet

403 1747 595 1785 tributum
612 1759 631 1783 a
652 1730 763 1784 nobis
783 1759 825 1782 ac
846 1745 1129 1783 denuntiatum.
1158 1745 1228 1783 Sed
1248 1755 1349 1783 certe
1369 1754 1406 1783 et
1426 1744 1484 1783 hae
1504 1753 1626 1797 partes
1647 1743 1805 1781 fuerunt

404 1822 491 1858 ωε,
514 1813 560 1850 de
579 1812 798 1850 illustranda
826 1811 995 1849 oratione
1016 1821 1059 1849 ut
1077 1811 1234 1856 diceres,
1256 1821 1292 1849 et
1313 1825 1389 1849 eras
1411 1811 1487 1864 ipse
1502 1812 1584 1862 jam
1606 1810 1802 1863 ingressus,

400 1888 516 1931 atque
549 1878 589 1916 in
624 1888 787 1931 quatuor
817 1888 939 1931 partes
959 1892 1118 1916 omnem
1145 1879 1326 1916 orationis
1358 1878 1512 1916 laudem
1532 1875 1801 1929 descripseras;

401 1958 571 1997 cumque
591 1936 636 1983 de
656 1945 801 1983 duabus
822 1944 958 1997 primis
980 1945 1092 1982 nobis
1113 1944 1271 1996 quidem
1292 1944 1391 1989 satis,
1415 1943 1489 1990 sed,
1526 1952 1567 1980 ut
1596 1942 1674 1994 ipse
1695 1942 1801 1980 dice-

402 2011 483 2056 bas,
498 2012 684 2056 celeriter,
699 2012 912 2065 exigueque
929 2011 1093 2056 dixiffes,
1109 2012 1199 2048 duas
1217 2011 1287 2049 tibi
1302 2011 1464 2062 reliquas
1478 2009 1617 2047 feceras
1631 2027 1642 2053 5
1661 2021 1802 2059 quem-

402 2078 615 2116 admodum
637 2079 809 2131 primum
830 2088 972 2122 ornate,
1005 2078 1140 2115 deinde
1160 2078 1276 2115 etiam
1297 2086 1395 2129 apte,
1423 2076 1650 2113 diceremus.
1712 2075 1804 2125 Qo

403 2157 497 2182 cum
531 2145 712 2196 ingrefi'us
747 2144 848 2188 effes,
881 2152 1034 2195 repente
1067 2152 1102 2180 te
1136 2143 1237 2194 quasi
1268 2142 1426 2194 quidam
1448 2141 1553 2178 aestus
1574 2140 1718 2192 ingenii
1747 2140 1803 2178 tui

404 2211 538 2264 procul
560 2224 580 2247 a
601 2220 696 2249 terra
714 2210 896 2263 abripuit,
914 2219 1026 2261 atque
1048 2210 1087 2246 in
1109 2210 1231 2247 altum
1251 2222 1271 2245 a
1290 2208 1492 2260 conspeetu
1513 2220 1608 2260 pene
1623 2206 1804 2245 omnium

403 2277 610 2321 abstraxit5
643 2290 876 2329 omnemque
908 2290 1034 2313 rerum
1056 2275 1251 2314 scientiam
1281 2275 1520 2328 complexuS,
1553 2287 1630 2313 non
1652 2283 1693 2311 tu
1713 2273 1803 2325 qui-

405 2343 494 2382 dem
526 2356 610 2380 eam
645 2343 754 2381 nobis
777 2342 973 2387 tradidisti,
1008 2343 1147 2394 (neque
1167 2342 1271 2380 enim
1298 2340 1373 2378 fuit
1395 2351 1471 2379 tam
1499 2340 1627 2392 exigui
1650 2348 1802 2391 tempo-

406 2409 474 2461 ris)
512 2409 586 2454 scd,
617 2409 717 2462 apud
748 2407 818 2446 hos
840 2408 933 2460 quid
955 2407 1172 2461 profeceris,
1195 2406 1320 2445 nescio
1333 2425 1344 2451 3
1377 2420 1438 2445 me
1459 2405 1617 2458 quidem
1639 2405 1678 2442 in
1700 2405 1803 2441 Aca-

405 2475 574 2513 demiam
596 2484 722 2513 totum
743 2474 977 2526 compulisti.
1038 2475 1083 2511 In
1115 2487 1189 2525 qua
1208 2473 1326 2511 velim
1357 2473 1400 2510 sit
1432 2471 1542 2516 illud,
1575 2470 1679 2523 quod
1711 2469 1805 2523 saepe

405 2541 574 2595 posuisti,
596 2551 638 2580 ut
657 2555 735 2581 non
757 2540 899 2580 neceffe
918 2540 962 2579 sit
983 2539 1205 2578 consumere
1236 2548 1399 2585 centem,
1431 2548 1543 2590 atque
1574 2546 1616 2575 ut
1636 2535 1745 2590 poffit
1771 2535 1803 2573 is
