2176 2912
506 193 883 246 'LrssER
959 210 1382 254 PRIMUS.
1599 235 1674 275 135

265 299 393 338 omnis
424 298 480 337 vis
512 299 686 352 ratioque
712 300 881 346 dicendi,
913 301 954 340 in
988 316 1138 350 eorum,
1170 306 1238 358 qui
1266 308 1441 354 audiunt,
1473 315 1670 355 mentibus

265 374 330 403 aut
358 364 545 409 sedandis,
576 374 641 403 aut
661 367 889 412 excitandis,
921 370 1184 421 expromenda
1204 371 1269 410 est.
1328 376 1501 415 Accedat
1534 380 1670 418 eodem

263 439 414 483 oportet
432 430 538 483 lepos
559 432 735 484 quidam,
766 432 1003 487 facetiaeque,
1021 445 1059 474 et
1080 437 1246 476 eruditio
1267 438 1389 477 libero
1407 441 1536 493 digna,
1565 446 1667 483 cele-

262 497 427 549 ritasque
446 507 484 535 et
505 498 668 537 brevitas
689 508 727 537 et
747 500 1015 553 respondendi,
1037 512 1076 540 et
1096 503 1310 551 lacessendi,
1341 506 1474 545 subtili
1493 512 1667 550 venusta-

261 572 311 608 te,
334 572 448 616 atque
470 564 685 604 urbanitate
702 567 921 619 conjuncta.
949 569 1137 608 Tenenda
1148 580 1327 623 praeterea
1346 573 1399 612 est
1418 576 1546 613 omnis
1567 579 1668 616 anti-

259 630 401 682 quitas,
417 631 768 685 exemplorumque
781 634 857 672 vis:
876 647 1001 687 neque
1017 635 1165 688 legum,
1183 639 1354 690 autjuris
1371 640 1495 679 civilis
1511 642 1668 682 scientia

259 696 490 748 negligenda
509 697 576 736 est.
608 699 716 737 Nam
733 699 829 752 quid
843 713 916 752 ego
933 701 979 738 de
999 703 1147 740 a&ione
1164 703 1242 756 ipsa
1261 704 1372 758 plura
1393 707 1520 745 dicam
1536 709 1550 745 ?
1582 724 1667 762 quae

258 771 370 800 motu
390 764 575 816 corporis,
607 778 692 817 quae
718 766 840 818 gestu,
870 781 956 819 quae
987 768 1114 815 vultu,
1145 783 1231 822 quae
1259 769 1362 810 vocis
1383 773 1664 815 conformatio-

257 841 319 873 ne,
350 842 393 867 ac
424 830 603 868 varietate
631 832 865 870 moderanda
891 832 967 872 est:
1000 848 1085 886 quae
1108 835 1184 874 sola
1203 851 1270 889 per
1289 837 1325 875 se
1345 838 1423 891 ipsa
1443 850 1586 892 quanta
1605 843 1664 888 fit,
1683 835 1688 839 i

255 892 488 934 histrionum
506 896 599 934 levis
619 910 676 935 ars
694 905 733 935 et
752 897 862 936 scena
880 899 1044 938 declarat
1057 918 1068 945 ς
1092 901 1132 939 in
1153 916 1229 954 qua
1248 917 1340 942 cum
1358 919 1492 944 omnes
1510 907 1549 945 in
1570 909 1662 954 oris,

253 970 293 999 et
324 962 444 1007 vocis,
475 972 514 1001 et
547 973 679 1003 motus
699 965 963 1004 moderatione
997 968 1208 1014 elaborent,
1239 971 1325 1023 quis
1346 971 1511 1024 ignorat,
1543 989 1662 1027 quam

251 1029 365 1081 pauci
385 1030 472 1074 fint,
494 1029 732 1085 fuerintque,
754 1047 851 1085 quos
867 1034 999 1073 animo
1016 1048 1126 1087 aequo
1144 1036 1306 1089 spectare
1319 1038 1527 1091 poffimus?
1551 1043 1660 1095 Qid

252 1095 380 1134 dicam
400 1097 447 1135 de
467 1096 642 1137 thesauro
661 1113 792 1139 rerum
813 1102 995 1140 omnium
1015 1104 1218 1149 memoria,
1249 1119 1334 1157 quae
1362 1107 1430 1144 nifi
1450 1107 1574 1147 custos
1594 1110 1658 1148 in-

252 1163 390 1208 ventis,
432 1165 686 1218 cogitatisque
722 1167 835 1205 rebus
874 1177 913 1206 et
949 1169 1074 1207 verbis
1113 1170 1357 1217 adhibeatur,
1399 1173 1658 1228 intelligimus

250 1231 395 1274 omnia,
426 1230 543 1268 etiam
565 1231 589 1268 fi
606 1233 887 1284 praeclariffima
905 1234 1064 1280 fuerint,
1096 1237 1134 1275 in
1157 1247 1302 1276 oratore
1322 1240 1503 1292 peritura.

306 1296 576 1347 Qamobrem
592 1298 721 1336 mirari
743 1299 971 1345 definamus,
987 1316 1072 1353 quae
1085 1303 1193 1341 causa
1210 1304 1253 1342 fit
1266 1305 1535 1357 eloquentium
1557 1322 1654 1361 pau-

248 1362 388 1407 citatis,
422 1377 515 1401 cum
534 1378 581 1402 ex
613 1366 658 1403 iis
681 1366 792 1404 rebus
815 1368 995 1406 universis
1016 1369 1238 1422 eloquentia
1257 1372 1417 1417 constet,
1449 1375 1592 1426 quibus
1613 1376 1654 1414 in

247 1427 404 1480 singulis
433 1429 625 1468 elaborare
655 1444 913 1484 permagnum
944 1433 997 1471 est
1013 1453 1023 1478 ;
1056 1434 1335 1488 hortemurque
1356 1439 1483 1490 potius
1511 1440 1653 1479 liberos

245 1493 405 1539 nostr08‚
427 1496 672 1548 caeterosque,
703 1511 872 1550 quorum
892 1499 1014 1551 gloria
1034 1502 1146 1539 nobis
1168 1512 1205 1540 et
1231 1504 1397 1555 dignitas
1419 1518 1502 1543 cara
1521 1506 1586 1551 est,
1610 1514 1653 1546 ut

244 1560 376 1598 animo
396 1561 448 1598 rei
469 1562 783 1614 magnitudinem
804 1564 1125 1618 complectantur,
1147 1581 1273 1620 neque
1294 1569 1340 1606 iis
1358 1579 1422 1608 aut
1438 1573 1652 1625 praeceptiS,

245 1636 310 1664 aut
329 1628 533 1680 magistris,
567 1638 632 1667 aut
663 1631 1017 1678 exercitationibus,
1050 1634 1192 1685 quibus
1214 1644 1376 1674 utuntur
1407 1651 1557 1683 omnes,
1589 1639 1652 1679 sed

243 1693 325 1731 aliis
346 1694 577 1746 quibusdam
599 1696 634 1734 se
653 1697 707 1742 id,
729 1698 834 1750 quod
854 1709 1057 1752 expetunt,
1079 1701 1261 1754 consequi
1282 1703 1382 1755 pofi'e
1402 1704 1612 1744 confidant.

296 1760 367 1798 VI.
387 1762 447 1799 Ac
467 1775 553 1799 mea
568 1763 728 1814 quidem
745 1764 930 1802 sententia
944 1779 1061 1803 nemo
1079 1768 1219 1819 poterit
1234 1768 1305 1806 effe
1320 1770 1428 1807 omni
1445 1769 1556 1808 laude
1576 1785 1647 1810 cu-

240 1825 409 1863 mulatus
429 1837 568 1872 orator,
588 1829 656 1866 nisi
677 1830 749 1866 erit
767 1831 948 1868 omnium
969 1845 1098 1870 rerum
1119 1847 1348 1886 magnarum
1369 1845 1482 1888 atque
1503 1838 1645 1876 artium

242 1891 440 1930 scientiam
471 1893 710 1932 consecutus,
762 1896 922 1934 Etenim
954 1910 1001 1935 ex
1032 1912 1159 1936 rerum
1192 1901 1414 1953 cognitione
1437 1902 1647 1943 efflorescat

238 1966 276 1994 et
296 1958 483 1996 redundet
503 1969 653 2011 oportet
673 1962 794 1999 oratio
810 1980 821 2006 ;
854 1976 952 2015 quae,
987 1963 1055 2001 nisi
1076 1964 1200 2002 subest
1227 1979 1282 2003 res
1314 1967 1361 2004 ab
1387 1977 1535 2006 oratore
1554 1984 1642 2022 per-

237 2032 347 2075 cepta
376 2032 414 2061 et
448 2026 617 2077 cognita,
650 2027 806 2064 inanem
834 2028 1026 2080 quandam
1048 2028 1165 2068 habet
1185 2030 1461 2078 elocutionem,
1483 2043 1521 2072 et
1546 2049 1645 2087 pene

237 2090 439 2141 puerilem.
500 2091 642 2144 Neque
661 2106 749 2130 vero
775 2107 847 2146 ego
867 2093 942 2132 hoc
965 2104 1117 2133 tantum
1138 2097 1262 2134 oneris
1284 2098 1486 2151 imponam
1507 2100 1642 2139 nostris

234 2155 441 2205 praesertim
458 2157 686 2202 oratoribus,
703 2158 743 2196 in
759 2157 831 2198 hac
848 2169 952 2198 tanta
963 2162 1216 2214 occupatione
1229 2164 1349 2208 urbis,
1367 2178 1408 2203 ac
1425 2166 1524 2211 vitae,
1540 2165 1641 2204 nihil

235 2229 277 2257 ut
295 2221 341 2259 iis
361 2231 497 2274 putem
516 2223 630 2261 licere
651 2225 794 2263 nescire
811 2240 821 2264 :
853 2240 1076 2279 quanquam
1097 2230 1153 2266 vis
1185 2231 1357 2275 oratoris,
1385 2231 1641 2284 profeffioque

232 2286 311 2338 ipsa
342 2288 439 2325 bene
470 2289 638 2335 dicendi,
669 2290 744 2329 hoc
764 2292 950 2346 suscipere
981 2307 1023 2332 ac
1052 2295 1228 2348 polliceri
1248 2297 1433 2342 videatur,
1467 2308 1509 2336 ut
1530 2299 1639 2336 omni

232 2351 278 2389 de
299 2366 351 2398 re,
374 2367 614 2408 quaecunque
633 2357 678 2395 fit
698 2359 901 2412 propofita‚
923 2359 970 2397 ab
992 2373 1038 2398 eo
1058 2371 1203 2406 ornate,
1223 2363 1452 2416 copioseque
1472 2364 1635 2403 dicatur.

231 2418 317 2463 Sed,
340 2420 430 2471 quia
449 2433 527 2458 non
547 2421 699 2468 dubito,
721 2425 817 2476 quin
837 2423 913 2463 hoc
934 2426 1124 2479 plerisque
1144 2428 1396 2473 immensum,
1412 2429 1635 2468 infinitum-

229 2497 306 2536 que
339 2484 524 2531 videatur,
556 2497 593 2525 et
619 2489 723 2540 quod
759 2491 915 2530 Graecos
950 2490 1130 2530 homines
1152 2507 1230 2531 non
1262 2494 1387 2532 solum
1406 2495 1565 2546 ingenio
1598 2502 1635 2532 et

228 2550 415 2597 doctrina,
462 2551 526 2591 sed
568 2554 687 2593 etiam
724 2556 820 2602 otio,
855 2557 1059 2610 studioque
1092 2546 1343 2605 abundantes,
1384 2561 1636 2613 partitionem
