2176 2912
414 255 467 294 30
715 242 820 280 DE
894 240 1509 280 INVENTIONE

411 343 488 381 alio
505 341 664 381 nomine
693 341 803 380 illam
833 355 930 386 rem,
961 341 1007 379 de
1026 354 1102 394 qua
1126 341 1264 393 agitur,
1295 341 1476 394 appellari
1496 349 1669 394 oportere
1694 347 1810 392 atque

410 410 610 448 adversarii
629 410 778 448 dicunt.
1779 409 1782 412 ’

469 477 541 515 ΙΧ.
575 476 737 514 Generis
757 474 810 512 est
829 475 1093 519 controversia,
1118 487 1210 512 cum
1229 481 1282 518 et,
1307 473 1402 526 quid
1421 472 1567 512 factum
1587 473 1645 518 s1t,
1665 485 1808 511 conve-

411 543 487 588 nit,
509 552 560 587 et,
582 555 661 594 quo
680 541 720 579 id
739 540 885 578 factum
905 540 1062 578 nomine
1082 539 1262 593 appellari
1287 549 1471 592 oporteat,
1492 539 1660 578 constat:
1692 547 1730 577 et
1750 548 1808 576 ta-

412 623 520 654 men,
552 618 756 661 quantum,
786 616 825 645 et
854 607 1082 658 cujusmodi,
1124 616 1162 644 et
1192 607 1353 645 omnino
1384 607 1496 659 quale
1523 606 1580 651 fit,
1612 606 1808 658 quaeritur,

413 675 488 714 hoc
502 676 618 713 modo
631 693 642 720 3
665 674 833 726 Justum,
855 687 901 711 an
921 673 1134 725 injustum?
1156 673 1280 717 Utile,
1299 686 1346 710 an
1361 673 1526 711 inutile?
1548 682 1586 710 et
1603 672 1747 717 omnia,
1769 671 1809 709 in

412 743 571 795 quibus,
593 741 704 793 quale
724 740 767 778 s1t
787 740 826 777 id
847 739 952 791 quod
971 738 1116 776 faenum
1137 738 1202 782 est,
1226 739 1422 790 quaeritur,
1446 738 1522 776 fine
1541 739 1620 776 ulla
1640 738 1809 776 nominis

414 808 677 846 controverfia.
711 807 818 845 Huic
837 806 967 858 generi
989 806 1245 858 Hermagoras
1266 813 1389 858 partes
1410 814 1574 857 quatuor
1600 804 1809 857 supposuit,

412 874 714 918 deliberativam,
746 871 1095 916 demonstrativam,
1112 871 1386 923 juridicialem,
1414 871 1659 924 negotialem.
1692 870 1810 922 Qod

411 942 443 993 ej
452 954 508 985 us,
539 950 583 978 ut
603 953 670 978 nos
691 948 886 992 putamus,
914 952 991 976 non
1012 937 1206 976 mediocre
1225 946 1429 990 peccatum
1450 936 1811 990 reprehendendum

413 1008 588 1052 videtur;
620 1004 752 1044 verum
773 1005 893 1049 brevi,
924 1018 984 1050 ne,
1011 1013 1077 1042 aut
1106 1004 1132 1042 fi
1153 1004 1260 1042 taciti
1280 1004 1588 1056 praeterierimus,
1609 1003 1683 1041 fine
1703 1002 1811 1041 causa

413 1087 491 1112 non
511 1072 629 1111 secuti
648 1085 737 1110 eum
754 1081 959 1124 putemur;
982 1080 1046 1108 aut
1063 1071 1087 1108 fi
1103 1070 1248 1108 diutius
1265 1070 1305 1107 in
1321 1069 1396 1108 hoc
1412 1071 1707 1115 constiterimus,
1722 1083 1810 1107 mo-

413 1154 494 1178 ram
515 1148 628 1192 atque
655 1137 982 1190 impedimentum
1010 1136 1166 1189 reliquis
1193 1138 1391 1189 praeceptis
1412 1136 1579 1175 intuliffe
1599 1136 1808 1174 videamur.

414 1206 453 1243 Si
474 1205 696 1243 deliberatio
716 1213 754 1241 et
769 1202 1040 1241 demonstratio
1059 1216 1197 1255 genera
1213 1202 1299 1240 sunt
1315 1202 1526 1246 causarum,
1553 1215 1630 1239 non
1657 1200 1810 1253 poffunt

412 1274 511 1310 reete
530 1280 652 1324 partes
667 1270 826 1321 alicujus
843 1269 990 1322 generis
1007 1269 1123 1307 causae
1140 1269 1278 1322 putari.
1301 1268 1449 1306 Eadem
1467 1268 1571 1306 enim
1589 1281 1645 1305 res
1662 1267 1726 1306 alii
1741 1280 1809 1319 ge-

413 1351 484 1376 nus
498 1338 582 1382 effe,
599 1337 663 1375 alii
680 1350 778 1389 pars,
795 1336 916 1388 potest
931 1351 938 1373 :
962 1336 1088 1373 eidem
1101 1348 1221 1387 genus
1237 1334 1307 1372 effe
1324 1344 1361 1373 et
1378 1348 1461 1387 pars
1479 1348 1555 1372 non
1572 1334 1706 1388 potest.
1727 1335 1810 1372 De·

412 1404 587 1442 liberatio
607 1412 735 1440 autem
756 1411 792 1440 et
812 1401 1083 1439 demonstratio
1102 1415 1239 1454 genera
1269 1401 1356 1439 sunt
1375 1400 1585 1439 causarum.
1619 1401 1725 1438 Nam
1746 1409 1811 1438 aut

413 1469 568 1508 nullum
587 1468 703 1506 causae
723 1481 842 1521 genus
863 1467 928 1512 est,
950 1467 1211 1518 autjudiciale
1238 1467 1375 1511 solum,
1409 1476 1473 1505 aut
1493 1476 1531 1504 et
1545 1466 1742 1519 judiciale,
1773 1476 1812 1504 et

411 1535 769 1578 demonstrativum,
792 1542 829 1571 et
848 1533 1156 1571 deliberativum.
1179 1533 1350 1571 Nullum
1371 1533 1496 1571 dicere
1516 1532 1633 1570 causae
1653 1532 1723 1571 effe
1742 1545 1811 1585 ge-

414 1616 500 1647 nus,
532 1615 623 1639 cum
645 1600 768 1638 causas
790 1599 859 1637 esse
881 1599 1020 1636 multas
1042 1599 1155 1644 dicat,
1178 1609 1215 1636 et
1236 1599 1275 1636 in
1297 1612 1355 1637 eas
1377 1608 1564 1652 praecepta
1584 1599 1661 1643 det,
1677 1613 1809 1637 amen·

413 1670 466 1706 tia
485 1668 550 1706 est.
583 1669 720 1705 Unum
741 1675 867 1704 autem
884 1665 1065 1718 judiciale
1083 1665 1205 1703 solum
1226 1665 1296 1703 effe
1314 1666 1383 1717 qur
1400 1666 1534 1718 potest,
1554 1680 1645 1703 curn
1663 1666 1810 1703 delibe-

413 1736 508 1773 ratio
527 1743 564 1772 et
584 1733 855 1771 demonstratio
876 1745 999 1784 neque
1021 1732 1106 1784 ipsae
1127 1732 1265 1770 similes
1287 1733 1385 1770 inter
1404 1732 1438 1770 se
1459 1732 1544 1777 sint,
1576 1741 1614 1769 et
1640 1732 1686 1769 ab
1701 1732 1811 1784 judi·

410 1801 501 1839 ciali
521 1814 655 1854 genere
676 1799 892 1852 plurimum
913 1798 1122 1842 diffideant‚
1151 1808 1189 1836 et
1209 1798 1318 1836 suum
1340 1812 1503 1851 quaeque
1523 1798 1639 1836 finem
1661 1797 1810 1843 habeat,

414 1882 492 1920 quo
514 1867 643 1905 referri
673 1866 835 1903 debeat?
868 1865 1118 1917 Relinquitur
1138 1872 1241 1918 ergo,
1271 1874 1313 1902 ut
1339 1865 1470 1902 omnia
1496 1865 1565 1903 tria
1585 1878 1721 1917 genera
1740 1865 1814 1903 fint

412 1934 625 1972 causarum.
660 1932 896 1970 Deliberatio
926 1932 1042 1984 igitur
1071 1942 1108 1969 et
1135 1931 1406 1970 demonstratio
1438 1946 1512 1969 non
1535 1931 1686 1984 poffunt
1713 1933 1812 1969 reete

414 2010 537 2052 partes
568 1992 727 2050 alicujus
759 1998 906 2050 generis
936 1997 1053 2034 causae
1073 1997 1212 2050 putari.
1248 1996 1356 2035 Male
1388 1997 1506 2049 igitur
1537 2010 1596 2034 eas
1627 1997 1810 2049 generalis

413 2065 697 2103 constitutionis
719 2073 842 2116 partes
862 2062 932 2100 effe
953 2063 1065 2100 dixit.

468 2132 519 2169 X.
544 2131 660 2181 Qod
678 2130 699 2167 fi
718 2129 864 2182 generis
881 2128 998 2166 causae
1014 2136 1136 2180 partes
1153 2141 1229 2166 non
1246 2127 1397 2180 poffunt
1415 2129 1512 2166 recte
1529 2127 1667 2180 putari,
1687 2127 1813 2165 multo

413 2198 543 2236 minus
566 2198 663 2234 reete
690 2196 804 2248 partis
832 2194 948 2233 causae
967 2204 1089 2247 partes
1117 2194 1369 2247 putabuntur.
1430 2194 1518 2232 Pars
1545 2203 1673 2231 autem
1695 2193 1813 2232 causae

411 2263 636 2302 constitutio
678 2261 730 2299 est
763 2261 904 2298 omnis.
965 2260 1058 2298 Non
1100 2261 1204 2298 enim
1249 2259 1357 2297 causa
1390 2259 1436 2298 ad
1470 2259 1782 2298 constitutionem
1799 2289 1810 2305 ,

415 2330 476 2367 sed
497 2328 720 2367 constitutio
741 2327 785 2364 ad
806 2327 970 2371 causam,
1001 2326 1328 2364 accommodatur.
1393 2326 1463 2364 Sed
1484 2326 1754 2364 demonstratio
1774 2335 1813 2364 et

413 2395 650 2438 deliberatio,
672 2393 819 2445 generis
847 2392 963 2430 causa:
991 2401 1111 2444 partes
1144 2405 1220 2429 non
1242 2391 1392 2444 poffunt
1412 2393 1509 2429 redte
1537 2392 1675 2444 putari,
1706 2392 1811 2443 quod

412 2461 490 2514 ipsa
510 2461 595 2499 sunt
616 2472 765 2512 genera.
798 2459 933 2497 Multo
953 2459 1072 2511 igitur
1093 2458 1222 2496 minus
1244 2460 1342 2496 rede
1362 2458 1478 2511 partis
1498 2459 1594 2510 ejus,
1622 2458 1725 2510 quod
1746 2457 1812 2496 hic

413 2527 522 2572 dicit,
555 2536 674 2580 partes
696 2525 946 2578 putabuntur.
980 2525 1131 2563 Deinde
1161 2524 1187 2562 fi
1218 2524 1455 2569 constitutio,
1485 2533 1524 2562 et
1550 2523 1640 2577 ipsa,
1671 2533 1708 2562 et
1728 2537 1812 2576 pars

410 2595 492 2646 ejus
519 2594 714 2647 qualibet,
747 2592 971 2632 intentionis
992 2591 1163 2646 depulfio
1183 2591 1248 2638 est,
1279 2606 1364 2645 quae
1389 2591 1615 2631 intentionis
1643 2591 1813 2645 depulsio
