2176 2912
391 283 442 323 70
644 269 757 307 DE
831 267 1542 306 INVENTIONE

390 359 457 396 fire
477 370 613 395 omnes
644 357 993 410 argumentationes
1008 375 1019 401 5
1052 355 1142 395 alias
1172 357 1217 394 ad
1239 357 1463 410 partitiones
1490 356 1636 410 fingula
1654 370 1792 409 genera

389 423 550 468 referre5
583 422 672 461 alias
694 423 740 461 ab
761 423 945 467 auditore,
968 423 1063 475 quid
1079 423 1273 468 defideret,
1295 437 1460 475 quaerere
1476 441 1487 467 5
1520 422 1611 461 alias
1629 422 1710 461 haec
1730 421 1788 460 fa-

391 504 475 528 cere
496 504 562 543 per
581 491 911 543 comparationem
932 490 1083 528 suarum
1115 499 1153 527 et
1181 490 1459 528 contrariarum
1485 490 1790 542 argumentatio-

392 571 502 594 num.

434 623 511 660 Res
533 631 662 660 autem
684 622 902 667 inducetur,
926 622 950 660 fi
972 622 1088 660 alicui
1109 623 1162 660 rei
1182 621 1420 674 hujusmodi,
1441 621 1534 674 legi,
1563 622 1665 666 loco,
1688 621 1790 665 urbi,

391 699 649 728 monumento
669 690 899 727 attribuetur
930 690 1052 726 oratio
1070 702 1139 741 per
1169 690 1515 733 enumerationem,
1547 687 1623 726 hoc
1643 687 1789 732 modo5

391 756 527 808 Qid?
560 756 585 794 fi
606 756 707 808 leges
729 756 837 808 loqui
858 755 1018 808 poffent,
1052 769 1179 792 nonne
1199 753 1281 792 haec
1301 755 1402 807 apud
1422 768 1487 792 vos
1509 755 1789 807 quererentur?

390 822 591 874 Qidnam
608 822 773 874 amplius
795 822 1022 866 desideratis,
1035 822 1201 873 judices,
1219 835 1310 859 cum
1332 821 1439 859 vobis
1460 820 1537 858 hoc
1554 830 1591 858 et
1611 819 1686 858 hoc
1707 820 1792 873 pla-

390 903 486 926 num
507 888 653 926 factum
674 889 745 926 fit?
794 889 839 926 In
868 887 943 926 hoc
965 902 1120 941 quoque
1140 901 1276 941 genere
1298 888 1481 926 omnibus
1502 887 1645 925 eisdem
1666 886 1792 924 modis

390 956 447 992 uti
469 955 614 993 licebit.
649 956 872 993 Commune
893 965 1022 993 autem
1043 965 1280 1008 praeceptum
1296 954 1371 993 hoc
1391 955 1502 992 datur
1522 955 1567 993 ad
1588 967 1792 992 enumera-

392 1022 553 1065 tionem,
577 1030 619 1058 ut
640 1035 686 1059 ex
707 1035 934 1073 unaquaque
966 1022 1314 1074 argumentatione,
1343 1022 1529 1073 quoniam
1551 1030 1630 1059 tota
1651 1021 1792 1058 iterum

389 1088 467 1125 dici
488 1102 564 1125 non
586 1088 721 1140 potest,
740 1088 778 1125 id
794 1089 958 1140 eligatur
973 1088 1077 1140 quod
1093 1089 1164 1125 erit
1180 1088 1457 1140 graviffimum,
1480 1097 1518 1125 et
1538 1086 1791 1138 unumquod-

390 1167 466 1205 que
486 1167 603 1206 quam
626 1154 839 1192 brevisfime
860 1154 1066 1192 transeatur
1081 1173 1092 1199 5
1125 1164 1169 1192 ut
1188 1155 1389 1199 memoria,
1421 1168 1499 1192 non
1520 1155 1656 1198 oratio,
1679 1166 1792 1190 reno-

391 1228 474 1257 vata
494 1219 678 1258 videatur⁴

445 1288 557 1325 LIII.
582 1287 803 1340 Indignatio
824 1287 876 1325 est
895 1289 1017 1326 oratio
1038 1302 1104 1341 per
1125 1301 1241 1340 quam
1264 1286 1483 1331 conficitur,
1498 1294 1542 1323 ut
1558 1286 1601 1323 in
1623 1285 1794 1338 aliquem

389 1352 593 1391 hominem
614 1368 801 1407 magnum
819 1355 968 1399 odium,
991 1365 1055 1392 aut
1072 1355 1110 1392 in
1132 1368 1213 1392 rem
1230 1354 1353 1406 gravis
1371 1353 1542 1398 offenfio,
1560 1353 1791 1391 concitetur.

390 1421 435 1458 In
455 1418 530 1457 hoc
547 1433 685 1472 genere
706 1420 803 1457 illud
823 1421 998 1472 primum
1018 1421 1185 1473 intelligi
1207 1420 1402 1464 volumus,
1420 1419 1521 1472 poffe
1541 1419 1724 1457 omnibus
1745 1431 1794 1456 ex

390 1486 484 1523 locis
506 1486 566 1530 iis,
584 1500 680 1537 quos
702 1487 741 1523 in
762 1486 1019 1524 confirmandi
1039 1488 1237 1539 praeceptis
1259 1486 1473 1538 posuimus,
1493 1485 1641 1523 traetari
1661 1485 1792 1537 indig-

389 1553 601 1590 nationem.
646 1553 751 1590 Nam
772 1566 818 1590 ex
839 1553 884 1590 iis
905 1554 1032 1597 rebus,
1067 1567 1152 1604 quae
1172 1552 1339 1605 personis
1360 1562 1475 1604 atque
1497 1552 1661 1604 negotiis
1682 1553 1791 1590 attri-

390 1619 492 1656 butae
514 1617 613 1663 sunt,
636 1618 778 1670 quaevis
799 1619 1119 1671 amplificationes
1136 1628 1174 1655 et
1193 1619 1475 1670 indignationes
1498 1618 1597 1656 nasci
1614 1618 1791 1671 poffunt:

390 1684 452 1723 sed
474 1694 602 1722 tamen
634 1698 688 1729 ea,
722 1698 806 1737 quae
833 1685 1034 1738 separatim
1066 1685 1112 1723 de
1137 1685 1404 1737 indignatione
1434 1686 1591 1738 praecipi
1624 1685 1792 1738 possunt,

390 1751 688 1788 confideremus.

446 1813 600 1850 Primus
632 1812 740 1849 locus
772 1811 937 1849 sumitur
962 1812 1009 1850 ab
1028 1813 1265 1857 auctoritate,
1297 1827 1389 1850 cum
1416 1825 1791 1858 commemoramus,

389 1889 541 1931 quantae
572 1893 671 1916 curae
703 1893 758 1916 res
779 1892 820 1916 ea
851 1878 968 1917 fuerit
999 1880 1085 1917 Diis
1108 1881 1410 1924 immortalibus,
1443 1890 1508 1918 aut
1529 1881 1596 1925 eis,
1626 1895 1796 1933 quorum

389 1945 591 1983 auctoritas
611 1945 825 1997 graviffima
841 1945 976 1983 debeat
995 1946 1079 1984 effe.
1123 1947 1205 1999 Qi
1226 1947 1334 1984 locus
1356 1947 1528 1984 sumetur
1547 1961 1594 1985 ex
1612 1947 1790 1993 sortibus,

389 2025 435 2050 ex
449 2012 626 2056 oraculis,
641 2012 805 2057 vatibus,
823 2012 993 2057 ostentis,
1011 2013 1210 2066 prodigiis,
1229 2013 1424 2066 responfi5‚
1443 2014 1632 2051 similibus
1651 2014 1761 2051 rebus
1779 2029 1788 2051 ε

389 2079 483 2116 item
505 2092 551 2116 ex
579 2079 789 2131 majoribus
813 2079 962 2124 nostris,
985 2080 1153 2132 regibus,
1180 2080 1416 2123 civitatibus,
1438 2080 1635 2131 gentibus,
1658 2079 1791 2118 homi-

389 2145 503 2184 nibus
524 2145 818 2198 sapientiffimis,
842 2146 985 2190 senatu,
1008 2146 1167 2199 populo,
1190 2146 1323 2198 legum
1344 2145 1607 2198 scriptoribus
1642 2148 1790 2185 Secun-

389 2212 460 2250 dus
481 2212 588 2250 locus
609 2212 674 2257 est„
706 2226 771 2265 per
791 2226 923 2265 quem,
955 2213 1022 2250 illa
1042 2227 1098 2250 res
1119 2212 1165 2250 ad
1186 2226 1282 2265 quos
1304 2213 1505 2266 pertineat,
1536 2227 1629 2251 cum
1650 2214 1792 2266 ampli-

389 2278 567 2317 ficatione
605 2293 669 2331 per
700 2280 1009 2332 indignationem
1043 2279 1283 2318 ostenditur:
1329 2294 1374 2318 an
1406 2280 1452 2318 ad
1486 2294 1638 2325 omneS,
1669 2294 1715 2318 an
1747 2281 1793 2319 ad

388 2346 575 2397 majorem
596 2355 759 2399 partem,
782 2346 886 2398 quod
906 2346 1184 2384 atrociffimum
1205 2346 1257 2384 est
1270 2365 1281 2391 5
1314 2360 1359 2384 an
1381 2347 1426 2384 ad
1447 2346 1672 2400 superiores,
1695 2361 1791 2400 qua-

389 2411 551 2450 les-sunt
572 2412 598 2449 ii
620 2426 789 2465 quorum
809 2426 856 2450 ex
876 2414 1098 2451 auctoritate
1112 2414 1327 2466 indignatio
1340 2413 1518 2459 sumitur,
1537 2415 1641 2467 quod
1662 2414 1792 2468 indig-

391 2478 591 2517 niffimum
626 2479 678 2517 est
694 2497 705 2524 5
751 2493 796 2517 an
832 2479 878 2517 ad
913 2493 1019 2532 pares
1060 2481 1206 2525 animo,
1251 2479 1419 2526 fortuna,
1461 2494 1635 2534 corpore,
1688 2482 1794 2534 quod

389 2544 672 2597 iniquiffimum
689 2544 741 2583 est
756 2564 768 2590 5
790 2559 837 2583 an
854 2545 900 2583 ad
920 2544 1133 2592 inferiores,
1151 2547 1255 2599 quod
1273 2546 1582 2600 superbiffimum
1599 2547 1665 2585 est.
1689 2548 1790 2585 Ter-

392 2611 467 2650 tius
489 2610 597 2650 locus
617 2611 684 2659 est,
719 2625 787 2666 per
815 2626 935 2665 quem
955 2614 1179 2666 quaerimus,
1209 2614 1398 2668 quidnam
1418 2613 1464 2653 fit
1489 2623 1733 2659 eventurum,
1766 2613 1792 2651 fi
