<?xml version="1.0" encoding="UTF-8"?>
<!DOCTYPE html PUBLIC "-//W3C//DTD XHTML 1.0 Transitional//EN"
    "http://www.w3.org/TR/xhtml1/DTD/xhtml1-transitional.dtd">
<html xmlns="http://www.w3.org/1999/xhtml" xml:lang="en" lang="en">
 <head>
  <title>
</title>
<meta http-equiv="Content-Type" content="text/html;charset=utf-8" />
  <meta name='ocr-system' content='tesseract 3.04.00' />
  <meta name='ocr-capabilities' content='ocr_page ocr_carea ocr_par ocr_line ocrx_word'/>
</head>
<body>
  <div class='ocr_page' id='page_1' title='image "./operacumindicibu01ciceuoft_0527.png"; bbox 0 0 2176 2912; ppageno 0'>
   <div class='ocr_carea' id='block_1_1' title="bbox 722 189 1753 243">
    <p class='ocr_par' dir='ltr' id='par_1_1' title="bbox 722 189 1753 243">
     <span class='ocr_line' id='line_1_1' title="bbox 722 189 1753 243; baseline -0.002 -12"><span class='ocrx_word' id='word_1_1' title='bbox 722 189 1383 231; x_wconf 84' lang='lat' dir='ltr'><strong>PARTITIONES.</strong></span> <span class='ocrx_word' id='word_1_2' title='bbox 1679 204 1753 243; x_wconf 79' lang='lat'><strong>515</strong></span> 
     </span>
    </p>
   </div>
   <div class='ocr_carea' id='block_1_2' title="bbox 340 281 1766 2642">
    <p class='ocr_par' dir='ltr' id='par_1_2' title="bbox 340 281 1753 405">
     <span class='ocr_line' id='line_1_2' title="bbox 347 281 1753 325; baseline -0.005 0"><span class='ocrx_word' id='word_1_3' title='bbox 347 287 460 325; x_wconf 85' lang='lat' dir='ltr'><strong>tertio</strong></span> <span class='ocrx_word' id='word_1_4' title='bbox 482 286 588 324; x_wconf 78' lang='lat' dir='ltr'><strong>ratio.</strong></span> <span class='ocrx_word' id='word_1_5' title='bbox 652 285 823 322; x_wconf 47' lang='lat' dir='ltr'><strong>Fusus.</strong></span> <span class='ocrx_word' id='word_1_6' title='bbox 857 285 991 321; x_wconf 88' lang='lat' dir='ltr'><strong>Teneo</strong></span> <span class='ocrx_word' id='word_1_7' title='bbox 1012 282 1120 319; x_wconf 91' lang='lat' dir='ltr'><strong>istam</strong></span> <span class='ocrx_word' id='word_1_8' title='bbox 1139 281 1463 320; x_wconf 84' lang='lat' dir='ltr'><strong>distributionem.</strong></span> <span class='ocrx_word' id='word_1_9' title='bbox 1516 281 1636 319; x_wconf 73' lang='lat' dir='ltr'><strong>Nunc</strong></span> <span class='ocrx_word' id='word_1_10' title='bbox 1658 294 1753 319; x_wconf 83' lang='lat' dir='ltr'><strong>con-</strong></span> 
     </span>
     <span class='ocr_line' id='line_1_3' title="bbox 340 351 784 405; baseline -0.011 -15"><span class='ocrx_word' id='word_1_11' title='bbox 340 353 497 405; x_wconf 71' lang='lat' dir='ltr'><strong>jee&#39;turae</strong></span> <span class='ocrx_word' id='word_1_12' title='bbox 517 351 621 388; x_wconf 81' lang='lat' dir='ltr'><strong>locos</strong></span> <span class='ocrx_word' id='word_1_13' title='bbox 643 363 784 401; x_wconf 63' lang='lat' dir='ltr'><strong>quaero.</strong></span> 
     </span>
    </p>

    <p class='ocr_par' dir='ltr' id='par_1_3' title="bbox 345 412 1763 1733">
     <span class='ocr_line' id='line_1_4' title="bbox 402 412 1756 466; baseline -0.004 -11"><span class='ocrx_word' id='word_1_14' title='bbox 402 419 452 455; x_wconf 93' lang='lat' dir='ltr'><strong>X.</strong></span> <span class='ocrx_word' id='word_1_15' title='bbox 487 418 663 455; x_wconf 75' lang='lat' dir='ltr'><strong>PATER.</strong></span> <span class='ocrx_word' id='word_1_16' title='bbox 689 416 733 453; x_wconf 85' lang='lat' dir='ltr'><strong>In</strong></span> <span class='ocrx_word' id='word_1_17' title='bbox 755 415 1037 458; x_wconf 78' lang='lat' dir='ltr'><strong>verisimilibus,</strong></span> <span class='ocrx_word' id='word_1_18' title='bbox 1060 424 1096 451; x_wconf 91' lang='lat' dir='ltr'><strong>et</strong></span> <span class='ocrx_word' id='word_1_19' title='bbox 1117 414 1156 450; x_wconf 90' lang='lat' dir='ltr'><strong>in</strong></span> <span class='ocrx_word' id='word_1_20' title='bbox 1177 413 1340 466; x_wconf 85' lang='lat' dir='ltr'><strong>propriis</strong></span> <span class='ocrx_word' id='word_1_21' title='bbox 1362 427 1490 451; x_wconf 84' lang='lat' dir='ltr'><strong>rerum</strong></span> <span class='ocrx_word' id='word_1_22' title='bbox 1514 413 1612 450; x_wconf 79' lang='lat' dir='ltr'><strong>notis</strong></span> <span class='ocrx_word' id='word_1_23' title='bbox 1638 412 1756 465; x_wconf 73' lang='lat' dir='ltr'><strong>poiita</strong></span> 
     </span>
     <span class='ocr_line' id='line_1_5' title="bbox 345 478 1753 534; baseline -0.005 -12"><span class='ocrx_word' id='word_1_24' title='bbox 345 484 399 522; x_wconf 88' lang='lat' dir='ltr'><strong>est</strong></span> <span class='ocrx_word' id='word_1_25' title='bbox 419 492 510 521; x_wconf 90' lang='lat' dir='ltr'><strong>tota.</strong></span> <span class='ocrx_word' id='word_1_26' title='bbox 544 482 616 520; x_wconf 84' lang='lat' dir='ltr'><strong>Sed</strong></span> <span class='ocrx_word' id='word_1_27' title='bbox 632 480 869 534; x_wconf 78' lang='lat' dir='ltr'><strong>appellemus</strong></span> <span class='ocrx_word' id='word_1_28' title='bbox 891 480 1053 518; x_wconf 82' lang='lat' dir='ltr'><strong>docendi</strong></span> <span class='ocrx_word' id='word_1_29' title='bbox 1073 479 1194 532; x_wconf 86' lang='lat' dir='ltr'><strong>gratia</strong></span> <span class='ocrx_word' id='word_1_30' title='bbox 1210 478 1426 523; x_wconf 78' lang='lat' dir='ltr'><strong>verisimile,</strong></span> <span class='ocrx_word' id='word_1_31' title='bbox 1450 479 1553 530; x_wconf 87' lang='lat' dir='ltr'><strong>quod</strong></span> <span class='ocrx_word' id='word_1_32' title='bbox 1580 479 1753 530; x_wconf 82' lang='lat' dir='ltr'><strong>plerum—</strong></span> 
     </span>
     <span class='ocr_line' id='line_1_6' title="bbox 347 544 1753 602; baseline -0.005 -15"><span class='ocrx_word' id='word_1_33' title='bbox 347 563 422 602; x_wconf 92' lang='lat' dir='ltr'><strong>que</strong></span> <span class='ocrx_word' id='word_1_34' title='bbox 454 550 506 587; x_wconf 85' lang='lat' dir='ltr'><strong>ita</strong></span> <span class='ocrx_word' id='word_1_35' title='bbox 538 548 627 592; x_wconf 71' lang='lat' dir='ltr'><strong>fiat,</strong></span> <span class='ocrx_word' id='word_1_36' title='bbox 660 557 717 592; x_wconf 91' lang='lat' dir='ltr'><strong>ut,</strong></span> <span class='ocrx_word' id='word_1_37' title='bbox 750 547 1043 586; x_wconf 79' lang='lat' dir='ltr'><strong>adolescentiam</strong></span> <span class='ocrx_word' id='word_1_38' title='bbox 1074 545 1345 599; x_wconf 82' lang='lat' dir='ltr'><strong>procliviorem</strong></span> <span class='ocrx_word' id='word_1_39' title='bbox 1365 544 1435 582; x_wconf 82' lang='lat' dir='ltr'><strong>effe</strong></span> <span class='ocrx_word' id='word_1_40' title='bbox 1461 545 1507 581; x_wconf 89' lang='lat' dir='ltr'><strong>ad</strong></span> <span class='ocrx_word' id='word_1_41' title='bbox 1534 544 1753 581; x_wconf 77' lang='lat' dir='ltr'><strong>libidinem.</strong></span> 
     </span>
     <span class='ocr_line' id='line_1_7' title="bbox 348 609 1755 669; baseline -0.006 -15"><span class='ocrx_word' id='word_1_42' title='bbox 348 616 515 669; x_wconf 85' lang='lat' dir='ltr'><strong>Propriae</strong></span> <span class='ocrx_word' id='word_1_43' title='bbox 550 624 680 653; x_wconf 88' lang='lat' dir='ltr'><strong>autem</strong></span> <span class='ocrx_word' id='word_1_44' title='bbox 712 624 811 653; x_wconf 82' lang='lat' dir='ltr'><strong>notae</strong></span> <span class='ocrx_word' id='word_1_45' title='bbox 845 623 1133 666; x_wconf 85' lang='lat' dir='ltr'><strong>argumentum,</strong></span> <span class='ocrx_word' id='word_1_46' title='bbox 1179 612 1285 665; x_wconf 89' lang='lat' dir='ltr'><strong>quod</strong></span> <span class='ocrx_word' id='word_1_47' title='bbox 1319 624 1520 663; x_wconf 87' lang='lat' dir='ltr'><strong>nunquam</strong></span> <span class='ocrx_word' id='word_1_48' title='bbox 1554 610 1661 647; x_wconf 81' lang='lat' dir='ltr'><strong>aliter</strong></span> <span class='ocrx_word' id='word_1_49' title='bbox 1698 609 1755 654; x_wconf 77' lang='lat' dir='ltr'><strong>sit,</strong></span> 
     </span>
     <span class='ocr_line' id='line_1_8' title="bbox 348 677 1757 735; baseline -0.006 -14"><span class='ocrx_word' id='word_1_50' title='bbox 348 692 576 735; x_wconf 90' lang='lat' dir='ltr'><strong>certumque</strong></span> <span class='ocrx_word' id='word_1_51' title='bbox 597 682 776 726; x_wconf 85' lang='lat' dir='ltr'><strong>declarat,</strong></span> <span class='ocrx_word' id='word_1_52' title='bbox 799 691 840 719; x_wconf 88' lang='lat' dir='ltr'><strong>ut</strong></span> <span class='ocrx_word' id='word_1_53' title='bbox 860 680 993 719; x_wconf 78' lang='lat' dir='ltr'><strong>fumus</strong></span> <span class='ocrx_word' id='word_1_54' title='bbox 1014 681 1160 733; x_wconf 86' lang='lat' dir='ltr'><strong>ignem.</strong></span> <span class='ocrx_word' id='word_1_55' title='bbox 1199 679 1432 717; x_wconf 86' lang='lat' dir='ltr'><strong>Verifimilia</strong></span> <span class='ocrx_word' id='word_1_56' title='bbox 1451 677 1691 730; x_wconf 86' lang='lat' dir='ltr'><strong>reperiuntur</strong></span> <span class='ocrx_word' id='word_1_57' title='bbox 1711 690 1757 713; x_wconf 80' lang='lat' dir='ltr'><strong>ex</strong></span> 
     </span>
     <span class='ocr_line' id='line_1_9' title="bbox 349 743 1757 803; baseline -0.006 -15"><span class='ocrx_word' id='word_1_58' title='bbox 349 751 537 803; x_wconf 81' lang='lat' dir='ltr'><strong>partibus,</strong></span> <span class='ocrx_word' id='word_1_59' title='bbox 559 758 598 787; x_wconf 91' lang='lat' dir='ltr'><strong>et</strong></span> <span class='ocrx_word' id='word_1_60' title='bbox 617 750 720 802; x_wconf 75' lang='lat' dir='ltr'><strong>quali</strong></span> <span class='ocrx_word' id='word_1_61' title='bbox 750 748 936 787; x_wconf 83' lang='lat' dir='ltr'><strong>membris</strong></span> <span class='ocrx_word' id='word_1_62' title='bbox 958 747 1197 786; x_wconf 74' lang='lat' dir='ltr'><strong>narrationis,</strong></span> <span class='ocrx_word' id='word_1_63' title='bbox 1257 747 1315 785; x_wconf 87' lang='lat' dir='ltr'><strong>Ea</strong></span> <span class='ocrx_word' id='word_1_64' title='bbox 1333 746 1420 784; x_wconf 87' lang='lat' dir='ltr'><strong>sunt</strong></span> <span class='ocrx_word' id='word_1_65' title='bbox 1441 745 1480 783; x_wconf 90' lang='lat' dir='ltr'><strong>in</strong></span> <span class='ocrx_word' id='word_1_66' title='bbox 1504 744 1687 797; x_wconf 84' lang='lat' dir='ltr'><strong>personis,</strong></span> <span class='ocrx_word' id='word_1_67' title='bbox 1716 743 1757 781; x_wconf 86' lang='lat' dir='ltr'><strong>in</strong></span> 
     </span>
     <span class='ocr_line' id='line_1_10' title="bbox 349 809 1756 868; baseline -0.006 -14"><span class='ocrx_word' id='word_1_68' title='bbox 349 816 460 861; x_wconf 87' lang='lat' dir='ltr'><strong>locis,</strong></span> <span class='ocrx_word' id='word_1_69' title='bbox 495 817 537 854; x_wconf 90' lang='lat' dir='ltr'><strong>in</strong></span> <span class='ocrx_word' id='word_1_70' title='bbox 571 815 826 868; x_wconf 85' lang='lat' dir='ltr'><strong>temporibus,</strong></span> <span class='ocrx_word' id='word_1_71' title='bbox 862 815 902 852; x_wconf 88' lang='lat' dir='ltr'><strong>in</strong></span> <span class='ocrx_word' id='word_1_72' title='bbox 934 813 1057 859; x_wconf 61' lang='lat' dir='ltr'><strong>faetis,</strong></span> <span class='ocrx_word' id='word_1_73' title='bbox 1086 815 1126 852; x_wconf 87' lang='lat' dir='ltr'><strong>in</strong></span> <span class='ocrx_word' id='word_1_74' title='bbox 1157 813 1318 857; x_wconf 89' lang='lat' dir='ltr'><strong>eventis,</strong></span> <span class='ocrx_word' id='word_1_75' title='bbox 1350 812 1391 850; x_wconf 90' lang='lat' dir='ltr'><strong>in</strong></span> <span class='ocrx_word' id='word_1_76' title='bbox 1428 825 1553 849; x_wconf 88' lang='lat' dir='ltr'><strong>rerum</strong></span> <span class='ocrx_word' id='word_1_77' title='bbox 1589 809 1756 863; x_wconf 82' lang='lat' dir='ltr'><strong>ipsarum</strong></span> 
     </span>
     <span class='ocr_line' id='line_1_11' title="bbox 349 875 1754 934; baseline -0.005 -14"><span class='ocrx_word' id='word_1_78' title='bbox 349 882 674 934; x_wconf 84' lang='lat' dir='ltr'><strong>negotiorumque</strong></span> <span class='ocrx_word' id='word_1_79' title='bbox 694 881 852 919; x_wconf 89' lang='lat' dir='ltr'><strong>naturis.</strong></span> <span class='ocrx_word' id='word_1_80' title='bbox 912 881 959 919; x_wconf 89' lang='lat' dir='ltr'><strong>In</strong></span> <span class='ocrx_word' id='word_1_81' title='bbox 979 879 1146 933; x_wconf 89' lang='lat' dir='ltr'><strong>personis</strong></span> <span class='ocrx_word' id='word_1_82' title='bbox 1168 887 1310 917; x_wconf 84' lang='lat' dir='ltr'><strong>naturae</strong></span> <span class='ocrx_word' id='word_1_83' title='bbox 1331 875 1505 931; x_wconf 78' lang='lat' dir='ltr'><strong>primum</strong></span> <span class='ocrx_word' id='word_1_84' title='bbox 1528 877 1754 929; x_wconf 67' lang='lat' dir='ltr'><strong>speetantur,</strong></span> 
     </span>
     <span class='ocr_line' id='line_1_12' title="bbox 349 943 1757 999; baseline -0.004 -13"><span class='ocrx_word' id='word_1_85' title='bbox 349 948 594 993; x_wconf 86' lang='lat' dir='ltr'><strong>valetudinis,</strong></span> <span class='ocrx_word' id='word_1_86' title='bbox 631 946 777 999; x_wconf 77' lang='lat' dir='ltr'><strong>figurae,</strong></span> <span class='ocrx_word' id='word_1_87' title='bbox 809 947 966 992; x_wconf 88' lang='lat' dir='ltr'><strong>virium,</strong></span> <span class='ocrx_word' id='word_1_88' title='bbox 1004 946 1137 991; x_wconf 81' lang='lat' dir='ltr'><strong>aetatis,</strong></span> <span class='ocrx_word' id='word_1_89' title='bbox 1174 946 1357 989; x_wconf 81' lang='lat' dir='ltr'><strong>marium,</strong></span> <span class='ocrx_word' id='word_1_90' title='bbox 1387 943 1664 987; x_wconf 66' lang='lat' dir='ltr'><strong>foeminarum,</strong></span> <span class='ocrx_word' id='word_1_91' title='bbox 1697 952 1757 980; x_wconf 82' lang='lat' dir='ltr'><strong>at·-</strong></span> 
     </span>
     <span class='ocr_line' id='line_1_13' title="bbox 348 1009 1758 1069; baseline -0.006 -16"><span class='ocrx_word' id='word_1_92' title='bbox 348 1029 426 1069; x_wconf 89' lang='lat' dir='ltr'><strong>que</strong></span> <span class='ocrx_word' id='word_1_93' title='bbox 445 1013 527 1053; x_wconf 89' lang='lat' dir='ltr'><strong>haec</strong></span> <span class='ocrx_word' id='word_1_94' title='bbox 547 1013 708 1067; x_wconf 88' lang='lat' dir='ltr'><strong>quidem</strong></span> <span class='ocrx_word' id='word_1_95' title='bbox 728 1014 768 1052; x_wconf 89' lang='lat' dir='ltr'><strong>in</strong></span> <span class='ocrx_word' id='word_1_96' title='bbox 789 1027 963 1066; x_wconf 86' lang='lat' dir='ltr'><strong>corpore.</strong></span> <span class='ocrx_word' id='word_1_97' title='bbox 1006 1013 1146 1051; x_wconf 87' lang='lat' dir='ltr'><strong>Animi</strong></span> <span class='ocrx_word' id='word_1_98' title='bbox 1165 1021 1309 1056; x_wconf 87' lang='lat' dir='ltr'><strong>autem,</strong></span> <span class='ocrx_word' id='word_1_99' title='bbox 1339 1019 1405 1048; x_wconf 84' lang='lat' dir='ltr'><strong>aut</strong></span> <span class='ocrx_word' id='word_1_100' title='bbox 1425 1009 1758 1062; x_wconf 85' lang='lat' dir='ltr'><strong>quemadmodum</strong></span> 
     </span>
     <span class='ocr_line' id='line_1_14' title="bbox 351 1075 1757 1128; baseline -0.006 -9"><span class='ocrx_word' id='word_1_101' title='bbox 351 1081 478 1120; x_wconf 64' lang='lat' dir='ltr'><strong>affecti</strong></span> <span class='ocrx_word' id='word_1_102' title='bbox 498 1080 598 1125; x_wconf 91' lang='lat' dir='ltr'><strong>sunt,</strong></span> <span class='ocrx_word' id='word_1_103' title='bbox 628 1080 852 1124; x_wconf 87' lang='lat' dir='ltr'><strong>virtutibus,</strong></span> <span class='ocrx_word' id='word_1_104' title='bbox 874 1080 992 1123; x_wconf 87' lang='lat' dir='ltr'><strong>vitiis,</strong></span> <span class='ocrx_word' id='word_1_105' title='bbox 1014 1079 1174 1123; x_wconf 86' lang='lat' dir='ltr'><strong>artibus,</strong></span> <span class='ocrx_word' id='word_1_106' title='bbox 1205 1077 1352 1116; x_wconf 88' lang='lat' dir='ltr'><strong>inertiis</strong></span> <span class='ocrx_word' id='word_1_107' title='bbox 1369 1095 1382 1122; x_wconf 73' lang='lat'>5</span> <span class='ocrx_word' id='word_1_108' title='bbox 1414 1085 1480 1114; x_wconf 86' lang='lat' dir='ltr'><strong>aut</strong></span> <span class='ocrx_word' id='word_1_109' title='bbox 1499 1075 1757 1128; x_wconf 83' lang='lat' dir='ltr'><strong>quemadmo-</strong></span> 
     </span>
     <span class='ocr_line' id='line_1_15' title="bbox 352 1142 1760 1198; baseline -0.005 -13"><span class='ocrx_word' id='word_1_110' title='bbox 352 1148 448 1186; x_wconf 88' lang='lat' dir='ltr'><strong>dum</strong></span> <span class='ocrx_word' id='word_1_111' title='bbox 483 1146 689 1190; x_wconf 85' lang='lat' dir='ltr'><strong>commoti,</strong></span> <span class='ocrx_word' id='word_1_112' title='bbox 733 1145 960 1198; x_wconf 82' lang='lat' dir='ltr'><strong>cupiditate,</strong></span> <span class='ocrx_word' id='word_1_113' title='bbox 993 1154 1115 1190; x_wconf 91' lang='lat' dir='ltr'><strong>metu,</strong></span> <span class='ocrx_word' id='word_1_114' title='bbox 1142 1144 1353 1197; x_wconf 86' lang='lat' dir='ltr'><strong>voluptate,</strong></span> <span class='ocrx_word' id='word_1_115' title='bbox 1383 1142 1568 1181; x_wconf 86' lang='lat' dir='ltr'><strong>molestia.</strong></span> <span class='ocrx_word' id='word_1_116' title='bbox 1628 1143 1760 1193; x_wconf 88' lang='lat' dir='ltr'><strong>Atque</strong></span> 
     </span>
     <span class='ocr_line' id='line_1_16' title="bbox 351 1207 1759 1266; baseline -0.005 -14"><span class='ocrx_word' id='word_1_117' title='bbox 351 1213 434 1252; x_wconf 83' lang='lat' dir='ltr'><strong>haec</strong></span> <span class='ocrx_word' id='word_1_118' title='bbox 454 1213 615 1266; x_wconf 88' lang='lat' dir='ltr'><strong>quidem</strong></span> <span class='ocrx_word' id='word_1_119' title='bbox 635 1212 676 1250; x_wconf 89' lang='lat' dir='ltr'><strong>in</strong></span> <span class='ocrx_word' id='word_1_120' title='bbox 706 1220 838 1250; x_wconf 84' lang='lat' dir='ltr'><strong>natura</strong></span> <span class='ocrx_word' id='word_1_121' title='bbox 858 1211 1086 1265; x_wconf 57' lang='lat' dir='ltr'><strong>spectantur.</strong></span> <span class='ocrx_word' id='word_1_122' title='bbox 1146 1212 1191 1250; x_wconf 87' lang='lat' dir='ltr'><strong>In</strong></span> <span class='ocrx_word' id='word_1_123' title='bbox 1212 1209 1379 1255; x_wconf 87' lang='lat' dir='ltr'><strong>fortuna,</strong></span> <span class='ocrx_word' id='word_1_124' title='bbox 1399 1222 1536 1262; x_wconf 85' lang='lat' dir='ltr'><strong>genus,</strong></span> <span class='ocrx_word' id='word_1_125' title='bbox 1564 1207 1759 1252; x_wconf 82' lang='lat' dir='ltr'><strong>amicitiae,</strong></span> 
     </span>
     <span class='ocr_line' id='line_1_17' title="bbox 352 1274 1758 1334; baseline -0.006 -14"><span class='ocrx_word' id='word_1_126' title='bbox 352 1281 478 1326; x_wconf 90' lang='lat' dir='ltr'><strong>liberi,</strong></span> <span class='ocrx_word' id='word_1_127' title='bbox 522 1279 745 1334; x_wconf 89' lang='lat' dir='ltr'><strong>propinqui,</strong></span> <span class='ocrx_word' id='word_1_128' title='bbox 788 1279 931 1324; x_wconf 80' lang='lat' dir='ltr'><strong>affineS,</strong></span> <span class='ocrx_word' id='word_1_129' title='bbox 974 1292 1079 1332; x_wconf 85' lang='lat' dir='ltr'><strong>opes,</strong></span> <span class='ocrx_word' id='word_1_130' title='bbox 1125 1276 1303 1323; x_wconf 87' lang='lat' dir='ltr'><strong>honores,</strong></span> <span class='ocrx_word' id='word_1_131' title='bbox 1344 1276 1562 1330; x_wconf 88' lang='lat' dir='ltr'><strong>potestates,</strong></span> <span class='ocrx_word' id='word_1_132' title='bbox 1602 1274 1758 1319; x_wconf 82' lang='lat' dir='ltr'><strong>divitiae,</strong></span> 
     </span>
     <span class='ocr_line' id='line_1_18' title="bbox 352 1342 1759 1399; baseline -0.006 -13"><span class='ocrx_word' id='word_1_133' title='bbox 352 1348 522 1393; x_wconf 85' lang='lat' dir='ltr'><strong>libertas,</strong></span> <span class='ocrx_word' id='word_1_134' title='bbox 544 1356 582 1385; x_wconf 93' lang='lat' dir='ltr'><strong>et</strong></span> <span class='ocrx_word' id='word_1_135' title='bbox 601 1360 657 1391; x_wconf 84' lang='lat' dir='ltr'><strong>ea,</strong></span> <span class='ocrx_word' id='word_1_136' title='bbox 685 1360 770 1399; x_wconf 84' lang='lat' dir='ltr'><strong>quae</strong></span> <span class='ocrx_word' id='word_1_137' title='bbox 790 1345 877 1384; x_wconf 90' lang='lat' dir='ltr'><strong>sunt</strong></span> <span class='ocrx_word' id='word_1_138' title='bbox 896 1346 942 1384; x_wconf 89' lang='lat' dir='ltr'><strong>iis</strong></span> <span class='ocrx_word' id='word_1_139' title='bbox 963 1345 1162 1384; x_wconf 85' lang='lat' dir='ltr'><strong>contraria.</strong></span> <span class='ocrx_word' id='word_1_140' title='bbox 1209 1345 1256 1383; x_wconf 91' lang='lat' dir='ltr'><strong>In</strong></span> <span class='ocrx_word' id='word_1_141' title='bbox 1275 1344 1371 1382; x_wconf 90' lang='lat' dir='ltr'><strong>locis</strong></span> <span class='ocrx_word' id='word_1_142' title='bbox 1391 1352 1522 1381; x_wconf 88' lang='lat' dir='ltr'><strong>autem</strong></span> <span class='ocrx_word' id='word_1_143' title='bbox 1545 1350 1584 1380; x_wconf 91' lang='lat' dir='ltr'><strong>et</strong></span> <span class='ocrx_word' id='word_1_144' title='bbox 1606 1342 1672 1379; x_wconf 87' lang='lat' dir='ltr'><strong>illa</strong></span> <span class='ocrx_word' id='word_1_145' title='bbox 1690 1353 1759 1378; x_wconf 88' lang='lat' dir='ltr'><strong>na-</strong></span> 
     </span>
     <span class='ocr_line' id='line_1_19' title="bbox 354 1407 1759 1464; baseline -0.006 -12"><span class='ocrx_word' id='word_1_146' title='bbox 354 1414 504 1459; x_wconf 83' lang='lat' dir='ltr'><strong>turalia,</strong></span> <span class='ocrx_word' id='word_1_147' title='bbox 527 1412 728 1457; x_wconf 84' lang='lat' dir='ltr'><strong>maritimi,</strong></span> <span class='ocrx_word' id='word_1_148' title='bbox 750 1426 797 1451; x_wconf 83' lang='lat' dir='ltr'><strong>an</strong></span> <span class='ocrx_word' id='word_1_149' title='bbox 822 1412 960 1450; x_wconf 90' lang='lat' dir='ltr'><strong>remoti</strong></span> <span class='ocrx_word' id='word_1_150' title='bbox 981 1425 1001 1449; x_wconf 90' lang='lat' dir='ltr'><strong>a</strong></span> <span class='ocrx_word' id='word_1_151' title='bbox 1020 1412 1117 1450; x_wconf 90' lang='lat' dir='ltr'><strong>mari</strong></span> <span class='ocrx_word' id='word_1_152' title='bbox 1132 1429 1144 1456; x_wconf 79' lang='lat'>3</span> <span class='ocrx_word' id='word_1_153' title='bbox 1178 1409 1297 1464; x_wconf 88' lang='lat' dir='ltr'><strong>plani,</strong></span> <span class='ocrx_word' id='word_1_154' title='bbox 1319 1423 1366 1448; x_wconf 90' lang='lat' dir='ltr'><strong>an</strong></span> <span class='ocrx_word' id='word_1_155' title='bbox 1387 1408 1579 1447; x_wconf 87' lang='lat' dir='ltr'><strong>montuofi</strong></span> <span class='ocrx_word' id='word_1_156' title='bbox 1595 1426 1608 1452; x_wconf 80' lang='lat'>3</span> <span class='ocrx_word' id='word_1_157' title='bbox 1634 1407 1759 1452; x_wconf 84' lang='lat' dir='ltr'><strong>laeves,</strong></span> 
     </span>
     <span class='ocr_line' id='line_1_20' title="bbox 353 1472 1763 1533; baseline -0.006 -14"><span class='ocrx_word' id='word_1_158' title='bbox 353 1494 403 1519; x_wconf 85' lang='lat' dir='ltr'><strong>an</strong></span> <span class='ocrx_word' id='word_1_159' title='bbox 435 1480 579 1533; x_wconf 80' lang='lat' dir='ltr'><strong>asperi3</strong></span> <span class='ocrx_word' id='word_1_160' title='bbox 616 1478 796 1524; x_wconf 83' lang='lat' dir='ltr'><strong>salubres,</strong></span> <span class='ocrx_word' id='word_1_161' title='bbox 827 1492 874 1517; x_wconf 89' lang='lat' dir='ltr'><strong>an</strong></span> <span class='ocrx_word' id='word_1_162' title='bbox 908 1478 1123 1532; x_wconf 84' lang='lat' dir='ltr'><strong>pestilentes</strong></span> <span class='ocrx_word' id='word_1_163' title='bbox 1140 1496 1152 1522; x_wconf 63' lang='grc' dir='ltr'><strong><em>ς</em></strong></span> <span class='ocrx_word' id='word_1_164' title='bbox 1188 1476 1313 1530; x_wconf 85' lang='lat' dir='ltr'><strong>opaci,</strong></span> <span class='ocrx_word' id='word_1_165' title='bbox 1343 1489 1391 1514; x_wconf 88' lang='lat' dir='ltr'><strong>an</strong></span> <span class='ocrx_word' id='word_1_166' title='bbox 1422 1474 1554 1528; x_wconf 86' lang='lat' dir='ltr'><strong>aprici.</strong></span> <span class='ocrx_word' id='word_1_167' title='bbox 1614 1474 1668 1512; x_wconf 87' lang='lat' dir='ltr'><strong>Et</strong></span> <span class='ocrx_word' id='word_1_168' title='bbox 1696 1472 1763 1510; x_wconf 87' lang='lat' dir='ltr'><strong>illa</strong></span> 
     </span>
     <span class='ocr_line' id='line_1_21' title="bbox 353 1539 1760 1591; baseline -0.006 -6"><span class='ocrx_word' id='word_1_169' title='bbox 353 1546 527 1591; x_wconf 84' lang='lat' dir='ltr'><strong>fortuita,</strong></span> <span class='ocrx_word' id='word_1_170' title='bbox 550 1544 662 1590; x_wconf 86' lang='lat' dir='ltr'><strong>culti,</strong></span> <span class='ocrx_word' id='word_1_171' title='bbox 698 1558 744 1582; x_wconf 85' lang='lat' dir='ltr'><strong>an</strong></span> <span class='ocrx_word' id='word_1_172' title='bbox 765 1544 932 1589; x_wconf 70' lang='lat' dir='ltr'><strong>inculti,</strong></span> <span class='ocrx_word' id='word_1_173' title='bbox 962 1544 1141 1588; x_wconf 85' lang='lat' dir='ltr'><strong>celebres,</strong></span> <span class='ocrx_word' id='word_1_174' title='bbox 1176 1556 1224 1581; x_wconf 90' lang='lat' dir='ltr'><strong>an</strong></span> <span class='ocrx_word' id='word_1_175' title='bbox 1244 1541 1406 1586; x_wconf 82' lang='lat' dir='ltr'><strong>deserti;</strong></span> <span class='ocrx_word' id='word_1_176' title='bbox 1443 1539 1682 1583; x_wconf 77' lang='lat' dir='ltr'><strong>coaedfficati‚</strong></span> <span class='ocrx_word' id='word_1_177' title='bbox 1714 1551 1760 1576; x_wconf 89' lang='lat' dir='ltr'><strong>an</strong></span> 
     </span>
     <span class='ocr_line' id='line_1_22' title="bbox 354 1605 1761 1664; baseline -0.006 -12"><span class='ocrx_word' id='word_1_178' title='bbox 354 1613 448 1652; x_wconf 87' lang='lat' dir='ltr'><strong>vasti</strong></span> <span class='ocrx_word' id='word_1_179' title='bbox 460 1631 471 1658; x_wconf 67' lang='grc' dir='ltr'><strong><em>ς</em></strong></span> <span class='ocrx_word' id='word_1_180' title='bbox 490 1611 657 1656; x_wconf 88' lang='lat' dir='ltr'><strong>obscuri,</strong></span> <span class='ocrx_word' id='word_1_181' title='bbox 679 1624 726 1649; x_wconf 87' lang='lat' dir='ltr'><strong>an</strong></span> <span class='ocrx_word' id='word_1_182' title='bbox 746 1624 875 1650; x_wconf 86' lang='lat' dir='ltr'><strong>rerum</strong></span> <span class='ocrx_word' id='word_1_183' title='bbox 895 1609 1085 1664; x_wconf 87' lang='lat' dir='ltr'><strong>gestarum</strong></span> <span class='ocrx_word' id='word_1_184' title='bbox 1105 1608 1272 1662; x_wconf 85' lang='lat' dir='ltr'><strong>vestigiis</strong></span> <span class='ocrx_word' id='word_1_185' title='bbox 1293 1606 1489 1646; x_wconf 87' lang='lat' dir='ltr'><strong>nobilitati</strong></span> <span class='ocrx_word' id='word_1_186' title='bbox 1503 1625 1517 1652; x_wconf 70' lang='lat'>5</span> <span class='ocrx_word' id='word_1_187' title='bbox 1538 1605 1761 1650; x_wconf 87' lang='lat' dir='ltr'><strong>consecrati,</strong></span> 
     </span>
     <span class='ocr_line' id='line_1_23' title="bbox 355 1678 590 1733; baseline -0.009 -14"><span class='ocrx_word' id='word_1_188' title='bbox 355 1693 404 1719; x_wconf 86' lang='lat' dir='ltr'><strong>an</strong></span> <span class='ocrx_word' id='word_1_189' title='bbox 424 1678 590 1733; x_wconf 89' lang='lat' dir='ltr'><strong>profani.</strong></span> 
     </span>
    </p>

    <p class='ocr_par' dir='ltr' id='par_1_4' title="bbox 357 1737 1766 2597">
     <span class='ocr_line' id='line_1_24' title="bbox 412 1737 1763 1796; baseline -0.005 -14"><span class='ocrx_word' id='word_1_190' title='bbox 412 1746 486 1783; x_wconf 92' lang='lat' dir='ltr'><strong>XI.</strong></span> <span class='ocrx_word' id='word_1_191' title='bbox 520 1745 565 1782; x_wconf 86' lang='lat' dir='ltr'><strong>In</strong></span> <span class='ocrx_word' id='word_1_192' title='bbox 599 1744 839 1796; x_wconf 86' lang='lat' dir='ltr'><strong>temporibus</strong></span> <span class='ocrx_word' id='word_1_193' title='bbox 868 1753 1012 1788; x_wconf 88' lang='lat' dir='ltr'><strong>autem,</strong></span> <span class='ocrx_word' id='word_1_194' title='bbox 1044 1741 1252 1795; x_wconf 83' lang='lat' dir='ltr'><strong>praesentia,</strong></span> <span class='ocrx_word' id='word_1_195' title='bbox 1287 1750 1325 1779; x_wconf 89' lang='lat' dir='ltr'><strong>et</strong></span> <span class='ocrx_word' id='word_1_196' title='bbox 1344 1740 1544 1794; x_wconf 83' lang='lat' dir='ltr'><strong>praeterita,</strong></span> <span class='ocrx_word' id='word_1_197' title='bbox 1577 1746 1615 1776; x_wconf 91' lang='lat' dir='ltr'><strong>et</strong></span> <span class='ocrx_word' id='word_1_198' title='bbox 1633 1737 1763 1776; x_wconf 87' lang='lat' dir='ltr'><strong>futura</strong></span> 
     </span>
     <span class='ocr_line' id='line_1_25' title="bbox 357 1804 1763 1862; baseline -0.005 -13"><span class='ocrx_word' id='word_1_199' title='bbox 357 1820 582 1850; x_wconf 87' lang='lat' dir='ltr'><strong>cernuntur.</strong></span> <span class='ocrx_word' id='word_1_200' title='bbox 614 1810 661 1848; x_wconf 90' lang='lat' dir='ltr'><strong>In</strong></span> <span class='ocrx_word' id='word_1_201' title='bbox 683 1808 744 1847; x_wconf 86' lang='lat' dir='ltr'><strong>his</strong></span> <span class='ocrx_word' id='word_1_202' title='bbox 763 1809 866 1862; x_wconf 76' lang='lat' dir='ltr'><strong>ipfiS,</strong></span> <span class='ocrx_word' id='word_1_203' title='bbox 882 1809 1038 1854; x_wconf 82' lang='lat' dir='ltr'><strong>vetusta,</strong></span> <span class='ocrx_word' id='word_1_204' title='bbox 1056 1808 1236 1854; x_wconf 90' lang='lat' dir='ltr'><strong>recentia,</strong></span> <span class='ocrx_word' id='word_1_205' title='bbox 1256 1807 1433 1846; x_wconf 87' lang='lat' dir='ltr'><strong>instantia</strong></span> <span class='ocrx_word' id='word_1_206' title='bbox 1449 1807 1563 1860; x_wconf 85' lang='lat' dir='ltr'><strong>paulo</strong></span> <span class='ocrx_word' id='word_1_207' title='bbox 1582 1804 1680 1858; x_wconf 77' lang='lat' dir='ltr'><strong>post,</strong></span> <span class='ocrx_word' id='word_1_208' title='bbox 1697 1812 1763 1842; x_wconf 88' lang='lat' dir='ltr'><strong>aut</strong></span> 
     </span>
     <span class='ocr_line' id='line_1_26' title="bbox 358 1874 1761 1930; baseline -0.004 -15"><span class='ocrx_word' id='word_1_209' title='bbox 358 1877 565 1930; x_wconf 79' lang='lat' dir='ltr'><strong>aliquando</strong></span> <span class='ocrx_word' id='word_1_210' title='bbox 583 1874 725 1914; x_wconf 86' lang='lat' dir='ltr'><strong>futura.</strong></span> <span class='ocrx_word' id='word_1_211' title='bbox 786 1875 922 1914; x_wconf 87' lang='lat' dir='ltr'><strong>Insunt</strong></span> <span class='ocrx_word' id='word_1_212' title='bbox 940 1876 1057 1913; x_wconf 83' lang='lat' dir='ltr'><strong>etiam</strong></span> <span class='ocrx_word' id='word_1_213' title='bbox 1078 1875 1118 1913; x_wconf 90' lang='lat' dir='ltr'><strong>in</strong></span> <span class='ocrx_word' id='word_1_214' title='bbox 1140 1874 1380 1928; x_wconf 86' lang='lat' dir='ltr'><strong>temporibus</strong></span> <span class='ocrx_word' id='word_1_215' title='bbox 1401 1874 1482 1919; x_wconf 85' lang='lat' dir='ltr'><strong>illa,</strong></span> <span class='ocrx_word' id='word_1_216' title='bbox 1502 1886 1588 1926; x_wconf 84' lang='lat' dir='ltr'><strong>quae</strong></span> <span class='ocrx_word' id='word_1_217' title='bbox 1609 1881 1761 1924; x_wconf 89' lang='lat' dir='ltr'><strong>tempo—</strong></span> 
     </span>
     <span class='ocr_line' id='line_1_27' title="bbox 357 1941 1764 1997; baseline -0.006 -14"><span class='ocrx_word' id='word_1_218' title='bbox 357 1946 408 1984; x_wconf 84' lang='lat' dir='ltr'><strong>ris</strong></span> <span class='ocrx_word' id='word_1_219' title='bbox 430 1943 532 1997; x_wconf 88' lang='lat' dir='ltr'><strong>quafi</strong></span> <span class='ocrx_word' id='word_1_220' title='bbox 553 1952 729 1982; x_wconf 83' lang='lat' dir='ltr'><strong>naturam</strong></span> <span class='ocrx_word' id='word_1_221' title='bbox 749 1951 897 1987; x_wconf 89' lang='lat' dir='ltr'><strong>notant,</strong></span> <span class='ocrx_word' id='word_1_222' title='bbox 933 1952 975 1980; x_wconf 89' lang='lat' dir='ltr'><strong>ut</strong></span> <span class='ocrx_word' id='word_1_223' title='bbox 1005 1941 1146 1986; x_wconf 87' lang='lat' dir='ltr'><strong>hiems,</strong></span> <span class='ocrx_word' id='word_1_224' title='bbox 1178 1954 1256 1986; x_wconf 85' lang='lat' dir='ltr'><strong>ver,</strong></span> <span class='ocrx_word' id='word_1_225' title='bbox 1278 1941 1393 1985; x_wconf 74' lang='lat' dir='ltr'><strong>aestaS,</strong></span> <span class='ocrx_word' id='word_1_226' title='bbox 1424 1952 1657 1983; x_wconf 72' lang='lat' dir='ltr'><strong>autumnus5</strong></span> <span class='ocrx_word' id='word_1_227' title='bbox 1698 1946 1764 1976; x_wconf 91' lang='lat' dir='ltr'><strong>aut</strong></span> 
     </span>
     <span class='ocr_line' id='line_1_28' title="bbox 359 2003 1762 2063; baseline -0.006 -14"><span class='ocrx_word' id='word_1_228' title='bbox 359 2011 450 2049; x_wconf 85' lang='lat' dir='ltr'><strong>anni</strong></span> <span class='ocrx_word' id='word_1_229' title='bbox 483 2019 671 2063; x_wconf 86' lang='lat' dir='ltr'><strong>tempora,</strong></span> <span class='ocrx_word' id='word_1_230' title='bbox 705 2018 748 2047; x_wconf 88' lang='lat' dir='ltr'><strong>ut</strong></span> <span class='ocrx_word' id='word_1_231' title='bbox 777 2009 929 2053; x_wconf 84' lang='lat' dir='ltr'><strong>menfis,</strong></span> <span class='ocrx_word' id='word_1_232' title='bbox 967 2016 1009 2046; x_wconf 87' lang='lat' dir='ltr'><strong>ut</strong></span> <span class='ocrx_word' id='word_1_233' title='bbox 1050 2008 1144 2052; x_wconf 86' lang='lat' dir='ltr'><strong>dies,</strong></span> <span class='ocrx_word' id='word_1_234' title='bbox 1181 2016 1224 2044; x_wconf 90' lang='lat' dir='ltr'><strong>ut</strong></span> <span class='ocrx_word' id='word_1_235' title='bbox 1259 2020 1349 2051; x_wconf 83' lang='lat' dir='ltr'><strong>nox,</strong></span> <span class='ocrx_word' id='word_1_236' title='bbox 1392 2004 1499 2050; x_wconf 85' lang='lat' dir='ltr'><strong>hora,</strong></span> <span class='ocrx_word' id='word_1_237' title='bbox 1547 2003 1762 2056; x_wconf 77' lang='lat' dir='ltr'><strong>tempestaS,</strong></span> 
     </span>
     <span class='ocr_line' id='line_1_29' title="bbox 360 2069 1763 2130; baseline -0.006 -15"><span class='ocrx_word' id='word_1_238' title='bbox 360 2090 445 2130; x_wconf 86' lang='lat' dir='ltr'><strong>quae</strong></span> <span class='ocrx_word' id='word_1_239' title='bbox 465 2075 551 2115; x_wconf 88' lang='lat' dir='ltr'><strong>sunt</strong></span> <span class='ocrx_word' id='word_1_240' title='bbox 572 2074 769 2114; x_wconf 83' lang='lat' dir='ltr'><strong>naturalia.</strong></span> <span class='ocrx_word' id='word_1_241' title='bbox 831 2074 1006 2113; x_wconf 89' lang='lat' dir='ltr'><strong>Fortuita</strong></span> <span class='ocrx_word' id='word_1_242' title='bbox 1025 2082 1167 2119; x_wconf 88' lang='lat' dir='ltr'><strong>autem,</strong></span> <span class='ocrx_word' id='word_1_243' title='bbox 1201 2071 1395 2116; x_wconf 82' lang='lat' dir='ltr'><strong>sacrificia,</strong></span> <span class='ocrx_word' id='word_1_244' title='bbox 1429 2070 1511 2109; x_wconf 83' lang='lat' dir='ltr'><strong>festi</strong></span> <span class='ocrx_word' id='word_1_245' title='bbox 1546 2069 1638 2114; x_wconf 82' lang='lat' dir='ltr'><strong>dies,</strong></span> <span class='ocrx_word' id='word_1_246' title='bbox 1662 2082 1763 2122; x_wconf 86' lang='lat' dir='ltr'><strong>nup-</strong></span> 
     </span>
     <span class='ocr_line' id='line_1_30' title="bbox 361 2135 1761 2195; baseline -0.006 -14"><span class='ocrx_word' id='word_1_247' title='bbox 361 2143 437 2182; x_wconf 85' lang='lat' dir='ltr'><strong>tiae.</strong></span> <span class='ocrx_word' id='word_1_248' title='bbox 496 2144 585 2195; x_wconf 90' lang='lat' dir='ltr'><strong>Jam</strong></span> <span class='ocrx_word' id='word_1_249' title='bbox 605 2141 716 2188; x_wconf 73' lang='lat' dir='ltr'><strong>faeta,</strong></span> <span class='ocrx_word' id='word_1_250' title='bbox 738 2151 776 2180; x_wconf 88' lang='lat' dir='ltr'><strong>et</strong></span> <span class='ocrx_word' id='word_1_251' title='bbox 795 2152 967 2187; x_wconf 85' lang='lat' dir='ltr'><strong>eventus,</strong></span> <span class='ocrx_word' id='word_1_252' title='bbox 1000 2149 1065 2179; x_wconf 92' lang='lat' dir='ltr'><strong>aut</strong></span> <span class='ocrx_word' id='word_1_253' title='bbox 1084 2139 1232 2179; x_wconf 78' lang='lat' dir='ltr'><strong>consilii</strong></span> <span class='ocrx_word' id='word_1_254' title='bbox 1253 2138 1352 2184; x_wconf 88' lang='lat' dir='ltr'><strong>sunt,</strong></span> <span class='ocrx_word' id='word_1_255' title='bbox 1375 2147 1440 2176; x_wconf 88' lang='lat' dir='ltr'><strong>aut</strong></span> <span class='ocrx_word' id='word_1_256' title='bbox 1466 2135 1734 2190; x_wconf 85' lang='lat' dir='ltr'><strong>imprudentiae</strong></span> <span class='ocrx_word' id='word_1_257' title='bbox 1749 2154 1761 2181; x_wconf 60' lang='grc' dir='ltr'><strong><em>ς</em></strong></span> 
     </span>
     <span class='ocr_line' id='line_1_31' title="bbox 361 2201 1762 2262; baseline -0.006 -14"><span class='ocrx_word' id='word_1_258' title='bbox 361 2222 446 2262; x_wconf 84' lang='lat' dir='ltr'><strong>quae</strong></span> <span class='ocrx_word' id='word_1_259' title='bbox 465 2208 518 2247; x_wconf 86' lang='lat' dir='ltr'><strong>est</strong></span> <span class='ocrx_word' id='word_1_260' title='bbox 551 2218 616 2247; x_wconf 83' lang='lat' dir='ltr'><strong>aut</strong></span> <span class='ocrx_word' id='word_1_261' title='bbox 635 2209 674 2248; x_wconf 88' lang='lat' dir='ltr'><strong>in</strong></span> <span class='ocrx_word' id='word_1_262' title='bbox 709 2208 808 2254; x_wconf 80' lang='lat' dir='ltr'><strong>casu,</strong></span> <span class='ocrx_word' id='word_1_263' title='bbox 839 2217 904 2247; x_wconf 87' lang='lat' dir='ltr'><strong>aut</strong></span> <span class='ocrx_word' id='word_1_264' title='bbox 935 2208 976 2246; x_wconf 87' lang='lat' dir='ltr'><strong>in</strong></span> <span class='ocrx_word' id='word_1_265' title='bbox 996 2207 1161 2261; x_wconf 88' lang='lat' dir='ltr'><strong>quadam</strong></span> <span class='ocrx_word' id='word_1_266' title='bbox 1182 2206 1302 2245; x_wconf 87' lang='lat' dir='ltr'><strong>animi</strong></span> <span class='ocrx_word' id='word_1_267' title='bbox 1334 2204 1590 2258; x_wconf 87' lang='lat' dir='ltr'><strong>permotione.</strong></span> <span class='ocrx_word' id='word_1_268' title='bbox 1651 2201 1762 2245; x_wconf 80' lang='lat' dir='ltr'><strong>Casu,</strong></span> 
     </span>
     <span class='ocr_line' id='line_1_32' title="bbox 361 2267 1763 2328; baseline -0.006 -14"><span class='ocrx_word' id='word_1_269' title='bbox 361 2288 454 2314; x_wconf 87' lang='lat' dir='ltr'><strong>cum</strong></span> <span class='ocrx_word' id='word_1_270' title='bbox 474 2275 584 2314; x_wconf 87' lang='lat' dir='ltr'><strong>aliter</strong></span> <span class='ocrx_word' id='word_1_271' title='bbox 603 2274 757 2320; x_wconf 86' lang='lat' dir='ltr'><strong>accidit,</strong></span> <span class='ocrx_word' id='word_1_272' title='bbox 793 2288 834 2314; x_wconf 82' lang='lat' dir='ltr'><strong>ac</strong></span> <span class='ocrx_word' id='word_1_273' title='bbox 855 2283 1034 2328; x_wconf 79' lang='lat' dir='ltr'><strong>putatum</strong></span> <span class='ocrx_word' id='word_1_274' title='bbox 1055 2273 1112 2312; x_wconf 78' lang='lat' dir='ltr'><strong>fit.</strong></span> <span class='ocrx_word' id='word_1_275' title='bbox 1174 2272 1432 2316; x_wconf 78' lang='lat' dir='ltr'><strong>permotione,</strong></span> <span class='ocrx_word' id='word_1_276' title='bbox 1454 2284 1546 2309; x_wconf 86' lang='lat' dir='ltr'><strong>cum</strong></span> <span class='ocrx_word' id='word_1_277' title='bbox 1566 2277 1631 2308; x_wconf 86' lang='lat' dir='ltr'><strong>aut</strong></span> <span class='ocrx_word' id='word_1_278' title='bbox 1661 2267 1763 2306; x_wconf 81' lang='lat' dir='ltr'><strong>obli-</strong></span> 
     </span>
     <span class='ocr_line' id='line_1_33' title="bbox 363 2335 1763 2392; baseline -0.007 -12"><span class='ocrx_word' id='word_1_279' title='bbox 363 2342 441 2386; x_wconf 82' lang='lat' dir='ltr'><strong>vio,</strong></span> <span class='ocrx_word' id='word_1_280' title='bbox 477 2350 544 2379; x_wconf 90' lang='lat' dir='ltr'><strong>aut</strong></span> <span class='ocrx_word' id='word_1_281' title='bbox 575 2354 689 2387; x_wconf 85' lang='lat' dir='ltr'><strong>error,</strong></span> <span class='ocrx_word' id='word_1_282' title='bbox 722 2349 787 2379; x_wconf 89' lang='lat' dir='ltr'><strong>aut</strong></span> <span class='ocrx_word' id='word_1_283' title='bbox 808 2350 949 2387; x_wconf 82' lang='lat' dir='ltr'><strong>metus,</strong></span> <span class='ocrx_word' id='word_1_284' title='bbox 980 2349 1045 2379; x_wconf 85' lang='lat' dir='ltr'><strong>aut</strong></span> <span class='ocrx_word' id='word_1_285' title='bbox 1079 2340 1206 2392; x_wconf 85' lang='lat' dir='ltr'><strong>aliqua</strong></span> <span class='ocrx_word' id='word_1_286' title='bbox 1239 2338 1460 2392; x_wconf 86' lang='lat' dir='ltr'><strong>cupiditatis</strong></span> <span class='ocrx_word' id='word_1_287' title='bbox 1482 2335 1588 2375; x_wconf 77' lang='lat' dir='ltr'><strong>causa</strong></span> <span class='ocrx_word' id='word_1_288' title='bbox 1608 2345 1763 2388; x_wconf 87' lang='lat' dir='ltr'><strong>permo-</strong></span> 
     </span>
     <span class='ocr_line' id='line_1_34' title="bbox 363 2404 1765 2461; baseline -0.007 -15"><span class='ocrx_word' id='word_1_289' title='bbox 363 2408 434 2446; x_wconf 77' lang='lat' dir='ltr'><strong>vit.</strong></span> <span class='ocrx_word' id='word_1_290' title='bbox 466 2407 533 2446; x_wconf 83' lang='lat' dir='ltr'><strong>Est</strong></span> <span class='ocrx_word' id='word_1_291' title='bbox 553 2408 668 2446; x_wconf 84' lang='lat' dir='ltr'><strong>etiam</strong></span> <span class='ocrx_word' id='word_1_292' title='bbox 690 2408 728 2446; x_wconf 89' lang='lat' dir='ltr'><strong>in</strong></span> <span class='ocrx_word' id='word_1_293' title='bbox 749 2407 1009 2461; x_wconf 88' lang='lat' dir='ltr'><strong>imprudentia</strong></span> <span class='ocrx_word' id='word_1_294' title='bbox 1034 2405 1227 2445; x_wconf 83' lang='lat' dir='ltr'><strong>neceffitas</strong></span> <span class='ocrx_word' id='word_1_295' title='bbox 1247 2405 1436 2458; x_wconf 86' lang='lat' dir='ltr'><strong>ponenda.</strong></span> <span class='ocrx_word' id='word_1_296' title='bbox 1469 2404 1615 2442; x_wconf 88' lang='lat' dir='ltr'><strong>Rerum</strong></span> <span class='ocrx_word' id='word_1_297' title='bbox 1635 2407 1765 2437; x_wconf 86' lang='lat' dir='ltr'><strong>autem</strong></span> 
     </span>
     <span class='ocr_line' id='line_1_35' title="bbox 364 2467 1766 2527; baseline -0.008 -14"><span class='ocrx_word' id='word_1_298' title='bbox 364 2475 555 2513; x_wconf 79' lang='lat' dir='ltr'><strong>bonarum</strong></span> <span class='ocrx_word' id='word_1_299' title='bbox 573 2483 612 2513; x_wconf 88' lang='lat' dir='ltr'><strong>et</strong></span> <span class='ocrx_word' id='word_1_300' title='bbox 632 2474 819 2513; x_wconf 83' lang='lat' dir='ltr'><strong>malarum</strong></span> <span class='ocrx_word' id='word_1_301' title='bbox 840 2474 911 2512; x_wconf 87' lang='lat' dir='ltr'><strong>tria</strong></span> <span class='ocrx_word' id='word_1_302' title='bbox 930 2473 1017 2512; x_wconf 87' lang='lat' dir='ltr'><strong>sunt</strong></span> <span class='ocrx_word' id='word_1_303' title='bbox 1036 2486 1186 2527; x_wconf 87' lang='lat' dir='ltr'><strong>genera.</strong></span> <span class='ocrx_word' id='word_1_304' title='bbox 1245 2472 1354 2511; x_wconf 87' lang='lat' dir='ltr'><strong>Nam</strong></span> <span class='ocrx_word' id='word_1_305' title='bbox 1373 2480 1438 2509; x_wconf 88' lang='lat' dir='ltr'><strong>aut</strong></span> <span class='ocrx_word' id='word_1_306' title='bbox 1458 2471 1497 2508; x_wconf 88' lang='lat' dir='ltr'><strong>in</strong></span> <span class='ocrx_word' id='word_1_307' title='bbox 1517 2467 1669 2510; x_wconf 79' lang='lat' dir='ltr'><strong>animis,</strong></span> <span class='ocrx_word' id='word_1_308' title='bbox 1701 2473 1766 2503; x_wconf 89' lang='lat' dir='ltr'><strong>aut</strong></span> 
     </span>
     <span class='ocr_line' id='line_1_36' title="bbox 364 2530 1766 2597; baseline -0.009 -15"><span class='ocrx_word' id='word_1_309' title='bbox 364 2539 408 2582; x_wconf 80' lang='lat' dir='ltr'><strong>in</strong></span> <span class='ocrx_word' id='word_1_310' title='bbox 428 2541 665 2595; x_wconf 76' lang='lat' dir='ltr'><strong>corporibu5‚</strong></span> <span class='ocrx_word' id='word_1_311' title='bbox 680 2550 745 2581; x_wconf 84' lang='lat' dir='ltr'><strong>aut</strong></span> <span class='ocrx_word' id='word_1_312' title='bbox 765 2550 881 2588; x_wconf 84' lang='lat' dir='ltr'><strong>extra,</strong></span> <span class='ocrx_word' id='word_1_313' title='bbox 903 2539 972 2581; x_wconf 83' lang='lat' dir='ltr'><strong>effe</strong></span> <span class='ocrx_word' id='word_1_314' title='bbox 993 2539 1158 2595; x_wconf 74' lang='lat' dir='ltr'><strong>possunt.</strong></span> <span class='ocrx_word' id='word_1_315' title='bbox 1218 2539 1350 2597; x_wconf 78' lang='lat' dir='ltr'><strong>Hujus</strong></span> <span class='ocrx_word' id='word_1_316' title='bbox 1371 2538 1488 2590; x_wconf 83' lang='lat' dir='ltr'><strong>igitur</strong></span> <span class='ocrx_word' id='word_1_317' title='bbox 1513 2532 1693 2578; x_wconf 69' lang='lat' dir='ltr'><strong>materiae,</strong></span> <span class='ocrx_word' id='word_1_318' title='bbox 1719 2530 1766 2570; x_wconf 88' lang='lat' dir='ltr'><strong>ad</strong></span> 
     </span>
    </p>

    <p class='ocr_par' dir='ltr' id='par_1_5' title="bbox 1302 2605 1465 2642">
     <span class='ocr_line' id='line_1_37' title="bbox 1302 2605 1465 2642; baseline -0.006 0"><span class='ocrx_word' id='word_1_319' title='bbox 1302 2605 1340 2642; x_wconf 91' lang='lat' dir='ltr'>T</span> <span class='ocrx_word' id='word_1_320' title='bbox 1362 2613 1378 2642; x_wconf 91' lang='lat' dir='ltr'><strong>t</strong></span> <span class='ocrx_word' id='word_1_321' title='bbox 1399 2613 1413 2641; x_wconf 92' lang='lat' dir='ltr'><strong>t</strong></span> <span class='ocrx_word' id='word_1_322' title='bbox 1444 2615 1465 2641; x_wconf 92' lang='lat'><strong>2</strong></span> 
     </span>
    </p>
   </div>
  </div>
 </body>
</html>
