2176 2912
382 257 457 307 164
732 261 846 301 DE
924 256 1426 302 ORATORE

377 348 418 386 in
450 363 602 402 agmen,
634 352 674 390 in
706 354 919 405 pulverem,
950 356 990 392 in
1021 356 1245 400 clamorem,
1276 356 1316 393 in
1350 355 1478 399 castra,
1509 363 1623 406 atque
1652 354 1775 392 aciem

378 413 581 455 forensem.
624 419 852 458 Subeundus
882 420 968 458 usus
989 422 1182 466 omnium,
1213 431 1251 459 et
1270 421 1527 473 periclitandae
1548 421 1643 458 vires
1665 420 1773 472 inge—

380 481 462 525 nii;
495 492 532 520 et
562 484 628 521 illa
659 487 938 524 commentatio
958 487 1103 524 inclusa
1132 488 1171 524 in
1193 488 1359 524 veritatis
1392 487 1520 524 lucem
1551 484 1776 538 proferenda

379 546 446 583 est.
487 548 660 600 Legendi
681 550 797 587 etiam
818 561 952 603 poetae,
970 552 1233 604 cognoscenda
1253 551 1420 595 historia,
1454 552 1634 589 omnium
1655 550 1774 588 bona-

380 625 468 650 rum
488 615 628 652 artium
658 615 855 668 scriptores
876 631 917 655 ac
938 618 1108 655 doctores
1140 627 1177 655 et
1198 618 1348 670 legendi
1369 627 1405 654 et
1427 616 1706 669 pervolutandi,
1738 624 1776 653 et

380 680 659 718 exercitationis
692 682 798 719 causa
828 683 1019 726 laudandi,
1052 684 1338 734 interpretandi,
1371 683 1600 735 corrigendi,
1622 683 1775 734 vitupe-

381 746 550 795 perandi,
586 745 783 784 refellendi
800 767 811 792 5
844 748 1193 800 disputandumque
1224 748 1269 785 de
1298 749 1407 785 omni
1439 762 1476 785 re
1512 748 1551 785 in
1571 747 1782 785 contrarias-

381 820 519 861 partes‚
551 821 602 855 et,
636 813 826 864 quidquid
860 814 931 850 erit
962 814 1001 851 in
1029 827 1181 865 quaque
1212 825 1262 858 re,
1294 813 1398 865 quod
1430 813 1627 865 probabile
1657 812 1776 850 vider-i

381 875 505 926 poffit,
537 876 770 915 eliciendum
801 887 914 929 atque
947 878 1168 916 dicendum.
1230 878 1526 916 Perdiscendum
1554 878 1617 929 jus
1647 877 1782 921 civile,

380 941 651 992 cognoscendae
671 942 787 994 leges,
818 944 1061 996 percipienda
1080 944 1208 982 omnis
1228 944 1447 995 antiquitas,
1481 943 1661 981 senatoria
1680 956 1776 980 con-

381 1005 554 1051 suetudo,
586 1007 786 1060 disciplina
820 1010 1054 1061 reipublicae,
1080 1011 1168 1061 jura
1199 1010 1403 1054 sociorum,
1444 1009 1599 1053 foedera,
1631 1010 1777 1062 pactio-

382 1085 461 1116 nes,
483 1071 591 1110 causa
610 1074 764 1126 imperii
785 1076 1045 1127 cognoscenda
1065 1076 1130 1114 est.
1177 1076 1377 1114 Libandus
1393 1075 1443 1113 est
1465 1076 1580 1113 etiam
1601 1088 1647 1112 ex
1668 1074 1778 1112 omni

381 1151 518 1189 genere
539 1139 763 1177 urbanitatis
780 1140 1004 1179 facetiarum
1026 1142 1183 1194 quidam
1205 1142 1309 1193 lepos
1326 1160 1337 1186 3
1370 1155 1462 1192 quo,
1487 1150 1669 1192 tanquam
1690 1139 1778 1183 sale,

386 1202 647 1255 perspergatur
667 1206 793 1243 omnis
814 1207 946 1244 oratio.
979 1207 1113 1244 Effudi
1135 1207 1242 1243 vobis
1263 1207 1405 1250 omnia,
1437 1219 1522 1257 quae
1542 1204 1749 1242 sentiebam
1765 1221 1780 1248 ς

382 1281 467 1319 quae
487 1268 649 1314 fortasse,
682 1285 954 1324 quemcunque
975 1271 1288 1324 patremfamilias
1319 1270 1561 1323 arripuiffetis
1582 1284 1628 1308 ex
1649 1270 1782 1321 aliquo

382 1333 544 1379 circulo,
574 1336 704 1373 eadem
726 1338 833 1375 vobis
854 1338 1166 1390 percontantibus
1187 1337 1444 1390 respondisset.

438 1401 608 1438 XXXV.
642 1402 738 1439 Haec
760 1416 851 1440 cum
874 1403 1022 1441 Craffus
1043 1403 1207 1448 dixisset,
1229 1404 1422 1441 silentium
1443 1402 1496 1440 est
1515 1402 1779 1440 consecutum.

384 1465 455 1502 Sed
476 1479 698 1518 quanquam
719 1468 804 1506 satis
824 1469 884 1513 iis,
907 1470 974 1520 qui
989 1469 1155 1514 aderant,
1171 1469 1216 1506 ad
1237 1469 1291 1513 id,
1308 1469 1413 1521 quod
1430 1478 1506 1506 erat
1526 1467 1779 1520 propositum,

384 1531 532 1568 dictum
563 1532 774 1578 videbatur,
811 1543 940 1571 tamen
974 1535 1187 1572 sentiebant
1216 1535 1376 1571 celerius
1397 1534 1467 1572 effe
1487 1534 1634 1577 multo,
1660 1546 1779 1584 quam

384 1595 452 1648 ipfi
473 1596 628 1641 vellent,
661 1598 707 1634 ab
729 1611 774 1635 eo
804 1608 1036 1650 peroratum.
1085 1601 1194 1637 Tum
1217 1599 1394 1644 Scaevola,
1424 1598 1517 1651 quid
1549 1598 1614 1642 est,
1647 1600 1778 1642 Cotta,

385 1661 527 1713 inquit,
550 1662 655 1714 quod
676 1664 834 1702 tacetis?
866 1663 1016 1702 nihilne
1035 1665 1143 1702 vobis
1164 1664 1203 1702 in
1225 1674 1397 1703 mentem
1417 1665 1535 1709 venit,
1557 1664 1661 1716 quod
1683 1678 1782 1716 prae-

386 1736 485 1764 terea
504 1741 524 1764 a
540 1728 668 1765 Craffo
688 1730 884 1781 requiratis
905 1730 919 1767 ?

441 1794 572 1830 Immo
591 1794 629 1831 id
650 1793 882 1839 mehercule,
901 1796 1042 1847 inquit,
1060 1796 1184 1848 ipsum
1203 1797 1371 1833 attendo.
1395 1796 1545 1833 Tantus
1564 1795 1669 1833 enim
1690 1808 1781 1832 cur-

387 1858 446 1896 sus
467 1860 670 1897 verborum
692 1860 780 1905 fuit,
812 1870 848 1898 et
869 1861 916 1898 fic
937 1862 1097 1899 evolavit
1127 1862 1261 1906 oratio,
1293 1871 1335 1898 ut
1365 1863 1445 1913 ejus
1474 1861 1554 1899 vim
1575 1870 1688 1912 atque
1718 1860 1779 1897 in.-

387 1925 610 1962 citationem
645 1925 882 1978 aspexerim,
913 1926 1081 1978 vestigia,
1113 1927 1396 1979 ingressumque
1426 1927 1489 1964 vix
1523 1926 1714 1964 viderim:
1745 1934 1782 1962 et

388 1986 582 2042 tanquam'
603 1992 641 2028 in
672 1992 840 2043 aliquam
873 1992 1106 2044 locupletem
1127 2006 1168 2030 ac
1200 1991 1376 2030 refertam
1411 1992 1575 2041 domum
1594 1991 1780 2035 venerim,

388 2071 464 2094 non
496 2057 684 2109 explicata
718 2057 828 2102 veste,
861 2071 985 2109 neque
1005 2058 1197 2110 propofito
1223 2067 1394 2109 argento,
1426 2069 1554 2108 neque
1572 2055 1710 2094 tabulis
1744 2064 1783 2093 et

389 2124 501 2175 signis
522 2124 717 2176 propalam
744 2125 956 2168 collocatis,
988 2124 1048 2161 sed
1080 2123 1139 2161 his
1160 2125 1342 2161 omnibus
1363 2123 1513 2167 multis,
1546 2121 1781 2174 magnificis-

388 2204 463 2241 que
484 2190 593 2226 rebus
625 2189 848 2227 constructis
869 2203 911 2227 ac
942 2190 1172 2233 reconditis;
1204 2189 1252 2226 fic
1274 2189 1391 2226 modo
1417 2189 1456 2226 in
1478 2188 1646 2225 oratione
1665 2187 1781 2225 Craffi

389 2256 553 2299 divitias,
595 2265 708 2306 atque
742 2264 965 2292 ornamenta
991 2256 1070 2306 ejus
1108 2255 1252 2306 ingenii
1286 2269 1350 2307 per
1381 2254 1555 2306 quaedam
1587 2253 1783 2290 involucra

389 2331 502 2373 atque
523 2322 787 2372 integumenta
807 2320 974 2372 perspexi
992 2338 1002 2363 3
1035 2319 1110 2363 sed,
1141 2333 1183 2356 ea
1202 2333 1292 2358 cum
1314 2318 1566 2371 contemplari
1586 2331 1781 2370 cuperem,

389 2388 453 2424 vix
495 2385 696 2438 aspiciendi
739 2384 899 2437 potestas
942 2383 1031 2421 fuit.
1092 2385 1149 2421 Ita
1190 2397 1312 2436 neque
1353 2383 1426 2421 hoc
1457 2383 1606 2436 poffum
1642 2383 1780 2427 dicere,

391 2465 452 2489 me
478 2453 640 2489 omnino
659 2451 831 2503 ignorare
862 2451 954 2503 quid
987 2450 1179 2503 possideat,
1212 2464 1335 2503 neque
1357 2450 1465 2503 plane
1500 2449 1615 2496 noffe,
1646 2462 1688 2487 ac
1722 2450 1783 2487 vi·-

390 2517 491 2555 diffe.
