2176 2912
752 192 1286 232 ORATOR.
1648 207 1729 248 437

322 302 401 341 quo
422 288 612 342 praeclare,
642 295 680 324 et
699 286 824 325 multa
844 286 1136 339 praecipiuntur,
1169 294 1208 323 et
1229 298 1286 323 res
1307 284 1360 323 est
1384 285 1608 338 cognitione
1639 287 1729 340 dig-

322 355 485 393 nisfima.
536 354 668 405 Hujus
691 353 932 405 ignoratione
952 365 1030 389 non
1056 351 1174 389 modo
1195 352 1235 389 in
1254 351 1345 396 vita,
1379 351 1440 389 sed
1461 352 1659 405 saepiffime
1690 363 1729 393 et

321 420 361 458 in
382 420 585 473 poematis,
616 428 654 456 et
685 419 725 456 in
751 419 924 456 oratione
943 426 1140 471 peccatur.
1200 417 1267 455 Est
1288 426 1432 462 autem,
1466 419 1561 470 quid
1582 419 1728 465 deceat,

320 487 461 524 oratori
480 485 707 529 videndum,
739 498 817 522 non
838 485 879 522 in
900 483 1097 522 sententiis
1120 484 1258 528 solum,
1287 483 1350 521 sed
1371 485 1488 522 etiam
1520 486 1559 522 in
1588 486 1729 525 verbis.

321 553 417 592 Non
437 553 543 590 enim
574 552 702 590 omnis
723 550 892 596 fortuna,
924 565 1002 589 non
1023 550 1151 588 omnis
1173 549 1312 595 honos,
1345 564 1422 588 non
1451 551 1577 588 omnis
1599 553 1733 590 aucto-

322 620 426 664 ritas,
459 633 536 657 non
558 619 685 657 omnis
704 627 805 662 aetas,
837 631 908 656 nec
936 631 1024 655 vero
1045 617 1168 662 locus,
1200 626 1265 655 aut
1286 626 1455 670 tempus,
1487 626 1553 655 aut
1581 617 1733 655 auditor

323 687 467 731 omnis,
499 685 636 724 eodem
667 693 733 722 aut
759 684 965 722 verborum
986 697 1124 737 genere
1145 684 1361 722 tractandus
1394 684 1460 729 est,
1492 693 1557 722 aut
1578 684 1731 722 senten-

323 754 493 790 tiarum:
525 752 751 805 semperque
786 751 826 789 in
857 751 966 789 omni
997 760 1103 804 parte
1134 750 1331 795 orationis,
1354 759 1397 788 ut
1417 751 1518 795 vitae,
1548 751 1642 803 quid
1663 751 1732 789 de-

323 827 420 864 ceat,
455 819 508 856 est
537 817 854 856 considerandum
872 836 884 862 ;
917 817 1023 869 quod
1043 826 1080 855 et
1102 818 1141 854 in
1163 830 1215 861 re,
1238 817 1283 854 de
1305 830 1379 869 qua
1399 817 1539 869 agitur,
1562 817 1731 870 positum

323 884 389 929 est,
420 894 458 922 et
479 885 517 921 in
539 884 706 936 personis
728 892 766 921 et
786 896 935 927 eorum,
959 883 1027 934 qui
1048 883 1200 927 dicunt,
1231 893 1269 920 et
1290 897 1439 927 eorum,
1463 884 1532 935 qui
1552 883 1729 922 audiunt.

324 951 461 1002 Itaque
481 949 587 988 hunc
620 950 768 994 locum,
801 949 916 1001 longe
950 958 988 986 et
1022 949 1096 986 late
1117 958 1328 1002 patentem,
1361 948 1589 1002 Philosophi
1610 949 1732 987 solent

324 1017 364 1054 in
385 1016 523 1054 officiis
547 1018 716 1061 tractare,
750 1016 847 1068 (non
876 1029 970 1054 cum
1002 1016 1047 1053 de
1079 1017 1180 1053 recto
1207 1015 1288 1068 ipso
1310 1015 1532 1068 disputant5
1566 1029 1656 1053 nam
1692 1015 1732 1053 id

325 1082 485 1134 quidem
508 1096 631 1120 unum
651 1082 721 1134 est)
754 1081 998 1134 grammatici
1019 1081 1058 1119 in
1079 1082 1217 1134 poetis,
1245 1081 1470 1133 eloquentes
1492 1082 1531 1118 in
1563 1081 1673 1119 omni
1694 1090 1732 1119 et

324 1161 463 1201 genere
485 1156 523 1185 et
542 1157 647 1201 parte
667 1148 879 1185 causarum.
930 1146 1062 1199 Qam
1084 1148 1190 1186 enim
1212 1147 1440 1185 indecorum
1461 1147 1526 1192 est,
1550 1148 1596 1185 de
1616 1147 1732 1185 stilli-

325 1214 436 1252 cidiis
458 1228 550 1252 cum
571 1214 671 1266 apud
689 1213 1001 1265 unumjudicem
1023 1214 1140 1258 dicas,
1163 1213 1404 1266 ampliffimis
1419 1214 1557 1258 verbis,
1580 1222 1617 1251 et
1637 1212 1733 1252 locis

326 1282 385 1318 uti
428 1281 733 1324 communibus3
779 1280 826 1317 de
861 1280 1052 1332 majestate
1091 1279 1228 1333 populi
1260 1280 1430 1318 Romani
1463 1279 1661 1318 summiffe
1694 1288 1733 1317 et

325 1346 544 1384 subtiliter?
578 1347 658 1385 Hic
678 1359 816 1398 genere
836 1355 933 1384 toto.

381 1414 516 1452 XXII.
549 1415 604 1451 At
637 1412 795 1466 persona
825 1413 890 1451 alii
922 1422 1099 1465 peccant,
1130 1421 1196 1450 aut
1227 1412 1305 1457 suti,
1341 1422 1407 1450 aut
1432 1412 1630 1465 judicum,
1668 1421 1734 1450 aut

326 1481 444 1518 etiam
465 1480 760 1518 adversariorum
778 1498 790 1524 ς
823 1493 894 1518 nec
913 1493 952 1517 re
972 1479 1112 1524 solum,
1136 1479 1197 1517 sed
1218 1479 1312 1532 ssepe
1332 1479 1472 1518 verbo:
1506 1479 1571 1516 etfi
1593 1479 1668 1516 fine
1695 1491 1735 1516 re

326 1547 434 1585 nulla
454 1547 509 1584 vis
530 1547 636 1584 verbi
657 1546 722 1590 est,
754 1555 885 1584 tamen
916 1546 1049 1583 eadem
1071 1559 1127 1583 res
1149 1545 1242 1599 saepe
1261 1555 1327 1583 aut
1357 1546 1553 1599 probatur,
1587 1554 1652 1583 aut
1673 1558 1733 1583 re-

320 1613 471 1665 jicitur,
494 1612 570 1650 alio
590 1622 705 1665 atque
727 1612 802 1650 alio
822 1612 919 1649 elata
938 1611 1068 1650 verbo.

382 1679 428 1716 In
449 1678 707 1730 omnibusque
728 1678 840 1715 rebus
861 1677 1072 1716 videndum
1093 1677 1158 1722 est,
1183 1686 1370 1729 quatenus
1389 1692 1398 1715 ε
1430 1677 1496 1714 etfi
1517 1677 1623 1714 enim
1645 1676 1732 1714 suus

327 1744 468 1795 cuique
489 1744 629 1781 modus
649 1744 714 1789 est,
745 1753 873 1780 tamen
894 1743 1016 1795 magis
1038 1742 1201 1781 offendit
1222 1744 1407 1787 nimium,
1440 1757 1558 1795 quam
1580 1757 1730 1796 parum.

333 1810 378 1847 In
400 1822 478 1860 quo
498 1809 682 1861 Appelles
714 1809 875 1861 pictores
900 1822 1056 1861 quoque
1083 1822 1145 1846 eos
1178 1822 1335 1861 peccare
1356 1809 1522 1852 dicebat,
1554 1809 1622 1860 qui
1656 1821 1735 1846 non

330 1875 525 1919 sentirent,
557 1875 653 1927 quid
674 1875 762 1913 effet
782 1875 881 1913 satis.
927 1876 1098 1927 Magnus
1120 1875 1208 1913 ess'et
1235 1875 1343 1913 locus
1362 1874 1443 1920 hic,
1477 1877 1607 1919 Brute,
1630 1874 1736 1927 quod

329 1951 367 1979 te
401 1955 478 1979 non
500 1940 616 1993 fugit,
648 1950 686 1979 et
720 1954 909 1993 magnum
928 1941 1113 1979 volumen
1133 1940 1238 1978 aliud
1259 1941 1454 1978 defidemt.
1517 1941 1588 1978 Sed
1609 1941 1655 1978 ad
1680 1941 1734 1985 id,

328 2007 435 2060 quod
454 2007 593 2060 agitur,
616 2007 713 2045 illud
733 2006 817 2045 satis
836 2025 848 2052 ς
881 2021 973 2045 cum
994 2005 1069 2045 hoc
1091 2007 1237 2051 decere,
1270 2007 1375 2059 quod
1396 2007 1546 2059 semper
1574 2006 1732 2059 usurpa-

329 2086 417 2111 mus
439 2073 479 2110 in
500 2073 682 2110 omnibus
704 2072 815 2110 dictis
836 2081 874 2110 et
894 2071 1018 2117 factis,
1042 2072 1232 2116 minimis,
1252 2082 1289 2110 et
1306 2072 1509 2116 maximi53
1533 2085 1625 2109 cum
1644 2071 1734 2116 hoc,

330 2139 506 2190 inquam,
535 2138 668 2176 decere
697 2138 881 2183 dicimus,
917 2138 1015 2176 illud
1035 2152 1113 2176 non
1133 2138 1279 2183 decere,
1311 2148 1350 2176 et
1375 2138 1415 2176 id
1444 2137 1734 2190 usquequaque,

331 2213 522 2256 quantum
544 2204 601 2250 fit,
633 2214 834 2257 appareat3
867 2206 907 2242 in
928 2205 1082 2257 alioque
1103 2214 1280 2257 ponatur,
1312 2204 1496 2256 aliudque
1525 2214 1654 2242 totum
1677 2204 1733 2247 fit,

333 2280 466 2307 utrum
486 2269 616 2314 decere,
647 2283 693 2307 an
724 2280 884 2323 oportere
913 2271 1030 2309 dicas.
1093 2272 1283 2324 Oportere
1303 2271 1423 2315 enim,
1456 2269 1734 2323 perfectionem

332 2335 496 2374 declarat
516 2337 650 2381 officii,
673 2351 752 2388 quo
771 2346 808 2374 et
822 2337 969 2390 semper
982 2337 1172 2375 utendum
1194 2338 1260 2382 est,
1292 2347 1330 2376 et
1350 2338 1533 2376 omnibus
1551 2352 1558 2373 :
1587 2336 1734 2379 decere,

331 2402 435 2455 quasi
456 2412 590 2454 aptum
610 2402 695 2447 effe,
729 2403 1107 2456 consentaneumque
1128 2405 1309 2456 tempori,
1343 2414 1380 2441 et
1407 2403 1596 2455 personae;
1629 2400 1734 2451 quod

331 2482 425 2507 curn
447 2469 485 2506 in
506 2468 614 2507 factis
636 2468 846 2522 saepiffime,
862 2479 947 2507 tum
971 2471 1008 2507 in
1031 2470 1141 2507 dietis
1159 2470 1272 2515 valet,
1296 2471 1333 2507 in
1357 2469 1468 2506 vultu
1492 2468 1671 2519 denique,
1695 2476 1734 2504 et

332 2534 454 2588 gestu,
473 2544 510 2574 et
530 2535 697 2583 incessu,
731 2537 939 2588 contraque
960 2536 1055 2574 item
1076 2536 1270 2575 dedecere.
1305 2535 1423 2587 Qod
1441 2534 1464 2572 sl
1487 2543 1596 2587 poeta
1616 2532 1733 2585 sugit,
