2176 2912
471 214 549 257 372
813 203 946 244 DE
1060 206 1533 246 CLARIS

524 297 607 336 Hic
638 297 809 343 Atticus,
841 299 1042 344 Dixeram,
1074 299 1216 352 inquit,
1247 313 1268 338 a
1290 300 1498 353 principio,
1530 299 1576 338 de
1604 299 1800 353 republica
1831 308 1876 339 ut

466 363 662 402 fileremus
679 383 690 410 ς
723 365 851 417 itaque
869 364 1070 404 faciamus,
1107 367 1214 405 Nam
1234 367 1260 404 fi
1280 367 1350 404 isto
1369 366 1488 405 modo
1507 366 1687 405 volumus
1709 366 1875 418 singulas

466 442 524 468 res
550 431 768 476 defiderare‚
794 446 872 470 non
893 432 1011 470 modo
1031 433 1240 485 quaerendi,
1270 433 1332 471 sed
1360 447 1407 471 ne
1436 433 1594 485 lugendi
1623 433 1799 485 quidem,
1823 431 1875 471 fi·

464 509 558 535 nem
579 497 827 551 reperiemus,

519 564 673 603 XLIII.
706 565 913 618 Pergamus
933 578 1038 617 ergo,
1069 565 1246 617 inquam,
1267 566 1312 602 ad
1332 565 1490 617 reliqua,
1507 574 1545 602 et
1564 565 1786 603 institutum
1805 578 1870 603 or·
1902 554 1905 556 ’

464 629 597 669 dInem
609 630 894 684 persequamur.
916 632 1072 669 Paratus
1089 631 1207 682 igitur
1218 631 1395 668 veniebat
1408 630 1572 674 Crassus,
1586 631 1868 682 expectabatur,

462 697 714 735 audiebatur:
747 710 767 734 a
795 696 988 749 principio
1018 695 1159 740 statim,
1193 696 1317 747 (quod
1349 705 1428 734 erat
1461 696 1564 748 apud
1598 709 1690 734 eum
1723 696 1871 749 semper

462 763 704 815 accuratum)
736 762 998 815 expectatione
1029 762 1169 814 dignus
1203 762 1431 807 videbatur;
1463 775 1541 800 non
1568 762 1692 801 multa
1711 762 1875 814 jactatio

460 830 646 883 corporis,
688 843 765 868 non
797 829 998 868 inclinatio
1031 829 1149 874 vocis,
1191 829 1298 867 nulla
1328 829 1598 875 inambulatio,
1628 843 1707 868 non
1736 828 1871 868 crebra.

459 896 652 950 supplosio
671 897 777 949 pedis
792 891 810 941 3⁴
824 895 1046 940 vehemens,
1067 905 1105 933 et
1127 896 1322 934 interdum
1342 897 1448 941 irata,
1465 905 1503 934 et
1522 896 1635 949 plena
1643 896 1737 948 justi
1753 896 1869 934 dolo—

459 963 511 1002 ris
531 963 676 1008 oratio;
709 963 856 1008 multae,
887 971 924 1000 et
955 976 1047 1000 cum
1067 962 1266 1015 gravitate,
1298 961 1445 1001 facetiae
1460 981 1472 1007 ;
1505 963 1687 1015 quodque
1706 962 1871 1001 difficile-

456 1030 525 1076 est,
556 1031 719 1069 idemet
748 1039 970 1083 perornatus
992 1039 1030 1067 et
1049 1030 1256 1082 perbrevis.
1301 1031 1389 1081 Jam
1419 1030 1463 1068 in
1479 1029 1696 1068 altercando
1716 1029 1866 1068 invenit

456 1109 589 1149 parem
619 1097 819 1135 neminem
833 1115 846 1141 ς
882 1095 1044 1134 versatus
1076 1095 1128 1133 est
1156 1095 1197 1134 in
1227 1097 1338 1133 omni
1358 1095 1436 1133 fere
1469 1109 1608 1148 genere
1637 1096 1862 1141 causarum3

455 1171 605 1201 mature
619 1162 659 1200 in
674 1162 808 1200 locum
822 1162 1047 1214 principum
1064 1169 1260 1199 oratorum
1276 1161 1396 1200 venit.
1427 1160 1633 1199 Accusavit
1648 1161 1697 1199 C.
1713 1161 1864 1199 Carbo-

454 1239 562 1274 nem,
593 1228 947 1282 eloquentiffimum
981 1226 1201 1273 hominem,
1230 1227 1444 1267 admodum
1478 1227 1692 1267 adolescens
1709 1247 1721 1274 3
1753 1227 1862 1266 sum-

453 1308 562 1334 mam
593 1296 740 1349 ingenii
769 1309 846 1333 non
881 1295 1034 1333 laudem
1067 1295 1200 1340 modo,
1230 1295 1291 1333 sed
1325 1296 1440 1334 etiam
1471 1295 1780 1340 admirationem,
1810 1295 1863 1333 est

451 1362 694 1401 consecutus.
754 1361 943 1400 Defendit
976 1361 1104 1414 postea
1125 1362 1335 1400 -Liciniam
1369 1363 1573 1415 virginem,
1614 1376 1707 1401 cum
1741 1375 1859 1400 annos

453 1442 479 1467 X
496 1443 523 1467 x
538 1443 561 1467 v
579 1443 591 1468 1
610 1443 623 1468 1
656 1438 765 1468 natus
797 1429 886 1467 efl'et
904 1444 912 1467 :
945 1430 985 1466 in
1007 1442 1050 1466 ea
1068 1428 1146 1481 ipsa
1175 1429 1284 1467 causa
1303 1429 1379 1468 fuit
1398 1429 1742 1482 eloquentiffimus,
1773 1442 1860 1467 ora·

448 1496 642 1549 tIOnisque
662 1497 742 1548 ejus
764 1496 917 1548 scriptas
938 1496 1119 1547 quasdam
1141 1505 1263 1548 partes
1285 1497 1454 1549 reliquit.
1484 1497 1622 1534 Voluit
1641 1497 1857 1535 adolescens

450 1562 489 1599 in
525 1562 676 1600 colonia
709 1562 949 1600 Narbonenfi
983 1561 1101 1598 causae
1121 1563 1316 1614 popularis
1351 1563 1498 1615 aliquid
1517 1563 1716 1615 attingere,
1748 1577 1857 1600 eam-

449 1641 525 1680 que
545 1628 741 1666 coloniam
774 1628 834 1679 (ut
854 1625 964 1678 fecit)
997 1627 1075 1678 ipse
1105 1627 1291 1665 deducere
1310 1643 1318 1666 :
1351 1637 1454 1666 extat
1485 1629 1525 1665 in
1545 1642 1629 1665 eam
1651 1628 1776 1681 legem
1797 1629 1854 1666 se-

445 1694 546 1738 nior,
596 1703 637 1731 ut
672 1694 724 1731 ita
757 1693 899 1738 dicam,
948 1706 1067 1744 quam
1101 1692 1167 1729 illa
1200 1702 1285 1730 aetas
1317 1692 1475 1738 ferebat,
1506 1695 1640 1732 oratio.
1710 1695 1854 1732 Multae

447 1759 584 1798 deinde
604 1760 722 1798 causae
734 1778 745 1804 ς
770 1759 831 1797 sed
851 1759 903 1796 ita
923 1759 1060 1796 tacitus
1082 1759 1313 1804 tribunatus,
1335 1768 1392 1804 ut,
1415 1761 1482 1798 nifi
1504 1761 1543 1797 in
1564 1774 1610 1797 eo
1630 1761 1860 1813 magistratu:

445 1825 663 1864 coenaviffet
683 1826 784 1878 apud
803 1838 1020 1878 praeconem
1040 1825 1246 1869 Granium,
1264 1825 1380 1878 idque
1401 1826 1512 1864 nobis
1535 1826 1748 1864 narravisset
1766 1828 1857 1865 Lu·-

444 1890 571 1935 cilius,
594 1891 797 1932 tribunum
814 1891 937 1943 plebis
959 1890 1188 1929 nesciremus
1210 1890 1334 1930 fuiffe.

500 1958 556 1995 Ita
576 1957 741 2009 prorius,
778 1958 906 2009 inquit
927 1959 1066 1995 Brutus
1084 1976 1096 2002 ;
1128 1957 1188 1995 sed
1211 1972 1257 1996 ne
1277 1958 1323 1996 de
1345 1959 1518 1997 Scaevolae
1539 1958 1697 2011 quidem
1721 1958 1855 1996 tribu-

444 2033 535 2061 natu
569 2024 783 2076 quidquam
804 2023 983 2061 audivisse
1014 2024 1157 2068 videor,
1189 2033 1225 2061 et
1255 2038 1344 2062 eum
1375 2025 1564 2076 collegam
1587 2024 1703 2062 Crasfi
1733 2025 1848 2062 credo

442 2088 566 2127 fuiffe.
619 2091 817 2128 Omnibus
850 2091 1010 2142 quidem
1042 2091 1139 2134 aliis,
1175 2091 1348 2142 inquam,
1380 2091 1420 2128 in
1456 2090 1753 2142 magistratibus,
1785 2091 1853 2128 sed.

440 2156 620 2194 tribunus
641 2170 739 2194 anno
760 2156 843 2209 post
870 2156 958 2200 fuit,
993 2170 1115 2208 eoque
1135 2157 1174 2193 in
1197 2156 1321 2193 rostris
1342 2156 1491 2194 sedente
1517 2156 1626 2194 suasit
1647 2157 1846 2195 Serviliam

440 2221 565 2274 legem
590 2221 752 2260 Crafi‘us.
786 2222 892 2260 Nam
914 2222 1123 2260 censuram
1152 2222 1227 2260 fine
1259 2223 1422 2260 Scaevola
1450 2222 1585 2275 gcffit:
1617 2236 1705 2260 eum
1738 2225 1844 2262 enim

439 2288 700 2341 magistratum
723 2302 838 2326 nemo
859 2302 1029 2340 unquam
1051 2289 1303 2326 Scaevolarum
1325 2289 1473 2341 petivit.
1525 2290 1595 2327 Sed
1615 2288 1697 2327 hacc
1726 2291 1843 2329 Craffi

439 2367 531 2392 cum
552 2354 651 2392 edita
671 2354 790 2391 oratio
810 2354 876 2398 cst,
913 2368 1029 2406 quam
1053 2363 1088 2391 te
1115 2353 1208 2406 saepe
1230 2354 1356 2407 legisse
1377 2365 1481 2393 certo
1501 2355 1591 2399 scio,
1614 2365 1777 2407 quatuor
1805 2365 1843 2394 et

438 2419 596 2472 triginta
613 2428 696 2457 tum
717 2418 881 2457 habebat
901 2433 1033 2464 annos,
1057 2420 1296 2472 totidemque
1312 2421 1419 2458 annis
1441 2420 1541 2459 mihi
1562 2430 1668 2458 aetate
1689 2421 1840 2474 przcsta-

437 2486 515 2523 bat.
548 2485 625 2524 His
646 2485 1006 2526 enimoeonsulibus
1027 2500 1108 2523 eam
1133 2486 1257 2538 Iegem
1280 2486 1400 2532 suafit,
1430 2487 1573 2538 quibus
1593 2488 1671 2525 nati
1692 2487 1838 2531 sumus,

435 2565 528 2590 cum
550 2552 627 2604 ipse
646 2551 734 2590 effet
756 2552 820 2604 Q
834 2552 1016 2605 Caepione
1038 2548 1205 2592 Consule
1234 2562 1343 2591 natus
1365 2563 1402 2592 et
1424 2555 1472 2593 C.
1501 2553 1636 2598 Lamo,
1674 2554 1840 2592 triennio
