2176 2912
411 184 493 222 424
853 166 1384 206 ORATOR,

467 262 587 316 Qod
619 262 644 301 si
679 261 745 300 ille
776 274 846 299 nec
880 260 929 306 se,
961 274 1031 298 nec
1067 262 1114 299 L.
1150 260 1325 299 Craffum
1352 259 1600 311 eloquentem
1639 258 1815 310 putavit3

411 329 548 368 habuit
582 328 753 382 profecto
786 326 1103 381 comprehensam
1138 329 1267 365 animo
1307 327 1499 379 quandam
1533 324 1701 363 formam
1735 325 1821 363 elo-

413 396 593 449 quentiae,
625 395 688 433 cui
722 395 906 448 quoniam
940 393 1042 433 nihil
1077 394 1214 439 deerat,
1256 407 1334 438 eos,
1380 392 1522 445 quibus
1557 392 1717 444 aliquid,
1755 400 1821 429 aut

412 462 523 515 plura
543 462 708 506 deerant,
739 461 781 498 in
814 474 899 498 eam
928 459 1097 498 formam
1116 474 1193 498 non
1224 468 1371 512 poterat
1402 458 1609 496 includere.
1658 457 1819 495 Investi-

413 542 551 581 gemus
585 526 691 565 hunc
723 527 856 580 igitur,
888 527 1018 570 Brute,
1051 526 1077 564 fi
1099 526 1308 578 possumus,
1338 539 1460 576 'quem
1489 537 1690 576 nunquam
1724 523 1822 561 vidit

413 595 626 639 Antonius,
656 604 722 632 aut
756 594 824 646 qui
858 593 1020 631 omnino
1041 592 1171 630 nullus
1200 605 1372 643 unquam
1392 590 1494 635 fuit3
1528 603 1647 642 quem
1668 590 1694 627 fi
1727 590 1820 627 imi-

415 662 500 706 tari,
531 670 646 712 atque
680 660 893 712 exprimere
925 672 1003 696 non
1037 657 1248 710 poffumus,
1281 656 1385 709 quod
1404 655 1508 693 idem
1538 655 1604 692 ille
1638 656 1704 693 vix
1736 656 1823 693 Deo

416 727 636 765 conceffum
656 725 726 763 effe
757 724 922 769 dicebat,
954 733 991 762 at
1011 723 1135 776 qualis
1156 722 1226 761 effe
1246 723 1395 767 debeat,
1427 721 1639 775 poterimus
1673 720 1824 759 fortaffe

416 794 556 831 dicere.

472 860 543 897 VI.
578 858 673 896 Tria
693 857 779 895 sunt
799 857 962 895 omnino
981 870 1119 909 genera
1139 856 1306 901 dicendi,
1326 855 1466 908 quibus
1488 855 1527 893 in
1554 854 1712 907 singulis
1732 853 1824 906 qui·-

417 926 508 963 dam
528 925 738 963 floruerunt
752 943 765 969 3
798 937 971 977 peraeque
990 932 1119 961 autem
1149 923 1206 975 (id
1226 923 1330 975 quod
1351 921 1550 974 volumus)
1584 921 1764 974 perpauci
1784 921 1824 958 in

417 992 617 1030 omnibus.
652 992 758 1030 Nam
779 1000 816 1028 et
834 990 1094 1042 grandiloqui,
1113 1000 1155 1028 ut
1172 990 1224 1028 ita
1244 990 1385 1034 dicam,
1408 988 1565 1026 fuerunt
1585 1001 1677 1025 cum
1697 987 1826 1040 ampla

417 1068 456 1096 et
490 1058 761 1096 sententiarum
794 1056 991 1109 gravitate,
1020 1065 1058 1093 et
1089 1055 1279 1108 majestate
1314 1043 1533 1099 verborum,
1564 1052 1824 1098 vehementes,

418 1124 527 1169 varii,
558 1123 712 1175 copiofi,
753 1136 881 1175 graves
900 1141 911 1166 3
958 1122 1004 1159 ad
1037 1121 1330 1174 permovendos,
1366 1130 1404 1158 et
1434 1118 1708 1157 convertendos
1741 1118 1827 1156 ani-

419 1204 504 1229 mos
525 1190 713 1233 instructi,
746 1198 783 1226 et
803 1189 936 1241 parati.
997 1188 1116 1239 Qod
1136 1187 1262 1240 ipsum
1283 1187 1347 1225 alii
1367 1186 1503 1239 aspera,
1529 1185 1639 1230 tristi,
1674 1184 1830 1223 horrida

419 1257 604 1301 oratione,
646 1269 770 1308 neque
811 1254 992 1307 perstem,
1038 1268 1162 1306 neque
1195 1253 1407 1299 conclusa;
1453 1253 1519 1290 alii
1549 1252 1649 1297 laevi,
1691 1261 1730 1290 et
1764 1251 1828 1290 in-

419 1323 571 1367 structa,
606 1331 644 1359 et
678 1322 895 1359 terminata.
955 1321 1009 1359 Et
1037 1322 1170 1358 contr&
1197 1330 1343 1365 tenues,
1375 1320 1492 1365 acuti,
1523 1318 1655 1357 omnia
1684 1318 1828 1356 docen-

420 1400 490 1434 tes,
521 1399 559 1427 et
593 1388 834 1433 dilucidiora,
866 1401 944 1426 non
979 1388 1179 1441 ampliora,
1211 1387 1407 1433 facientes,
1438 1387 1571 1424 subtili
1599 1386 1764 1438 quadam
1791 1394 1830 1423 et

422 1455 540 1509 preffa
559 1456 728 1494 oratione
746 1455 886 1492 limati.
931 1455 976 1492 In
997 1455 1211 1507 eodemque
1231 1468 1366 1506 genere
1394 1454 1459 1491 alii
1485 1453 1629 1497 callidi,
1661 1452 1722 1490 sed
1751 1452 1830 1490 im-

422 1523 549 1575 politi,
571 1532 609 1560 et
628 1520 803 1560 consulto
824 1521 982 1558 rudium
1001 1521 1142 1559 slmiles
1164 1531 1201 1558 et
1222 1521 1492 1572 imperitorum
1509 1538 1520 1564 3
1553 1520 1617 1557 alii
1637 1519 1677 1556 in
1698 1518 1830 1556 eadem

416 1589 620 1641 jejunitate
651 1587 931 1631 concfflniores,
963 1586 1002 1624 id
1024 1586 1089 1630 est,
1121 1585 1250 1631 faceti,
1273 1585 1449 1623 fiorentes
1476 1585 1607 1629 etiam,
1630 1593 1667 1622 et
1694 1584 1830 1622 leviter

423 1655 562 1693 ornati.

480 1722 548 1760 Est
568 1730 696 1759 autem
718 1720 877 1773 quidam
897 1720 1130 1772 interjectus,
1154 1720 1251 1757 inter
1271 1718 1342 1757 hos
1364 1719 1529 1764 medius,
1551 1728 1588 1756 et
1608 1718 1711 1770 quafi
1730 1727 1830 1755 tem-

424 1799 591 1842 peratus,
636 1801 708 1826 nec
742 1788 922 1825 acumine
956 1787 1224 1840 posteriorum,
1269 1800 1338 1825 nec
1374 1785 1539 1824 fulmine
1574 1795 1683 1824 utens
1720 1785 1831 1838 supe-

426 1857 587 1900 riorum,
611 1863 653 1892 ut
673 1855 810 1891 cinnus
831 1854 1052 1898 amborum,
1080 1854 1118 1891 in
1139 1862 1276 1891 neutro
1295 1852 1500 1897 excellens,
1526 1852 1724 1904 utriusque
1745 1865 1832 1904 par-

427 1922 575 1974 ticep55
608 1920 668 1958 vel
691 1920 886 1972 utriusque
919 1920 962 1971 (fi
986 1934 1118 1957 verum
1141 1920 1367 1972 quaerimus)
1391 1919 1520 1972 potius
1540 1932 1690 1970 expers.
1723 1917 1834 1969 Isque

426 2002 506 2026 uno
541 1997 685 2032 tenore,
719 1997 761 2024 ut
792 1987 913 2031 aiunt,
958 1987 999 2024 in
1035 1987 1198 2024 dicendo
1232 1986 1332 2030 fluit,
1380 1985 1480 2023 nihil
1511 1984 1669 2022 afferens
1699 1994 1834 2036 praeter

426 2054 655 2094 facilitatem
685 2063 722 2091 et
757 2054 1086 2106 aequabilitatem5
1118 2062 1184 2091 aut
1214 2053 1319 2090 addit
1349 2052 1511 2104 aliquos,
1545 2060 1588 2088 ut
1619 2051 1658 2087 in
1679 2062 1832 2094 corona,

428 2131 546 2166 toros,
588 2134 824 2172 omnemque
869 2121 1082 2158 orationem
1127 2119 1362 2157 ornamentis
1397 2117 1561 2155 modicis
1611 2116 1832 2161 verborum,

429 2188 780 2239 sententiarumque
810 2187 1024 2238 distinguit.
1085 2187 1242 2224 Horum
1273 2184 1511 2237 singulorum
1537 2197 1722 2237 generum
1745 2184 1834 2236 qui-

429 2267 586 2306 cunque
607 2253 687 2291 vim
721 2253 877 2305 lingulis
898 2251 1092 2290 consecuti
1114 2251 1214 2297 sunt,
1246 2264 1433 2303 magnum
1460 2250 1499 2289 in
1528 2250 1741 2288 oratoribus
1762 2263 1834 2287 no-

431 2334 520 2359 men
540 2319 770 2357 habuerunt.
832 2318 902 2357 Sed
922 2318 1174 2371 quaerendum
1194 2317 1259 2362 est,
1282 2316 1412 2356 satisne
1432 2316 1485 2362 id,
1508 2316 1613 2369 quod
1639 2316 1835 2361 volumus,

427 2386 643 2425 effecerint.

489 2453 582 2492 VII.
614 2453 804 2492 Videmus
839 2453 944 2490 enim
975 2451 1085 2490 fuiffe
1118 2451 1317 2505 quosdam,
1350 2451 1418 2504 qui
1453 2451 1573 2489 iidem
1609 2459 1752 2494 ornate,
1794 2463 1835 2487 ac

430 2520 611 2576 graviter,
633 2519 752 2559 iidem
772 2519 931 2566 versute,
957 2528 994 2559 et
1014 2518 1204 2558 subtiliter
1224 2517 1408 2558 dicerent.
1467 2519 1600 2570 Atque
1627 2517 1776 2556 utinam
1797 2514 1838 2553 iu
