2176 2912
756 163 1287 205 ORATOR.
1648 185 1727 225 479

377 260 567 300 LXVIII.
599 259 666 304 Et,
697 257 884 310 quoniam
903 257 1014 310 plura
1032 256 1079 295 de
1108 255 1310 294 numerosa
1338 259 1507 298 oratione
1541 261 1725 311 diximus,

321 340 439 378 quarn
459 326 665 378 quisquam
683 333 770 362 ante
786 336 870 367 nOS‚
892 335 996 360 nunc
1016 322 1062 360 de
1082 322 1162 374 ejus
1182 323 1328 374 generis
1349 325 1515 364 utilitate
1536 327 1723 369 dicemus.

321 392 438 430 Nihil
457 392 563 429 enim
583 390 636 428 est
655 389 772 434 aliud,
795 390 927 434 Brute,
965 389 1088 440 (quod
1109 388 1270 440 quidem
1298 398 1340 427 tu
1360 392 1525 431 minime
1545 396 1725 434 omnium

319 457 488 509 ignoras)
522 455 698 509 pulchre,
725 465 762 493 et
782 455 944 492 oratorie
964 454 1102 499 dicere,
1135 454 1204 492 nifi
1234 455 1393 507 optimis
1414 457 1607 498 sententiis
1640 475 1723 499 ver-

319 523 452 575 bisque
471 523 680 561 lectiffimis
701 522 839 560 dicere.
885 522 940 559 Et
968 533 1037 558 nec
1058 519 1243 558 sententia
1262 521 1341 559 ulla
1360 522 1426 567 est,
1449 537 1532 576 quae
1552 525 1724 566 fructum

318 589 459 627 oratori
479 588 589 634 ferat,
620 588 689 626 nifi
723 597 809 640 apte
829 586 1009 639 exposita,
1041 595 1154 638 atque
1188 586 1357 626 absolute
1372 607 1385 633 3
1417 602 1487 628 nec
1519 592 1724 631 verborum

318 654 452 693 lumen
470 664 625 708 apparet
645 655 714 692 nifi
732 653 938 705 diligenter
956 652 1233 691 collocatorum
1247 672 1259 698 3
1291 663 1328 691 et
1348 653 1490 694 horum
1514 666 1725 711 utrumque

317 734 500 759 numerus
521 721 695 758 illustrat.
755 719 954 757 Numerus
974 728 1102 757 autem
1135 719 1246 771 (saepe
1277 721 1382 758 enim
1403 720 1478 760 hoc
1510 723 1723 763 testandum

317 787 385 838 est)
410 800 488 824 non
507 787 626 825 modo
646 800 723 824 non
743 786 891 838 poetice
905 786 1081 838 junctus,
1108 798 1241 823 verum
1270 787 1387 825 etiam
1409 787 1561 840 fugiens
1592 790 1721 835 illum,

315 853 430 905 eique
460 853 640 890 omnium
659 851 952 896 diffimillimus,
986 852 1081 902 (non
1103 851 1199 902 quin
1220 851 1339 890 iidem
1370 854 1442 891 fint
1463 857 1613 893 numeri
1645 871 1723 895 non

315 919 434 957 modo
455 928 651 956 oratorum
670 926 708 955 et
726 927 940 970 poetarum,
971 930 1108 955 verum
1128 917 1289 955 omnino
1318 918 1580 970 loquentium,
1610 923 1720 961 deni-

316 998 391 1036 que
411 984 528 1022 etiam
548 984 768 1022 sonantium
789 984 982 1028 omnium,
1006 996 1090 1035 quae
1110 983 1240 1020 metiri
1257 984 1410 1022 auribus
1424 986 1636 1039 poffumus)
1661 989 1722 1027 sed

315 1051 409 1088 ordo
443 1051 588 1103 pedum
608 1049 714 1095 facit,
750 1059 793 1087 ut
812 1050 868 1095 id,
902 1050 1007 1102 quod
1027 1050 1311 1102 pronuntiatur,
1334 1061 1398 1089 aut
1428 1053 1624 1099 orationis,
1656 1064 1721 1093 aut

313 1118 519 1169 poematis,
541 1116 663 1154 fimile
683 1116 867 1154 videatur.

370 1183 485 1220 Hanc
528 1182 647 1234 igitur
685 1181 758 1220 five
800 1180 1119 1234 compositionem
1134 1209 1145 1226 ‚
1186 1181 1259 1220 five
1295 1182 1571 1234 perfectionem
1585 1214 1597 1230 ,
1646 1185 1720 1224 five

313 1262 523 1286 numerum
553 1248 680 1286 vocari
703 1249 842 1301 placet,
874 1257 912 1285 et
942 1246 1123 1285 adhibere
1154 1247 1295 1285 necesse
1324 1249 1389 1294 est,
1421 1250 1447 1288 fi
1474 1260 1604 1289 ornate
1623 1252 1718 1290 velis

313 1315 453 1360 dicere,
484 1329 561 1353 non
596 1315 735 1359 solum,
770 1314 893 1367 (quod
923 1315 975 1352 ait
1006 1313 1226 1352 Aristoteles
1261 1324 1299 1352 et
1330 1315 1637 1371 Theophrastus)
1669 1332 1718 1357 ne

312 1381 465 1419 infinite
484 1380 638 1425 feratur,
670 1390 714 1419 ut
743 1381 902 1425 flumen,
933 1381 1067 1424 oratio,
1099 1394 1183 1432 quae
1204 1394 1279 1418 non
1302 1390 1367 1419 aut
1387 1382 1521 1434 spiritu
1542 1398 1716 1436 pronun-

312 1447 459 1492 tiantis,
479 1457 545 1485 aut
560 1447 780 1485 interdudtu
799 1447 958 1490 librarii,
988 1446 1047 1484 sed
1069 1459 1228 1484 numero
1249 1449 1376 1485 coacta
1395 1449 1508 1486 debet
1528 1449 1715 1495 insistere5

311 1526 445 1551 verum
459 1514 575 1551 etiam
592 1514 696 1565 quod
713 1513 840 1551 multo
858 1514 1043 1564 majorem
1064 1511 1208 1549 habent
1227 1522 1312 1565 apta
1330 1514 1425 1558 vim,
1441 1528 1558 1566 quarn
1579 1515 1714 1555 soluta.

311 1579 370 1617 Ut
404 1580 509 1618 enim
536 1578 712 1624 athletas,
749 1592 820 1617 nec
851 1578 980 1616 multo
1010 1577 1116 1616 secus
1148 1578 1374 1630 gladiatores
1409 1580 1583 1619 videmus
1616 1581 1716 1620 nihil

308 1658 380 1684 nec
409 1646 565 1685 vitando
596 1645 719 1685 facere
744 1655 867 1690 caute,
899 1658 969 1683 nec
1001 1645 1167 1697 petendo
1187 1644 1450 1691 vehementer,
1477 1648 1517 1684 in
1537 1662 1615 1699 quo
1636 1663 1714 1687 non

310 1721 441 1750 motus
460 1711 526 1750 hic
545 1711 683 1750 habeat
711 1712 921 1764 palaestram
951 1711 1143 1762 quandam
1160 1729 1174 1756 5
1205 1721 1261 1757 ut,
1293 1712 1484 1765 quidquid
1504 1714 1545 1751 in
1566 1713 1626 1752 his
1653 1729 1713 1753 re-

309 1777 382 1816 bus
402 1777 468 1815 fiat
488 1778 635 1816 utiliter
665 1778 712 1815 ad
731 1791 915 1830 pugnam,
946 1777 1050 1814 idern
1080 1777 1126 1814 ad
1158 1777 1350 1829 aspectum
1371 1779 1487 1817 etiam
1508 1780 1552 1818 fit
1574 1781 1711 1818 venus-

310 1852 423 1888 tum3
468 1843 517 1881 fic
548 1843 668 1881 oratio
704 1856 774 1880 nec
806 1843 962 1894 plagam
992 1855 1147 1894 gravem
1174 1841 1281 1888 facit,
1325 1844 1394 1882 nifi
1425 1846 1562 1897 petitio
1596 1845 1712 1885 fuerit

306 1917 408 1961 apta,
440 1921 512 1947 nec
542 1908 627 1946 satis
660 1909 755 1946 tecte
787 1908 953 1946 declinat
985 1908 1191 1960 impetum,
1223 1908 1290 1946 nifi
1319 1911 1435 1947 etiam
1464 1911 1504 1948 in
1525 1911 1710 1957 cedendo,

309 1974 406 2026 quid
425 1974 567 2018 deceat,
589 1974 788 2026 intelligit.

363 2041 512 2092 Itaque,
551 2039 674 2092 qualis
705 2052 841 2077 eorum
870 2047 1014 2083 motuS,
1049 2052 1144 2090 quos
1177 2037 1377 2078 &numa-255
1398 2041 1525 2078 Graeci
1556 2052 1708 2086 vocant,

308 2105 396 2144 talis
415 2104 557 2144 horum
578 2104 679 2144 mihi
698 2105 849 2143 videtur
869 2106 1001 2149 oratio,
1023 2105 1090 2156 qui
1120 2118 1195 2142 non
1217 2105 1402 2143 claudunt
1425 2107 1591 2144 numeris
1622 2107 1707 2146 sen-

308 2172 468 2210 tentias:
501 2181 730 2223 tantumque
748 2171 862 2215 abest,
894 2184 954 2215 ne,
975 2171 1078 2222 quod
1100 2171 1141 2214 ii,
1173 2171 1237 2222 qui
1261 2169 1334 2209 hoc
1355 2181 1418 2209 aut
1439 2173 1707 2225 magistrorum

309 2238 451 2289 inopia,
472 2247 537 2276 aut
554 2238 701 2290 ingenii
730 2237 916 2281 tarditate,
948 2247 1012 2274 aut
1033 2237 1171 2274 laboris
1200 2236 1290 2289 fuga
1311 2252 1386 2275 non
1419 2238 1505 2277 sunt
1539 2239 1704 2283 assecuti,

307 2302 428 2341 solent
443 2303 581 2347 dicere,
610 2312 809 2340 enervetur
839 2303 958 2340 oratio
979 2303 1258 2355 compositione
1278 2304 1495 2349 verborum,
1529 2314 1572 2342 ut
1597 2305 1704 2341 aliter

306 2369 347 2408 in
368 2382 410 2406 ea
429 2382 499 2406 nec
519 2369 686 2420 impetus
708 2368 824 2413 ullus,
846 2382 915 2406 nec
936 2370 1005 2413 vis,
1027 2368 1098 2405 effe
1118 2368 1241 2420 poffit.

363 2436 512 2474 LXIX.
546 2435 616 2473 Sed
636 2449 818 2487 magnam
838 2435 1150 2472 exercitationem
1182 2449 1237 2473 res
1270 2435 1427 2488 flagitat,
1456 2449 1501 2472 ne
1523 2434 1615 2486 quid
1635 2448 1700 2472 eo-

304 2514 410 2546 tum,
423 2500 489 2554 qui
507 2513 627 2554 genus
647 2499 722 2539 hoc
743 2500 859 2539 secuti
880 2513 955 2538 non
979 2510 1038 2538 ten
1047 2510 1194 2546 uerunt,
1210 2500 1526 2552 fimilexfiiciamus
1540 2518 1551 2546 3
1575 2513 1621 2538 ne
1637 2510 1702 2538 aut
