2176 2912
392 276 465 313 124
630 266 1529 306 DEINVENTIONE

386 357 492 394 Nam
512 357 648 409 placet,
680 359 720 396 in
745 359 921 411 judiciali
942 373 1077 412 genere
1103 359 1222 398 finem
1253 359 1322 397 esse
1342 360 1574 412 aequitatem,
1606 357 1680 398 hoc
1708 359 1774 404 est,

387 432 532 474 partem
565 425 753 475 quandam
781 424 998 463 honestatis.
1060 427 1105 463 In
1136 425 1381 463 deliberativo
1417 435 1546 464 autem
1580 425 1774 464 Aristoteli

392 489 513 540 placet
532 491 753 535 utilitatem,
776 492 886 529 nobis
907 502 943 529 et
963 491 1197 529 honestatem
1217 501 1253 529 et
1275 491 1496 530 utilitatem.
1547 493 1592 530 In
1612 492 1774 529 demon-

388 555 537 593 strativo
557 566 698 601 autem,
720 556 968 595 honestatem.
1016 559 1144 609 Qare
1163 558 1203 595 in
1222 557 1296 596 hoc
1328 572 1482 610 quoque
1501 571 1635 610 genere
1660 557 1776 595 causae

386 621 558 673 quaedam
579 625 921 675 argumentationes
943 625 1215 668 communiter,
1237 638 1278 661 ac
1299 624 1472 662 fimiliter
1492 624 1772 661 traetabuntur:

387 688 561 739 quaedam
582 689 780 741 separatius
802 690 847 727 ad
868 690 999 734 finem,
1031 703 1108 741 quo
1128 689 1254 727 referri
1275 703 1432 727 omnem
1454 690 1640 727 rationem
1660 703 1775 742 opor-

387 762 454 798 tet,
486 755 753 806 adjungentur.
786 757 917 806 Atque
937 755 1231 806 uniuscujusque
1251 756 1532 793 constitutionis
1553 756 1777 808 exemplum

387 820 594 872 supponere
614 834 690 857 non
710 834 962 873 gravaremur,
984 821 1051 858 nisi
1073 819 1171 858 illud
1190 820 1418 866 videremus,
1447 821 1778 873 quemadmodum

387 899 443 922 res
463 886 629 924 obscurae
650 886 812 924 dicendo
834 886 965 924 fierent
992 886 1206 938 apertioreS,
1235 887 1284 924 fic
1305 900 1360 924 res
1382 896 1524 939 apertas
1545 886 1777 924 obscuriores

387 950 466 988 fieri
486 952 666 990 oratione.
713 953 831 991 Nunc
851 952 896 990 ad
917 952 1197 990 deliberationis
1221 962 1406 1005 praecepta
1421 966 1637 1005 pergamus.

442 1023 532 1060 LII.
556 1023 702 1060 Rerum
718 1022 1014 1074 expetendarum
1036 1023 1105 1059 tria
1119 1036 1253 1074 genera
1268 1023 1366 1061 sunt.
1401 1024 1470 1061 Par
1490 1033 1617 1061 autem
1638 1037 1776 1060 nume-

388 1102 449 1126 rus
470 1089 708 1127 vitandarum
726 1103 771 1127 ex
787 1090 973 1126 contraria
984 1098 1100 1141 parte.
1134 1089 1240 1127 Nam
1257 1089 1309 1127 est
1324 1090 1523 1141 quiddam,
1545 1090 1649 1141 quod
1662 1090 1724 1127 sua
1739 1089 1777 1127 vi

388 1169 455 1192 nos
476 1155 617 1192 alliciat
637 1155 682 1192 ad
703 1154 786 1198 sese,
823 1168 898 1191 non
920 1155 1183 1192 emolumento
1202 1164 1355 1207 captans
1378 1155 1521 1206 aliquo,
1544 1154 1604 1192 sed
1626 1153 1778 1192 trahens

388 1221 450 1258 sua
480 1221 691 1273 dignitate;
723 1220 825 1271 quod
859 1233 978 1272 genus
1011 1220 1144 1264 virtus,
1176 1220 1343 1264 scientia,
1373 1221 1507 1257 veritas
1533 1219 1597 1257 est.
1657 1219 1778 1257 Aliud

388 1297 515 1325 autem
537 1301 613 1324 non
634 1296 786 1339 propter
806 1286 911 1323 suam
940 1286 1019 1323 vim
1045 1296 1083 1323 et
1114 1294 1300 1330 naturam,
1332 1285 1393 1323 sed
1424 1295 1577 1338 propter
1607 1284 1779 1323 frue'tum

388 1363 501 1405 atque
522 1353 741 1396 utilitatem,
775 1353 1008 1404 petendum,
1040 1352 1143 1404 quod
1162 1365 1280 1404 genus
1301 1352 1460 1404 pecunia
1480 1352 1544 1389 est.
1582 1351 1650 1389 Est
1666 1365 1779 1403 porro

388 1419 571 1471 quiddam
592 1432 638 1456 ex
659 1417 798 1455 horum
814 1418 984 1470 partibus
996 1418 1194 1469 junctum,
1211 1417 1314 1469 quod
1331 1426 1368 1454 et
1387 1417 1450 1455 sua
1464 1417 1515 1461 vi,
1537 1426 1574 1454 et
1594 1416 1780 1467 dignitate

388 1498 456 1523 nos
474 1484 649 1522 inductos
671 1483 791 1528 ducit,
814 1492 851 1520 et
869 1497 944 1535 prae
965 1483 1000 1520 se
1019 1483 1211 1535 quandam
1230 1483 1327 1535 gerit
1348 1483 1567 1526 utilitatem,
1595 1494 1672 1533 quo
1693 1495 1777 1519 ma-

388 1552 444 1603 gis
461 1560 655 1604 expetatur
669 1569 679 1594 3
703 1559 745 1587 ut
760 1550 1056 1594 amicitia,-bona
1069 1549 1312 1587 existimatio.
1344 1550 1474 1600 Atque
1494 1562 1539 1586 ex
1559 1547 1619 1595 his
1635 1546 1777 1586 horum

388 1618 573 1654 contraria
591 1615 715 1660 facile,
737 1616 950 1652 tacentibus
971 1615 1096 1660 nobis,
1118 1615 1393 1668 intelligentur.

444 1683 514 1720 Sed
534 1691 575 1720 ut
600 1682 811 1735 expeditius
833 1682 926 1719 ratio
947 1681 1125 1725 tradatur,
1158 1694 1212 1726 ea,
1246 1695 1330 1733 quae
1349 1681 1559 1734 posuimus,
1581 1681 1683 1719 brevi
1705 1694 1776 1718 no-

389 1749 650 1786 minabuntur.
675 1748 780 1785 Nam
796 1747 837 1784 in
852 1747 979 1799 primo
994 1760 1128 1799 genere
1145 1760 1228 1798 quae
1245 1747 1344 1791 sunt,
1358 1746 1513 1784 honesta
1527 1747 1775 1799 appellabun-

390 1825 450 1852 tur
465 1830 473 1852 ε
497 1828 580 1866 quae
597 1822 724 1851 autem
744 1812 783 1850 in
802 1813 978 1857 secundo,
995 1812 1115 1850 utilia.
1139 1813 1236 1850 Haec
1249 1822 1377 1850 autem
1395 1813 1515 1856 tertia,
1531 1813 1620 1864 quia
1632 1821 1777 1864 partem

390 1880 591 1917 honestatis
611 1879 821 1923 continent,
854 1887 891 1915 et
912 1879 1000 1929 quia
1026 1879 1147 1930 major
1171 1878 1223 1915 est
1242 1879 1297 1915 vis
1318 1876 1533 1922 honestatis,
1559 1878 1701 1929 junstae
1721 1890 1778 1915 res

389 1947 548 1983 omnino
568 1960 612 1982 ex
634 1945 778 1996 duplici
798 1957 931 1996 genere
951 1943 1236 1995 intelligentur:
1269 1943 1329 1981 sed
1350 1944 1390 1980 in
1411 1943 1611 1981 meliorem
1632 1951 1779 1995 partem

388 2012 562 2048 vocabuli
583 2009 836 2054 conferantur,
858 2019 895 2047 et
911 2008 1064 2047 honesta
1081 2009 1342 2047 nominentur.
1392 2010 1453 2047 Ex
1473 2007 1534 2046 his
1564 2008 1661 2045 illud
1682 2022 1777 2046 con-

390 2077 530 2120 ficitur,
562 2087 603 2114 ut
623 2076 917 2128 appetendarum
948 2088 1073 2112 rerum
1093 2084 1214 2126 partes
1235 2074 1305 2111 smt
1335 2073 1506 2111 honestas
1538 2083 1576 2111 et
1608 2073 1776 2110 utilitas:

389 2143 640 2186 vitandarum,
664 2142 859 2194 turpitudo
879 2150 915 2178 et
935 2140 1134 2178 inutilitas.
1185 2140 1260 2178 His
1280 2139 1398 2191 igitur
1423 2139 1569 2176 duabus
1591 2138 1700 2175 rebus
1722 2151 1777 2175 res

390 2209 471 2245 duae
491 2209 647 2260 grandes
666 2208 749 2245 sunt
766 2207 971 2250 attributae,
987 2205 1226 2249 neceffitudo,
1241 2204 1461 2244 et.affeetio:
1485 2217 1647 2255 quarum
1666 2204 1779 2241 altera

389 2288 434 2311 ex
451 2274 501 2318 vi,
523 2274 635 2311 altera
655 2288 699 2311 ex
722 2288 758 2310 re
777 2283 814 2311 et
831 2272 1009 2325 personis,
1030 2272 1293 2310 confideratur.
1317 2272 1377 2309 De
1395 2280 1552 2322 utraque
1572 2270 1653 2322 post
1671 2283 1777 2322 aper-

390 2341 465 2377 tius
486 2341 772 2392 perscribemus.
796 2340 914 2377 Nunc
935 2337 1138 2376 honestatis
1161 2338 1320 2375 rationes
1336 2337 1508 2389 primum
1524 2336 1777 2388 explicemus.

435 2406 545 2444 Llll.
562 2406 678 2456 Qod
695 2414 821 2442 autem
836 2413 975 2449 totum,
994 2413 1057 2441 aut
1073 2403 1198 2455 aliqua
1213 2417 1258 2442 ex
1274 2413 1391 2455 parte,
1409 2411 1560 2454 propter
1572 2401 1606 2439 se
1621 2402 1776 2453 petitur,

389 2471 589 2510 honestum
607 2472 906 2510 nominabimus,
931 2472 1057 2521 Qare
1076 2483 1167 2507 cum
1187 2469 1266 2520 ejus
1282 2469 1364 2506 duae
1380 2477 1500 2520 partes
1514 2468 1598 2511 sint,
1615 2480 1778 2519 quarum

389 2539 502 2576 altera
532 2538 705 2591 simplex,
735 2537 849 2574 altera
873 2537 1005 2588 juncfta
1035 2536 1091 2580 fit,
1123 2535 1335 2588 simplicem
1360 2535 1464 2586 prius
1484 2533 1775 2571 confideremus.

390 2604 455 2642 Est
474 2604 591 2656 igitur
612 2605 651 2642 in
671 2617 717 2642 eo
735 2616 869 2656 genere
889 2615 1021 2641 omnes
1043 2615 1097 2641 res
1119 2615 1193 2640 una
1212 2601 1262 2646 vi,
1284 2610 1397 2653 atque
1419 2614 1495 2641 uno
1515 2599 1670 2639 nomine
1689 2611 1775 2636 am-
