2176 2912
451 205 773 246 LIBER
849 204 1432 247 SECUNDUS.
1583 224 1658 263 119

248 313 314 340 vos
335 299 466 352 scripti
490 299 546 337 sui
564 298 794 343 recitatores,
816 296 877 335 sed
897 297 1106 336 voluntatis
1128 298 1367 351 interpretes,
1390 300 1471 338 fore
1491 305 1654 353 putavit.

303 365 433 404 Postea
452 377 618 417 quaerere
643 363 691 402 ab
711 363 942 409 adversariis,
979 364 1090 416 Qid
1121 364 1146 402 fi
1175 364 1250 403 hoc
1270 363 1467 404 fecissem?
1500 369 1608 419 Qid
1628 370 1655 407 fi

245 429 323 469 hoc
343 429 560 468 accidisset?
592 442 726 467 eorum
746 429 906 481 aliquid,
937 429 978 467 in
999 429 1141 482 quibus
1160 440 1224 468 aut
1243 431 1352 469 causa
1369 430 1414 468 fit
1441 430 1654 471 honestiffi-

243 509 323 540 ma,
345 505 411 534 aut
427 495 661 534 neceffitudo
673 494 878 534 certiffima
891 513 902 540 ς
925 504 1063 534 tumne
1079 496 1299 536 accuseretis
1316 498 1329 533 ?
1360 498 1486 549 Atqui
1502 496 1577 536 hoc
1591 499 1654 538 lex

247 562 436 615 nusquam
455 562 622 616 excepit.
683 562 777 600 Non
795 575 887 615 ergo
906 563 1039 600 omnia
1068 562 1230 616 scriptis,
1264 562 1325 600 sed
1345 563 1535 615 quaedarn,
1571 579 1656 616 quae

249 629 445 682 perspicua
462 629 565 674 sunt,
587 628 712 667 tacitis
733 627 1026 681 exception-ibus
1052 630 1188 668 caveri.
1231 630 1383 668 Deinde
1403 629 1552 668 nullam
1573 645 1656 669 rem

244 709 370 748 neque
389 695 554 748 legibus,
587 709 712 748 neque
739 694 925 747 scriptura
944 695 1037 740 ulla,
1059 695 1224 748 denique
1243 710 1290 733 ne
1310 696 1351 734 in
1371 696 1542 735 sermone
1563 698 1654 750 qui—

231 762 335 799 -dem
367 762 594 815 quotidiano
623 771 737 814 atque
765 761 937 814 imperiis
971 761 1189 800 domesticis
1224 764 1322 800 redte
1348 762 1449 815 poffe
1484 763 1654 801 admini-

249 829 366 873 strari,
398 829 424 866 si
444 828 704 881 unusquisque
723 827 816 865 velit
836 828 949 866 verba
969 828 1145 881 spectare,
1174 838 1213 867 et
1240 842 1318 867 non
1338 829 1385 867 ad
1415 829 1656 869 voluntatem

240 896 341 947 ejus,
372 895 441 946 qui
461 895 575 932 verba
593 893 784 939 habuerit,
815 895 1006 933 accedere.

301 959 491 999 XLVIII.
525 960 677 998 Deinde
695 974 743 999 ex
764 960 942 999 utilitatis
966 970 1006 999 et
1026 960 1233 999 honestatis
1252 962 1424 1014 partibus
1445 962 1652 1008 ostendere,

245 1041 364 1079 quam
385 1026 536 1072 inutile,
569 1036 634 1064 aut
654 1040 773 1079 quam
794 1036 904 1079 turpe
924 1027 969 1065 fit
996 1027 1048 1072 id,
1080 1027 1186 1080 quod
1206 1027 1403 1066 adversarii
1423 1029 1553 1067 dicant
1573 1029 1656 1067 fieri

245 1093 463 1147 oportuifl‘e,
473 1103 538 1131 aut
553 1102 727 1146 oportere
736 1111 747 1138 ς
767 1103 805 1132 et
821 1093 874 1138 id,
888 1095 994 1146 quod
1006 1108 1075 1132 nos
1088 1093 1308 1140 fecerimus,
1326 1104 1389 1133 aut
1403 1095 1654 1149 postulemus,

246 1172 366 1211 quam
386 1159 495 1203 utile,
513 1168 578 1196 aut
598 1173 715 1211 quam
735 1158 941 1197 honesturn
962 1159 1020 1198 sit.
1055 1160 1207 1198 Deinde
1220 1160 1322 1213 leges
1339 1161 1452 1199 nobis
1467 1175 1567 1199 caras
1584 1160 1656 1199 effe

246 1233 324 1258 non
342 1229 499 1273 propter
519 1220 660 1265 literas,
692 1234 776 1272 quae
797 1230 929 1259 tenues
950 1230 988 1260 et
1009 1221 1176 1261 obscurae
1206 1231 1306 1260 notae
1324 1222 1398 1260 fint
1428 1223 1653 1268 voluntatis,

246 1285 309 1324 sed
324 1295 484 1339 propter
500 1299 634 1324 earum
654 1299 797 1331 rerum,
831 1286 974 1338 quibus
990 1287 1041 1325 de
1060 1287 1249 1340 scriptum
1268 1287 1336 1333 est,
1358 1288 1582 1333 utilitatem,
1617 1296 1656 1327 et

243 1367 395 1398 eorum,
427 1354 495 1405 qui
516 1353 741 1407 scripserint,
774 1353 997 1406 sapientiam
1027 1363 1065 1391 et
1096 1354 1353 1407 diligentiam.
1385 1355 1528 1399 Postea,
1560 1354 1658 1407 quid

246 1419 295 1457 fit
310 1418 386 1464 lex,
423 1420 644 1465 describere,
677 1428 721 1458 ut
750 1433 793 1458 ea
813 1420 985 1458 videatur
1012 1420 1053 1458 in
1087 1420 1298 1465 sententiis,
1327 1434 1406 1459 non
1437 1422 1478 1459 in
1510 1421 1653 1467 verbis,

244 1486 442 1524 confistere
455 1505 466 1531 ς
499 1496 535 1524 et
548 1487 670 1539 judex
692 1487 722 1525 is
744 1486 916 1525 videatur
936 1487 1012 1539 legi
1034 1487 1312 1540 obtemperare,
1340 1488 1408 1540 qui
1428 1488 1664 1527 sententiam-

242 1553 339 1605 ejus,
362 1566 439 1590 non
461 1554 529 1605 qui
557 1553 796 1606 scripturam,
819 1553 1009 1606 sequatur.
1043 1554 1209 1598 Deinde,
1230 1567 1348 1606 quam
1370 1554 1578 1607 indignum
1609 1555 1654 1593 fit

236 1620 382 1658 eodem
403 1621 503 1658 affici
523 1621 712 1674 supplicio
731 1634 836 1665 eum,
872 1621 941 1672 qui
962 1631 1115 1673 propter
1135 1620 1292 1673 aliquod
1324 1620 1443 1660 scelus
1472 1631 1510 1660 et
1535 1621 1652 1659 auda-

243 1686 346 1724 ciam
377 1696 510 1725 contra
540 1687 667 1739 legem
698 1686 845 1732 fecerit,
877 1696 915 1724 et
945 1700 1050 1731 eum,
1084 1688 1151 1739 qui
1173 1686 1341 1731 honesta,
1365 1696 1429 1725 aut
1453 1687 1653 1725 necessaria

245 1752 292 1789 de
312 1753 431 1797 causa,
462 1767 540 1791 non
562 1754 608 1791 ab
631 1754 826 1798 sententia,
856 1753 917 1790 sed
937 1753 982 1790 ab
1004 1753 1124 1791 literis
1146 1753 1255 1805 legis,
1278 1753 1475 1791 recesserit.
1518 1755 1653 1805 Atque

245 1816 306 1854 his
341 1827 378 1855 et
412 1817 635 1869 hujusmodi
655 1818 883 1862 rationibus,
917 1828 955 1856 et
989 1819 1112 1870 accipi
1144 1818 1309 1863 causam,
1342 1828 1379 1856 et
1400 1819 1439 1856 in
1466 1817 1538 1856 hac
1568 1818 1653 1870 lege

245 1883 383 1935 accipi,
406 1893 442 1921 et
462 1897 546 1921 eam
570 1884 734 1929 causam,
757 1897 875 1936 quam
899 1883 975 1936 ipse
991 1883 1133 1928 afferat,
1153 1895 1326 1936 oportere
1346 1885 1467 1937 accipi
1488 1885 1652 1922 demon-

245 1949 390 1987 strabit.
440 1950 494 1987 Et
515 1950 846 2002 quemadmodum
867 1950 902 1987 ei
923 1949 1159 1994 dicebamus,
1190 1950 1258 2002 qui
1284 1964 1304 1987 a
1323 1951 1462 2002 scripto
1492 1951 1650 1996 diceret,

246 2014 320 2053 hoc
341 2014 421 2053 fore
442 2015 700 2062 utiliffimum,
724 2016 749 2054 fi
770 2016 865 2068 quid
886 2015 932 2054 dc
960 2016 1135 2067 aequitate
1155 2029 1207 2060 ca,
1231 2029 1315 2068 quae
1335 2029 1426 2054 cum
1447 2016 1653 2054 adversario

245 2081 369 2127 staret,
391 2081 596 2135 derogaffet
613 2101 623 2127 ;
657 2083 705 2121 sic
725 2082 832 2127 huic,
851 2083 918 2136 qui
941 2092 1073 2120 contra
1089 2081 1273 2134 scriptum
1295 2083 1410 2127 dicet,
1433 2083 1653 2135 plurimum

246 2148 426 2200 proderit,
459 2162 505 2187 ex
536 2149 613 2201 ipsa
644 2149 829 2202 scriptura
854 2149 1002 2201 aliquid
1033 2149 1079 2186 ad
1105 2148 1211 2187 suam
1244 2149 1392 2187 causam
1414 2159 1649 2193 convertere,

245 2223 311 2252 aut
331 2215 512 2267 ambigue
530 2215 678 2267 aliquid
694 2215 881 2268 scriptum
902 2215 1107 2253 ostendere.
1142 2215 1294 2253 Deinde
1310 2229 1356 2253 ex
1377 2215 1446 2252 illo
1466 2216 1651 2267 ambiguo

243 2292 329 2318 eam
345 2290 506 2332 partem,
529 2295 614 2333 quae
626 2282 695 2319 fibi
715 2283 845 2334 profit,
863 2281 1080 2325 defendere,
1099 2291 1163 2319 aut
1180 2283 1285 2319 verbi
1302 2281 1569 2320 definitionem
1586 2281 1648 2318 in-

245 2346 397 2391 ducere,
428 2357 467 2383 et
487 2347 590 2384 illius
623 2349 726 2386 verbi
747 2349 842 2393 vim,
874 2361 954 2400 quo
983 2348 1108 2400 urgeri
1143 2348 1328 2392 videatur,
1360 2348 1406 2385 ad
1440 2347 1512 2385 suae
1533 2346 1650 2384 causae

231 2413 502 2451 ‚commodum
520 2414 738 2459 traducere5
760 2424 826 2453 aut
840 2429 886 2454 ex
899 2414 1039 2466 scripto
1056 2428 1133 2452 non
1151 2414 1336 2467 scriptum
1350 2413 1508 2467 aliquod
1528 2413 1645 2451 indu-

246 2491 331 2516 cere
346 2492 412 2531 per
432 2479 779 2527 ratiocinationem,
812 2481 858 2519 de
876 2494 952 2534 qua
973 2480 1053 2533 post
1073 2481 1263 2520 dicemus·
