2176 2912
551 131 872 178 LIBER
947 122 1524 168 SECUNDUS.
1669 133 1741 174 231

346 232 627 287 consequentia,
657 237 695 266 et
714 223 976 266 consentanea,
997 228 1035 258 et
1054 217 1156 271 quasi
1177 215 1459 270 praecurrentia,
1476 223 1513 252 et
1532 226 1750 266 repugnan-

350 305 415 348 tia,
446 310 483 339 et
502 297 628 338 causas
648 306 778 333 rerum
795 288 1084 342 vestigabimus,
1103 294 1141 323 et
1160 298 1215 329 ea,
1236 297 1322 336 quae
1340 296 1386 321 ex
1407 280 1523 319 causis
1544 289 1625 318 orta
1640 280 1725 318 sunt
1737 298 1750 325 5

349 378 387 407 et
407 367 563 419 majora,
593 361 709 417 paria,
740 358 904 400 minora,
926 365 1158 408 quaeremus.

404 433 493 471 XL.
517 431 579 469 Ex
600 425 814 479 conjunffis
836 423 886 461 s1c
907 428 1134 474 argumenta
1153 417 1349 455 ducuntur
1361 434 1372 460 3
1394 414 1431 452 Si
1453 412 1583 466 pietati
1604 411 1754 449 summa

351 497 555 539 tribuenda
574 496 654 534 laus
675 485 742 537 est,
778 489 923 528 debetis
951 486 1112 530 moveri,
1142 497 1236 522 cum
1257 484 1325 535 Q
1342 480 1555 520 Metellum
1579 488 1659 516 tam
1692 478 1755 530 pie

352 568 482 618 lugere
512 561 684 602 videatis.
743 559 805 596 Ex
840 567 975 608 genere
1006 561 1136 592 autem
1150 569 1163 596 ;
1206 551 1244 588 Si
1276 547 1517 601 magistratus
1551 545 1592 583 in
1623 543 1758 598 populi

353 632 525 672 Romani
544 627 725 683 potestate
744 624 815 662 effe
835 622 989 666 debent,
1006 619 1102 673 quid
1120 618 1356 657 Norbanum
1374 613 1538 658 accusas,
1556 613 1665 665 cujus
1687 611 1758 649 tri-

356 700 523 737 bunatus
543 692 733 735 voluntati
759 690 885 744 paruit
910 686 1106 726 civitatis?
1137 685 1200 722 Ex
1226 692 1331 736 parte
1350 690 1479 719 autem
1508 693 1563 724 ea,
1593 692 1678 731 quae
1706 677 1760 715 est

358 764 523 816 subjecta
553 760 682 814 generi
695 776 707 803 ς
740 757 778 795 Si
797 767 947 798 omnes,
979 753 1047 805 qui
1067 749 1287 803 reipublicae
1306 747 1524 790 consulunt,
1550 745 1627 783 cari
1647 742 1760 782 nobis

357 831 429 871 effe
445 830 599 871 debent,
618 834 718 864 certe
732 823 772 860 in
790 820 926 874 primis
944 820 1203 871 imperatores,
1226 827 1393 867 quorum
1406 812 1586 856 consiliis,
1604 811 1760 853 virtute,

358 896 555 950 periculis,
585 892 796 931 retinemus
826 896 864 925 et
884 885 1051 924 nostram
1071 883 1246 927 salutem,
1277 890 1316 919 et
1341 880 1495 932 imperii
1515 877 1760 930 dignitatem.

360 963 422 1002 Ex
443 957 697 1000 similitudine
716 963 846 992 autem
859 971 870 998 ;
903 952 941 990 Si
970 949 1058 988 ferae
1078 958 1208 1002 partus
1227 947 1311 985 suos
1331 946 1515 997 diligunt,
1537 957 1612 996 qua
1633 955 1700 980 nos
1722 942 1764 978 in

362 1030 502 1066 liberos
524 1025 667 1065 nostros
688 1019 928 1073 indulgentia
946 1017 1017 1056 effe
1037 1016 1220 1054 debemus
1236 1014 1249 1051 ?
1288 1016 1343 1051 At
1361 1026 1407 1050 ex
1426 1008 1733 1049 dissimilitudine
1750 1025 1762 1051 ς

365 1095 403 1132 Si
422 1093 672 1131 barbarorum
704 1088 755 1125 est
790 1088 830 1125 in
850 1086 953 1124 diem
986 1084 1124 1127 vivere,
1155 1081 1279 1119 nostra
1312 1078 1468 1118 consilia
1488 1077 1766 1129 sempiternum

365 1171 518 1213 tempus
540 1154 700 1211 spe'Ctare
719 1154 873 1192 debent.
904 1153 1036 1203 Atque
1052 1159 1214 1201 utroque
1233 1148 1273 1185 in
1289 1160 1424 1199 genere
1439 1155 1476 1182 et
1489 1142 1766 1186 fimilitudinis,

366 1237 403 1265 et
425 1221 758 1265 diffimilitudini8‚
779 1218 957 1271 exempla
975 1217 1063 1255 sunt
1081 1229 1128 1254 ex
1144 1215 1309 1252 aliorum
1329 1212 1453 1256 faftis,
1475 1219 1540 1248 aut
1560 1209 1685 1253 dietis,
1703 1216 1769 1245 aut

367 1292 527 1336 eventis,
559 1298 597 1328 et
615 1288 711 1326 fiecae
732 1285 961 1324 narrationes
983 1282 1075 1336 saepe
1097 1281 1297 1334 ponendae.
1363 1279 1452 1329 Jam
1480 1289 1526 1313 ex
1546 1274 1738 1313 contrario
1753 1290 1766 1317 ς

367 1360 406 1398 Si
427 1356 629 1397 Gracchus
649 1353 805 1397 nefarie,
828 1351 1003 1405 praeclare
1025 1348 1226 1401 Opimius.
1269 1347 1331 1384 Ex
1351 1341 1672 1395 consequentibus
1689 1359 1701 1385 5
1731 1339 1770 1377 Si

369 1436 407 1463 et
426 1423 525 1462 ferro
557 1420 778 1460 interfectus
799 1418 877 1463 ille,
909 1427 947 1455 et
976 1425 1017 1453 tu
1038 1414 1220 1452 inimicus
1252 1413 1332 1465 ejus
1352 1424 1444 1448 cum
1465 1409 1592 1461 gladio
1612 1415 1773 1444 cruento

370 1488 666 1543 comprehensus
685 1500 722 1524 es
743 1486 783 1523 in
803 1484 872 1521 illo
893 1482 973 1535 ipso
992 1482 1093 1525 loco,
1125 1489 1163 1516 et
1182 1492 1298 1516 nemo
1313 1486 1447 1530 praeter
1467 1485 1504 1513 te
1520 1475 1574 1512 ibi
1590 1473 1688 1511 visus
1705 1471 1772 1516 est,

372 1568 409 1596 et
429 1556 536 1595 causa
555 1553 716 1597 nemini,
747 1561 784 1588 et
806 1560 848 1588 tu
869 1550 1016 1601 semper
1034 1547 1180 1590 audax3
1212 1544 1307 1597 quid
1326 1543 1391 1588 est,
1419 1542 1525 1595 quod
1544 1541 1591 1578 de
1607 1539 1775 1577 facinore

375 1624 548 1662 dubitare
581 1619 794 1675 poffimus?
827 1618 889 1655 Ex
909 1614 1183 1657 consentaneis,
1213 1622 1250 1649 et
1281 1609 1614 1664 praecurrenffibus,
1645 1615 1683 1644 et
1713 1619 1773 1643 re-

377 1689 651 1743 pugnantibus,
683 1696 731 1723 ut.
742 1685 839 1723 olim
860 1681 1009 1721 Craffus
1030 1679 1244 1718 adolescens
1262 1697 1273 1723 3
1306 1678 1400 1716 Non
1423 1676 1446 1714 fi
1477 1674 1685 1727 Opimium
1706 1672 1774 1709 de·-

377 1754 543 1798 fendisti,
566 1752 706 1796 Carbo,
730 1751 873 1788 idcirco
894 1758 931 1785 te
952 1747 1011 1785 isti
1036 1747 1186 1784 bonum
1211 1745 1337 1782 civem
1357 1742 1573 1796 putabunt:
1593 1736 1779 1777 fimulaffe

380 1833 431 1867 te,
462 1831 499 1859 et
532 1820 637 1858 aliud
667 1817 763 1870 quid
797 1814 962 1868 quaefiffe
991 1813 1236 1866 perspicuum
1266 1811 1330 1854 est,
1362 1809 1466 1861 quod
1493 1807 1587 1845 Tib.
1609 1803 1780 1844 Gracchi

381 1897 548 1927 mortem
568 1886 663 1938 saepe
688 1885 728 1921 in
748 1881 1001 1921 concionibus
1022 1878 1237 1932 deplorasti,
1268 1876 1373 1928 quod
1402 1876 1445 1913 P.
1468 1873 1643 1912 Africani
1675 1871 1779 1909 necis

381 1955 501 1993 socius
523 1951 640 1996 fuisti,
672 1949 777 2003 quod
795 1963 880 1986 eam
905 1948 1032 2000 legem
1053 1947 1093 1983 in
1122 1945 1318 1983 tribunatu
1338 1940 1472 1985 tulisti,
1503 1940 1608 1992 quod
1635 1938 1782 1989 semper

383 2036 403 2060 a
420 2021 530 2059 bonis
547 2017 754 2057 diffenfisti.
777 2017 839 2055 Ex
850 2015 968 2053 causis
981 2023 1110 2051 autem
1130 2025 1270 2055 rerum,
1289 2010 1336 2046 s1c
1350 2028 1361 2054 5
1381 2007 1592 2046 Avaritiam
1606 2005 1632 2043 si
1652 2004 1784 2042 tollere

385 2087 515 2130 vultis,
554 2094 675 2124 mater
693 2085 773 2136 ejus
791 2082 844 2120 est
863 2081 1033 2120 tollenda
1061 2078 1245 2117 luxuries.
1278 2077 1339 2114 Ex
1363 2076 1408 2112 iis
1430 2083 1572 2116 autem,
1595 2085 1679 2124 quae
1699 2070 1785 2108 sunt

385 2163 467 2192 orta
485 2154 531 2191 de
561 2151 678 2189 caufis
695 2169 707 2195 5
740 2150 777 2188 Si
796 2148 915 2187 aerarii
934 2147 1056 2200 copiis
1077 2155 1115 2184 et
1143 2145 1189 2182 ad
1220 2143 1312 2182 belli
1333 2143 1567 2194 adjumenta,
1597 2148 1635 2175 et
1654 2137 1700 2174 ad
1720 2151 1785 2174 or-

388 2227 567 2257 namenta
585 2217 702 2270 pacis,
727 2216 890 2260 utimur,
920 2212 1171 2266 vestigalibus
1202 2211 1421 2248 serviamus.
1467 2207 1618 2258 Majora
1642 2212 1785 2244 autem,

387 2295 425 2323 et
446 2285 609 2327 minora,
630 2292 668 2320 et
686 2284 788 2336 paria
805 2280 1130 2334 comparabimus,
1153 2279 1215 2316 fic.
1249 2278 1310 2315 Ex
1327 2276 1493 2327 majore;
1527 2273 1563 2310 Si
1584 2272 1684 2309 bona
1703 2269 1786 2306 exi-

390 2350 558 2389 stimatio
579 2349 723 2386 divitiis
748 2347 907 2401 praestat,
939 2356 976 2384 et
996 2345 1158 2399 pecunia
1191 2352 1386 2394 tantopere
1405 2339 1610 2393 expetitur,
1644 2342 1788 2388 quanto

390 2417 514 2470 gloria
533 2415 655 2467 magis
675 2414 727 2452 est
746 2412 986 2466 expetenda?
1018 2413 1080 2450 Ex
1101 2411 1265 2455 minore,
1288 2409 1337 2447 fic
1354 2426 1365 2454 3

530 2482 619 2527 Hic,
643 2489 781 2534 parvae
798 2478 1052 2533 consuetudinis
