2176 2912
651 176 1417 218 CICERONIS.
1721 191 1770 230 17

471 294 695 336 Pontifices.
729 292 959 331 Orationem
983 291 1065 345 post
1086 291 1254 329 reditum
1283 291 1328 329 ad
1351 290 1529 342 Qirites
1550 291 1677 330 denuo
1697 305 1767 331 ex-

469 367 626 396 aratam.
675 356 739 393 De
773 354 1039 407 Haruspicum
1079 352 1273 405 responsls.
1325 353 1387 390 De
1422 353 1631 404 provinciis
1669 367 1764 391 con-

469 419 673 458 sularibus.
716 415 883 455 Sallustii
901 417 941 454 in
962 415 1208 453 Ciceronem.
1250 413 1449 451 Cleeronis
1468 409 1508 450 in
1528 413 1762 453 Sallustium.

469 482 507 518 in
540 478 752 518 Catilinam
786 485 882 515 orat.
917 489 956 527 4.
1000 476 1075 514 Pro
1102 477 1149 514 C.
1180 474 1342 513 Rabirio
1372 474 1570 512 Postumo.
1619 488 1687 526 pro
1715 477 1763 513 C.

470 541 632 580 Rabirio
660 537 933 592 perduellionis
964 550 1041 575 reo.
1083 537 1158 575 Pro
1187 537 1257 588 Q
1276 535 1418 573 Roscio
1440 534 1648 573 Comoedo.
1691 537 1764 574 Pro

469 603 576 641 Aulo
597 600 764 640 Caecina.
806 600 868 637 De
892 600 997 651 Lege
1019 598 1181 650 Agraria
1203 598 1313 635 Orat.
1339 610 1378 636 2.
1409 597 1544 634 Tertia
1565 596 1680 634 deest.

532 731 623 769 Hoc
642 728 844 767 Volumen
865 741 977 767 voces
1004 726 1327 780 quamplurimas,
1360 722 1562 763 sententias
1593 734 1631 763 et
1662 739 1763 764 non-

470 803 671 843 nunquam
695 790 814 828 etiam
844 789 1072 842 paginarum
1103 789 1263 840 majores
1296 796 1433 840 partes,
1465 801 1550 840 quae
1579 787 1619 824 in
1653 796 1762 825 textu

469 852 612 891 omiffae
642 851 814 896 fuerunt,
846 852 886 889 in
915 850 1155 902 marginibus
1187 849 1364 901 supplet:
1397 849 1493 900 quin
1522 858 1559 886 et
1579 848 1761 887 lectiones

471 914 588 952 varias
614 912 800 958 exhibet3
834 912 901 950 ubi
925 912 996 949 alia
1018 911 1056 949 in
1079 919 1188 949 textu
1210 911 1281 947 alia
1302 910 1340 947 in
1364 910 1536 961 margine
1557 910 1761 961 reperitur.

468 963 662 1027 Denique·
685 974 753 1012 ubi
781 973 908 1011 textus
937 986 1020 1025 pars
1050 972 1177 1024 aliqua
1205 971 1319 1014 deest,
1353 971 1488 1008 Codex
1511 970 1761 1015 Balliolenfis,

468 1037 633 1088 spatium
655 1048 820 1073 vacuum
841 1033 1070 1086 linquendo,
1102 1042 1246 1085 quanta
1267 1033 1325 1076 fit,
1357 1031 1516 1069 definire
1537 1032 1701 1075 videtur,
1724 1041 1765 1069 et

468 1098 583 1135 fimul
606 1097 763 1135 Codicis
785 1096 984 1148 cujusdam
1006 1095 1273 1132 auetoritatem
1295 1093 1433 1145 allegat
1456 1094 1500 1143 (fi
1523 1093 1640 1131 modo
1663 1107 1762 1130 unus

471 1159 515 1195 slt
544 1159 693 1201 Codex,
732 1171 808 1195 non
841 1155 996 1209 plures)
1036 1169 1155 1208 quem
1189 1168 1294 1193 nunc
1331 1155 1585 1206 “antiquum
1602 1155 1622 1168 ”
1656 1168 1761 1192 nunc

470 1218 823 1271 “antiquissimum
839 1218 860 1231 ''
889 1226 969 1261 aut,
1001 1216 1311 1261 vetustiffimum,
1342 1215 1535 1268 appellat:
1565 1215 1762 1268 >nusquam

464 1294 553 1319 vero
585 1280 745 1318 titulum
775 1280 856 1331 ejus
888 1279 1048 1317 indicat.
1099 1277 1286 1330 Exempli
1316 1276 1451 1329 gratie.
1498 1278 1544 1315 In
1575 1277 1762 1315 Oratione

467 1355 537 1395 pro
558 1342 672 1386 Sexto
693 1340 834 1379 Roscio
859 1339 1064 1379 Amerino.
1107 1335 1236 1391 Pagffi.
1260 1334 1366 1389 90³¹&
1404 1337 1487 1389 post
1507 1350 1617 1375 voces
1654 1346 1681 1361 “
1696 1351 1761 1376 ac-

466 1402 595 1442 cusare
628 1402 662 1440 se
697 1402 798 1440 dixit
825 1401 1034 1443 Erucius,’'
1064 1401 1241 1451 quaedam
1284 1399 1485 1437 deficiunt.
1550 1399 1595 1436 In
1631 1399 1764 1438 codice

465 1464 580 1503 MSU'.
612 1464 778 1516 spatium
800 1475 967 1500 vacuum
990 1461 1184 1499 invenitur
1206 1461 1267 1498 sex
1288 1459 1366 1498 fere
1388 1459 1497 1497 lineis
1518 1460 1687 1511 aequale:
1724 1470 1764 1497 et

465 1526 507 1563 in
530 1526 713 1578 Margine
742 1523 976 1576 adscriptum
998 1521 1064 1566 est,
1100 1529 1127 1546 ‘⁶
1145 1521 1304 1560 Deficit.
1337 1520 1564 1559 tantundem
1586 1531 1623 1559 et
1645 1520 1761 1573 longe

465 1587 554 1639 plus
577 1586 694 1624 etiam
718 1586 758 1623 in
781 1585 929 1623 Codice
953 1583 1218 1635 antiquiffimo
1247 1581 1486 1621 deficiebat.''
1545 1583 1690 1619 lterum
1720 1584 1762 1620 in

465 1647 660 1700 principio
672 1648 782 1685 Orat.
809 1647 942 1698 primae
958 1646 1006 1683 de
1026 1645 1130 1696 Lege
1152 1645 1310 1696 Agraria
1332 1643 1508 1696 quaedam
1529 1643 1680 1681 desunt.
1716 1645 1760 1681 ln

464 1709 648 1762 Margine
675 1708 832 1746 Codicis
855 1706 968 1745 MS&
1005 1705 1161 1758 legitur,
1190 1713 1217 1729 “
1236 1706 1316 1743 Hic
1337 1705 1524 1744 deficiunt
1544 1705 1627 1742 duae
1648 1715 1760 1743 cartae

463 1783 549 1822 quae
570 1769 719 1808 faciunt
740 1768 979 1821 principium
998 1766 1113 1819 hujus
1132 1766 1328 1806 Orationis
1350 1767 1454 1819 quod
1474 1779 1551 1803 non
1572 1765 1760 1817 reperitur

466 1831 505 1867 in
527 1829 737 1882 exemplari
758 1828 1047 1866 vetustiffimo.’'
1098 1829 1198 1866 Item
1229 1828 1274 1865 ad
1296 1827 1536 1880 principium
1559 1827 1757 1866 Orationis

464 1905 535 1943 pro
558 1890 698 1929 Roscio
719 1890 912 1930 Comoedo
945 1889 984 1927 in
1013 1889 1194 1942 Margine
1215 1889 1399 1942 scriptum
1425 1888 1633 1926 invenitur.
1664 1890 1755 1928 “In

463 1953 674 2005 exemplari
691 1951 826 1989 desunt
846 1951 923 1988 duo
944 1949 1078 1988 folia.’'

526 2081 616 2120 Vol.
647 2081 869 2119 Secundum
898 2080 1072 2118 continet
1094 2078 1282 2117 orationes
1307 2078 1544 2131 Philippicas
1566 2089 1751 2132 quatuor-

461 2142 603 2181 deeim.
656 2142 859 2180 Orationes
898 2142 936 2179 in
974 2143 1023 2179 C.
1053 2141 1214 2178 Verrem
1249 2140 1405 2193 septem,
1437 2155 1600 2192 quarum
1628 2142 1754 2194 prima

460 2203 514 2242 est
552 2217 593 2242 ea
623 2217 708 2255 quae
739 2213 896 2242 vocatur
932 2203 1133 2241 Divinatio
1167 2204 1206 2239 iu
1244 2203 1310 2254 Q
1334 2203 1554 2242 Caecilium.
1619 2204 1751 2254 Hujus

460 2266 577 2304 etiam
599 2265 821 2303 voluminis
842 2265 1080 2318 principium
1103 2263 1216 2302 deest.

349 2395 480 2435 ToM.
503 2396 535 2434 Ι.
1109 2406 1129 2429 c
