2176 2912
459 221 539 279 426.
901 220 1432 261 ORATOR.

461 310 567 355 dura,
599 310 738 355 odiosa,
771 311 1025 350 intolerabilia
1054 312 1124 350 effe
1145 312 1252 351 dicit.
1297 312 1525 363 Qinetiam
1546 310 1682 364 quaerit
1701 311 1748 350 ab
1769 312 1864 365 ipso,

462 390 552 414 cum
576 377 735 428 quidem
755 392 843 415 eum
867 378 1037 416 belluam
1057 379 1236 432 appellet,
1255 389 1387 417 utrum
1409 379 1474 417 illa
1493 379 1606 417 verba
1622 393 1668 416 an
1689 387 1866 432 portenta

462 443 534 480 sint
553 459 560 480 :
586 453 627 480 ut
648 443 824 481 AEschini
841 458 887 482 ne
905 444 1183 483 Demosthenes
1205 446 1363 497 quidem
1383 445 1554 483 videatur
1574 446 1706 483 Attice
1722 445 1861 484 dicere.

463 510 591 547 Facile
613 510 664 547 est
698 511 803 548 enim
824 511 985 548 verbum
1013 512 1170 563 aliquod
1201 512 1332 549 ardens
1367 513 1427 563 (ut
1460 513 1513 550 ita
1546 512 1690 564 dicam)
1720 521 1863 557 notare,
1903 555 1907 556 ⁷

462 575 578 627 idque
600 576 782 613 restinctis
798 577 880 627 jam
901 577 1120 614 animorum
1143 577 1330 614 incendiis
1352 577 1519 615 irridere.
1562 578 1696 629 Itaque
1716 577 1750 614 se
1770 591 1864 630 pur-

462 656 553 694 gans
587 643 741 694 jocatur
775 641 1070 686 Demosthenes,
1120 652 1232 694 negat
1269 643 1308 679 in
1342 656 1388 680 eo
1421 643 1556 695 positas
1590 643 1661 681 effe
1691 643 1865 681 fortunas

464 709 637 751 Graeciae,
656 709 695 745 in
717 707 791 745 hoc
812 722 915 752 eum,
937 707 1028 753 huc,
1052 722 1098 746 an
1118 709 1213 746 illuc
1230 723 1389 746 manum
1411 709 1635 761 porrexerit.
1726 723 1866 748 uonam

463 775 581 826 igitur
613 774 728 811 niodo
749 774 941 811 audiretur
976 774 1126 825 Mysus,
1157 784 1222 812 aut
1254 773 1384 826 Phryx
1411 774 1592 819 Athenis,
1628 789 1720 813 cum
1750 775 1868 814 etiam

463 838 743 878 Demosthenes
775 840 999 892 exagitetur,
1033 850 1075 878 ut
1106 841 1295 893 putidus?
1339 842 1444 878 Cum
1465 855 1553 879 vero
1574 841 1756 879 inclinata
1776 841 1867 883 ulu-

463 906 635 958 lantique
660 919 767 950 voce,
796 920 903 943 more
923 906 1104 952 Asiatico,
1136 921 1268 945 canere
1287 906 1470 960 coepisset,
1502 908 1588 960 quis
1609 922 1701 946 eum
1720 907 1833 946 ferret
1852 908 1865 946 ?

463 982 529 1010 aut
550 973 634 1024 quis
656 972 784 1024 potius
807 986 883 1010 non
898 973 1053 1024 juberet
1073 972 1211 1011 auferri
1229 975 1242 1011 ?
1522 966 1525 969 ¹

519 1040 591 1077 IX.
625 1039 689 1076 Ad
721 1039 946 1076 Atticorum
978 1040 1096 1091 igitur
1130 1054 1236 1078 aures
1272 1049 1407 1078 teretes
1434 1049 1472 1078 et
1506 1040 1695 1093 religiosas
1731 1040 1799 1092 qui
1832 1040 1869 1078 se

463 1105 774 1149 accommodant,
810 1105 838 1142 ii
869 1105 956 1143 sunt
982 1106 1224 1144 existimandi
1244 1107 1376 1144 Attice
1411 1107 1547 1144 dicere.
1599 1107 1782 1158 Qorum
1798 1120 1867 1159 ge-

463 1185 552 1209 nera
572 1171 680 1224 plura
699 1171 786 1208 sunt
802 1189 813 1216 3
846 1170 888 1209 hi
909 1186 1033 1210 unum
1054 1174 1184 1217 modo,
1207 1172 1320 1225 quale
1339 1173 1398 1217 fit,
1429 1172 1678 1225 suspicantur.
1724 1173 1870 1211 Putant

463 1238 584 1283 enim,
630 1237 698 1289 qui
727 1235 880 1274 horride
913 1238 1136 1291 inculteque
1167 1239 1283 1284 dicat,
1325 1238 1442 1277 modo
1475 1238 1514 1276 id
1545 1238 1736 1290 eleganter
1769 1252 1868 1276 enu-
1896 1283 1901 1288 ι

464 1303 660 1355 cleateque
680 1301 807 1348 faciat,
828 1317 919 1342 eum
940 1303 1066 1343 solum
1086 1305 1219 1343 Attice
1239 1305 1378 1344 dicere.
1412 1306 1565 1350 Errant,
1588 1304 1695 1357 quod
1712 1304 1838 1343 solum
1853 1323 1867 1350 ;

463 1369 571 1422 quod
604 1369 750 1414 Attice,
793 1383 870 1408 non
900 1369 1102 1410 falluntur.
1162 1371 1328 1410 Istorum
1360 1371 1466 1410 enim
1490 1371 1655 1423 judicio,
1685 1371 1712 1409 fi
1742 1371 1871 1409 solum

462 1436 563 1474 illud
583 1435 635 1474 est
655 1437 850 1482 Atticum,
882 1450 930 1475 ne
957 1438 1120 1476 Pericles
1141 1438 1302 1491 quidem
1331 1439 1430 1477 dixit
1460 1439 1606 1483 Attice,
1639 1438 1704 1477 cui
1735 1437 1873 1491 primae

464 1503 542 1541 fine
575 1504 825 1541 controverfia
858 1503 1136 1544 deferebantur.
1197 1506 1279 1557 Qi
1312 1505 1339 1544 fi
1379 1506 1485 1544 tenui
1518 1519 1654 1558 genere
1684 1513 1868 1549 uteretur,

464 1582 665 1621 nunquam
685 1569 732 1606 ab
752 1569 1007 1622 Aristophane
1027 1579 1138 1622 poeta
1156 1569 1319 1622 fulgere,
1337 1580 1479 1616 tonare,
1510 1571 1735 1623 permiscere
1756 1571 1868 1610 Grae-

465 1635 580 1679 ciam,
603 1634 726 1672 dictus
746 1634 847 1672 effer.
902 1635 1019 1673 Dicat
1040 1636 1159 1687 igitur
1176 1636 1308 1674 Attice
1328 1636 1606 1674 venustissimus
1627 1635 1691 1673 ille
1710 1635 1871 1688 scriptor

466 1714 508 1738 ac
529 1700 774 1753 politissimus
795 1701 937 1752 Lyslas.
971 1702 1072 1753 Qis
1092 1702 1197 1740 enim
1217 1702 1257 1739 id
1277 1702 1389 1756 poffit
1408 1716 1544 1756 negare
1561 1703 1574 1740 ,Ρ
1606 1702 1702 1740 dum
1723 1701 1869 1740 intelli-

465 1780 615 1819 gamus,
647 1765 724 1804 hoc
744 1765 814 1804 effe
834 1766 1014 1804 Atticum
1044 1767 1084 1804 in
1115 1767 1240 1819 Lysia,
1275 1781 1353 1805 non
1384 1768 1489 1820 quod
1523 1767 1649 1805 tenuis
1668 1769 1726 1812 fit,
1757 1775 1872 1819 atque

467 1835 678 1878 inornatus,
714 1832 776 1870 sed
797 1833 900 1885 quod
921 1832 1019 1871 nihil
1039 1832 1176 1872 habeat
1196 1834 1374 1880 insolens,
1396 1843 1461 1872 aut
1487 1834 1677 1887 ineptum.
1725 1833 1873 1871 Ornate

467 1914 571 1945 vero,
593 1910 630 1938 et
649 1900 825 1952 graviter,
857 1909 893 1938 et
913 1899 1065 1953 copiose
1085 1900 1222 1946 dicere,
1255 1910 1320 1939 aut
1340 1901 1566 1940 Atticorum
1585 1901 1644 1946 fit,
1676 1908 1740 1939 aut
1760 1913 1807 1937 ne
1826 1899 1872 1937 fit

468 1965 685 2011 AEschines,
707 1979 801 2004 neve
817 1966 1112 2012 Demosthenes,
1134 1968 1304 2005 Atticus.

523 2033 627 2070 Ecce
660 2043 789 2070 autem
823 2032 943 2084 aliqui
974 2032 1009 2070 se
1041 2032 1310 2084 Thucydidios
1344 2031 1415 2070 effe
1448 2031 1689 2085 profitentur,
1723 2044 1872 2068 novum

468 2098 665 2150 quoddam
686 2099 956 2151 imperitorum
989 2108 1026 2136 et
1057 2098 1276 2136 inauditum
1307 2111 1440 2150 genus.
1487 2097 1594 2136 Nam
1628 2097 1696 2149 qui
1716 2096 1872 2148 Lyfiam

470 2165 694 2216 sequuntur,
725 2164 959 2201 causidicum
980 2165 1173 2216 quendam
1201 2165 1437 2216 sequuntur;
1469 2177 1546 2202 non
1576 2163 1691 2202 illum
1711 2163 1871 2215 quidem
1931 2201 1934 2204 .

470 2231 645 2283 amplum
667 2241 779 2282 atque
811 2230 995 2282 grandem
1011 2249 1022 2275 ;
1054 2231 1235 2269 subtilem
1255 2240 1293 2268 et
1312 2230 1526 2283 elegantem
1556 2235 1697 2275 tamen,
1732 2239 1770 2268 et
1803 2230 1872 2282 qui

472 2299 513 2336 in
534 2296 743 2335 forenfibus
780 2296 896 2334 causis
918 2297 1027 2349 posfit
1047 2297 1224 2350 praeclare
1254 2297 1464 2336 consistere.
1516 2296 1768 2349 Thucydides
1801 2311 1871 2335 au-

472 2373 553 2402 tem
585 2377 640 2401 res
660 2363 777 2415 gestas
804 2372 842 2400 et
873 2362 973 2400 bella
1002 2372 1125 2401 narrat
1154 2372 1192 2401 et
1212 2364 1353 2416 praelia,
1380 2363 1543 2415 graviter
1563 2363 1646 2401 sane
1666 2372 1704 2401 et
1723 2363 1842 2415 probe
1857 2380 1870 2408 3

474 2430 536 2468 sed
555 2428 653 2467 nihil
675 2430 720 2467 ab
741 2443 785 2467 eo
806 2428 997 2467 transferri
1018 2429 1140 2482 potest
1164 2430 1210 2468 ad
1229 2429 1418 2468 forensem
1439 2429 1551 2468 usum
1581 2438 1619 2467 et
1650 2429 1871 2483 publicum.

476 2496 568 2548 Ipsa:
600 2497 674 2534 illac
708 2496 910 2535 conciones
945 2497 997 2534 ita
1016 2497 1157 2535 multas
1177 2496 1320 2535 habent
1348 2497 1523 2536 obscuras
1550 2495 1769 2547 abditasque
1787 2495 1872 2532 sen-

475 2564 626 2608 tentias,
657 2562 721 2601 vix
756 2571 798 2602 ut
818 2562 1082 2616 intelligantur
1098 2581 1111 2610 ς
1143 2562 1247 2615 quod
1277 2562 1330 2601 est
1349 2562 1390 2603 in
1420 2561 1590 2602 oratione
1608 2560 1715 2601 civili
1733 2560 1875 2600 vitium
