2176 2912
733 194 1409 235 PARTITIONES.
1699 213 1771 253 511

370 283 648 327 incredibiliter
667 288 859 332 tollimus,
891 300 1054 340 quaeque
1075 287 1308 333 mirabilius,
1338 303 1456 341 quam
1478 289 1661 328 sermonis
1683 305 1778 329 con-

370 355 529 392 suetudo
550 354 707 406 patitur,
727 367 922 391 ornamus.

425 420 496 457 VI.
530 420 703 456 FILIUS.
728 419 868 456 Habeo
888 418 934 455 de
955 418 1194 470 fimplicibus
1216 419 1365 457 verbis:
1389 435 1492 459 nunc
1523 422 1569 459 de
1590 424 1779 475 conjunc-

367 485 474 522 tione
495 499 637 537 quaero.
677 486 854 523 PATER.
879 486 1047 523 Numeri
1068 486 1227 537 quidam
1248 486 1335 524 sunt
1354 488 1394 524 in
1414 489 1685 540 conjunctione
1703 490 1778 527 ser-

369 552 497 596 vandi,
519 551 817 603 consecutioque
836 551 1057 590 verborum.
1096 551 1292 590 Numeros
1313 566 1419 591 aures
1439 554 1527 606 ipsae
1550 555 1779 601 metiuntur,

370 631 418 655 ne
434 628 500 656 aut
517 632 594 656 non
614 618 808 670 compleas
829 618 954 656 verbis
970 618 1075 670 quod
1092 619 1344 671 proposueris,
1362 629 1427 658 aut
1445 620 1646 659 redundes.
1671 623 1779 659 Con-

370 683 514 722 secutio
535 694 678 729 autem‚
701 698 747 722 ne
763 685 979 737 generibus,
1002 686 1186 730 numeris,
1210 687 1464 738 temporibus,
1482 687 1663 739 personis,
1687 687 1780 725 cafi-

370 751 456 795 bus,
477 752 719 804 perturbetur
739 752 874 789 oratio.
898 752 1019 796 Nam,
1042 761 1085 789 ut
1102 752 1141 789 in
1162 753 1402 805 simplicibus
1424 754 1563 799 verbis,
1581 755 1687 806 quod
1702 768 1780 792 non

371 816 424 854 est
443 817 655 861 Latinum,
688 817 736 854 slC
768 817 807 854 in
828 818 1061 869 conjunctis,
1096 818 1199 870 quod
1221 833 1299 856 non
1319 819 1371 856 est
1391 819 1637 871 consequens,
1674 820 1779 857 vitu-

369 882 670 935 perandumvest.
705 884 945 920 Communia
964 894 1093 921 autem
1116 885 1368 936 fimplicium,
1401 887 1780 938 conjunctorumque

370 948 458 986 sunt
489 948 570 987 haec
606 949 779 1001 quinque
810 949 913 1001 quasi
935 949 1097 995 lumina,
1135 951 1366 996 dilucidum,
1403 952 1529 996 breve,
1566 953 1778 1004 probabile,

371 1015 531 1060 illustre,
570 1015 691 1053 suave.
742 1010 986 1054 'Dilucidum
1013 1016 1057 1054 fit
1081 1016 1224 1054 ufitatis
1255 1018 1395 1063 verbis,
1437 1018 1615 1070 propriis,
1650 1018 1780 1071 dispo-

372 1081 450 1118 fitis
486 1091 551 1118 aut
577 1081 934 1134 circumscriptione
954 1083 1147 1128 conclusa,
1178 1093 1244 1120 aut
1278 1083 1567 1128 intermiffione,
1599 1094 1663 1122 aut
1684 1097 1780 1122 con-

371 1147 511 1185 cisione
531 1148 753 1185 verborum.
803 1147 1026 1186 Obscurum
1046 1158 1189 1194 autem,
1223 1158 1287 1187 aut
1308 1150 1565 1202 longitudine,
1597 1160 1661 1188 aut
1682 1164 1778 1187 con-

371 1214 553 1252 tractione
587 1214 783 1258 orationis,
819 1223 883 1251 aut
917 1215 1184 1267 ambiguitate,
1216 1225 1280 1253 aut
1310 1216 1530 1261 inflexione,
1562 1226 1676 1269 atque
1700 1217 1778 1254 im—

371 1281 587 1318 mutatione
627 1276 848 1318 verborum.
909 1281 1077 1319 Brevitas
1122 1290 1251 1320 autem
1297 1282 1502 1321 conficitur
1539 1283 1779 1335 simplicibus

371 1348 498 1385 verbis
516 1366 526 1391 3
560 1347 674 1385 semel
697 1361 924 1400 unaquaque
945 1362 983 1386 re
1017 1348 1177 1387 dicenda
1196 1364 1204 1387 :
1238 1350 1421 1394 nullirei,
1455 1350 1522 1388 nisi
1544 1359 1587 1387 ut
1606 1350 1779 1387 dilucide

373 1414 489 1458 dicas,
513 1414 722 1452 serviendo.
768 1415 972 1452 Probabile
991 1424 1121 1453 autem
1141 1430 1261 1468 genus
1282 1416 1334 1453 est
1353 1417 1548 1460 orationis,
1571 1416 1597 1453 fi
1619 1430 1695 1453 non
1716 1416 1784 1453 ni-v

372 1481 446 1518 mis
467 1481 519 1518 est
539 1490 759 1533 comptum,
792 1489 907 1532 atque
928 1481 1160 1534 expolitum,
1192 1482 1217 1519 fi
1249 1482 1302 1519 est
1327 1483 1528 1520 auotoritas
1560 1491 1598 1519 et
1628 1482 1779 1534 pondus

372 1547 411 1584 in
444 1547 582 1590 verbis,
614 1546 640 1583 fi
677 1546 868 1584 sententiae
891 1547 950 1583 vel
973 1560 1116 1598 graves,
1148 1548 1206 1584 vel
1238 1558 1333 1599 aptae
1362 1548 1611 1600 opinionibus
1647 1546 1779 1584 homi-

372 1625 483 1656 num,
504 1622 553 1649 -et
573 1613 761 1650 moribus.
821 1612 983 1650 Illustris
1015 1623 1144 1651 autem
1165 1615 1286 1651 oratio
1306 1614 1372 1658 est,
1406 1614 1430 1651 si
1453 1624 1491 1651 et
1522 1615 1632 1651 verba
1652 1615 1781 1666 gravi-

372 1675 455 1716 tate¹
480 1679 622 1716 delecta
656 1688 867 1731 ponuntur,
898 1688 936 1716 et
968 1679 1152 1724 transsata,
1184 1689 1221 1717 et
1253 1680 1451 1732 superlata,
1486 1690 1524 1718 et
1555 1681 1601 1718 ad
1636 1694 1779 1718 nomen

373 1745 562 1796 adjuncta,
593 1754 630 1781 et
662 1744 868 1796 duplicata,
900 1754 937 1781 et
965 1745 1067 1782 idem
1099 1746 1363 1797 significantia,
1395 1756 1507 1798 atque
1538 1747 1584 1783 ab
1611 1747 1688 1799 ipsa
1714 1760 1779 1784 ac-

373 1811 491 1855 tione,
523 1820 636 1862 atque
671 1811 886 1848 imitatione
918 1825 1042 1848 rerum
1072 1825 1149 1849 non
1170 1811 1425 1851 abhorrentia.
1486 1813 1553 1851 Est
1573 1814 1676 1850 enim
1696 1812 1778 1851 haec

372 1890 456 1930 pars
488 1877 685 1920 orationis,
717 1890 801 1928 quae
834 1890 915 1914 rem
937 1877 1141 1915 constituat
1168 1892 1263 1931 pene
1292 1890 1378 1917 ante
1408 1879 1571 1917 oculos:
1613 1880 1643 1917 is
1670 1881 1777 1917 enim

373 1944 544 1981 maxime
565 1942 687 1980 sensus
716 1943 946 1995 attingitur;
979 1943 1039 1981 sed
1071 1945 1196 1981 caeteri
1224 1954 1368 1990 tamen,
1399 1954 1436 1982 et
1468 1946 1638 1983 maxime
1670 1959 1779 1983 mens

373 2009 450 2061 ipsa
470 2009 616 2046 moveri
636 2009 771 2061 potest.
817 2009 888 2046 Sed
910 2023 994 2061 quse
1015 2010 1114 2047 didita
1136 2010 1222 2047 sunt
1244 2010 1290 2047 de
1310 2011 1480 2048 oratione
1509 2011 1691 2055 dilucida,
1715 2025 1778 2048 ca-

374 2075 473 2113 dunt
493 2076 532 2112 in
553 2074 652 2113 hanc
674 2075 861 2113 illustrem
881 2076 1026 2113 omnia.
1078 2077 1145 2113 Est
1165 2077 1268 2114 enim
1292 2077 1377 2129 plus
1403 2077 1599 2129 aliquanto
1620 2077 1778 2122 illustre,

373 2155 491 2194 quam
510 2142 611 2179 illud
632 2142 865 2180 dilucidum.
925 2143 1060 2180 Altero
1081 2143 1124 2180 fit
1155 2154 1196 2181 ut
1217 2144 1493 2195 i1itelligamu8‚
1525 2144 1644 2181 altero
1675 2149 1777 2189 vero,

373 2218 417 2246 ut
437 2209 564 2246 videre
596 2210 806 2246 videamur.
868 2210 985 2246 Suave
1006 2219 1135 2247 autem
1162 2225 1281 2262 genus
1303 2212 1374 2247 erit
1405 2211 1572 2255 dicendi,
1605 2209 1777 2263 primum

374 2274 560 2326 elegantia
580 2284 617 2311 et
643 2275 886 2326 jucunditate
907 2276 1110 2313 verborum
1134 2276 1366 2321 sonantium,
1400 2286 1436 2314 et
1458 2276 1634 2321 lenium,
1667 2277 1777 2313 dein—

374 2339 421 2377 de
452 2341 739 2391 conjunctione,
776 2354 859 2391 quae
891 2355 1015 2393 neque
1048 2342 1192 2394 asperos
1224 2341 1362 2379 habeat
1393 2343 1611 2385 concursus,
1655 2354 1778 2392 neque

376 2406 601 2457 disjuncto&
624 2415 737 2457 atque
758 2405 905 2443 hiantes
924 2425 934 2449 ;
966 2417 1003 2444 ct
1025 2408 1066 2444 s1t
1087 2408 1376 2459 circumscripta
1397 2397 1479 2445 non
1495 2409 1610 2458 longo
1630 2406 1778 2443 anfrac-

374 2480 433 2514 tu,
467 2470 525 2507 sed
548 2471 591 2508 ad
624 2471 802 2523 spiritum
824 2472 926 2509 vocis
948 2467 1050 2524 apto,
1079 2471 1292 2524 habeatque
1313 2473 1618 2515 similitudinem,
1650 2486 1777 2523 aqua-

374 2537 602 2588 litatemque
623 2537 855 2583 vcrborum5
889 2546 975 2576 tum
1005 2551 1051 2576 ex
1074 2540 1273 2576 contrariis
1295 2539 1446 2597 sumpta
1467 2538 1614 2576 verbis:
1647 2539 1777 2575 crebra
