2176 2912
811 200 1315 242 ToPICA.
1688 222 1762 263 501

364 297 466 343 casu,
497 310 588 336 cum
609 304 674 335 aut
692 305 868 349 ageretur
887 295 1048 348 aliquid,
1068 295 1173 348 quod
1190 294 1466 348 proferendum
1487 309 1564 336 non
1585 298 1687 345 effer,
1709 311 1775 341 aut

365 364 567 402 diceretur.
627 364 673 401 In
692 361 769 400 hoc
800 375 939 415 genere
968 362 1086 399 etiam
1106 361 1173 399 illa
1191 361 1244 399 est
1269 362 1310 400 in
1338 362 1582 403 Palamedem
1602 368 1772 419 conjecta

364 429 628 481 suspicionum
647 428 878 482 proditionis
901 428 1139 466 multitudo:
1172 427 1278 480 quod
1307 442 1428 481 genus
1456 429 1619 470 refutare
1649 434 1771 473 inter-

365 494 461 532 dum
481 495 615 532 veritas
647 495 714 533 vix
744 494 880 547 potest.
941 495 1074 547 Hujus
1109 494 1227 532 etiam
1257 496 1406 547 generis
1437 496 1490 534 est
1519 496 1622 536 fama
1651 500 1774 553 vulgi,

365 561 564 613 quoddam
585 561 849 599 multitudinis
870 561 1151 600 testimonium.

421 629 520 680 Qae
540 637 671 666 autem
690 629 832 666 virtute
848 627 966 666 fidem
979 627 1140 673 faciunt,
1158 641 1201 666 ea
1220 627 1401 682 bipartita
1415 628 1517 669 sunt.
1549 630 1612 669 Ex
1632 631 1774 684 quibus

365 692 530 732 alterum
551 694 686 732 natura
715 694 838 739 valet3
871 694 1050 739 alterum,
1087 694 1284 733 industria.
1331 696 1508 734 Deorum
1528 697 1634 736 enim
1653 698 1775 737 virtus

366 761 502 798 natura
521 761 675 799 excellit
691 780 701 806 ;
734 760 944 799 hominum
966 770 1110 806 autem,
1133 761 1330 801 industria.

426 827 572 865 Divina
590 826 672 865 haec
691 826 770 865 fere
789 827 876 865 sunt
898 827 1128 866 testimonia.
1180 826 1359 866 Primum
1380 828 1562 867 orationis
1581 845 1590 869 :
1624 831 1777 870 oracula

365 893 471 931 enim
491 907 538 931 ex
558 907 602 932 eo
621 894 702 946 ipso
722 894 910 947 appellata
930 894 1030 939 sunt,
1062 894 1168 946 quod
1196 895 1291 932 inest
1308 897 1349 932 in
1369 895 1429 934 his
1457 896 1619 936 deorum
1636 899 1773 938 oratio.

366 959 521 997 Deinde
551 973 694 1005 remm,
730 960 770 998 in
805 961 947 1013 quibus
978 960 1108 998 insunt
1139 961 1239 1012 quasi
1273 975 1387 1013 opera
1417 962 1546 1002 divina
1565 965 1772 1016 quaedam:

364 1026 538 1077 primum
559 1026 637 1079 ipse
657 1026 840 1072 mundus,
872 1027 1027 1079 ejusque
1046 1028 1173 1064 omnis
1195 1027 1302 1072 ordo,
1326 1037 1364 1065 et
1381 1037 1535 1066 ornatus
1555 1044 1563 1068 :
1596 1030 1775 1084 deinceps

365 1092 463 1129 ae'rei
484 1092 631 1130 volatus
652 1093 796 1137 avium,
827 1102 943 1144 atque
964 1102 1099 1131 cantus
1120 1112 1131 1138 3
1164 1093 1301 1131 deinde
1326 1094 1495 1145 ejusdem
1513 1096 1606 1134 aeris
1628 1096 1773 1135 sonitus

365 1166 404 1195 et
425 1158 588 1203 ardores,
621 1158 911 1210 multarumque
946 1172 1074 1197 rerum
1096 1160 1135 1196 in
1161 1169 1257 1197 terra
1287 1169 1490 1212 portenta3
1523 1170 1635 1213 atque
1655 1163 1773 1201 etiam

365 1236 434 1275 per
453 1233 552 1268 exta,
584 1225 738 1262 inventa
758 1224 967 1276 praesenfio.
1018 1227 1055 1264 A
1076 1225 1357 1264 dormientibus
1379 1240 1533 1279 quoque
1553 1228 1676 1266 multa
1696 1229 1771 1282 fig-

365 1289 520 1328 nificata
540 1291 638 1328 vifis.
700 1291 855 1342 Qibus
888 1305 935 1329 ex
955 1291 1049 1329 locis
1081 1291 1181 1330 sumi
1214 1292 1410 1331 interdum
1431 1293 1550 1331 solent
1581 1295 1629 1331 ad
1654 1294 1772 1333 fidem

365 1355 582 1395 faciendam
605 1357 819 1395 testimonia
840 1357 1013 1397 deorum.

422 1424 467 1461 ln
487 1422 649 1462 homine
669 1424 821 1462 virtutis
842 1426 974 1477 opinio
995 1425 1092 1463 valet
1111 1425 1341 1477 plurimum.
1390 1427 1538 1479 Opinio
1558 1436 1684 1465 autem
1702 1427 1769 1472 est,

366 1503 444 1527 non
479 1490 597 1528 modo
627 1503 690 1527 eos
725 1490 910 1528 virtutem
942 1489 1096 1536 habere,
1128 1492 1195 1543 qui
1226 1491 1404 1537 habeant,
1447 1492 1508 1530 sed
1543 1507 1605 1531 eos
1637 1494 1769 1538 etiam,

366 1556 436 1607 qui
466 1554 603 1594 habere
623 1556 836 1594 videantur.
897 1558 1046 1609 Itaque,
1074 1571 1170 1609 quos
1200 1558 1368 1610 ingenio,
1395 1573 1490 1611 quos
1512 1560 1650 1605 studio,
1673 1573 1769 1612 quos

366 1621 538 1660 dofffina
557 1622 734 1676 praeditos
754 1623 900 1668 vident,
934 1637 1178 1676 quorumque
1199 1624 1319 1661 vitam
1339 1625 1590 1671 constantem,
1612 1636 1649 1664 et
1679 1640 1770 1679 pro—

366 1687 522 1733 batam,
559 1699 602 1727 ut
634 1690 819 1734 Catonis,
866 1690 1005 1734 Laehi,
1044 1691 1257 1742 Scipionis,
1303 1691 1545 1744 aliorumque
1579 1693 1767 1745 plurium,

366 1762 496 1791 rentur
515 1767 578 1791 eos
599 1754 684 1798 effe,
716 1755 846 1806 quales
867 1754 973 1806 seipfi
994 1755 1128 1793 velint.
1172 1757 1258 1794 Nec
1279 1756 1403 1795 solum
1423 1771 1484 1795 eos
1505 1758 1658 1796 censent
1676 1759 1769 1797 tales

365 1818 450 1864 effe,
482 1820 550 1872 qui
594 1821 633 1857 in
664 1818 876 1858 honoribus
916 1821 1064 1873 populi,
1109 1831 1223 1874 atque
1252 1823 1293 1860 in
1332 1824 1528 1877 republica
1560 1824 1766 1869 versantur,

366 1885 426 1924 sed
460 1895 498 1924 et
531 1896 708 1931 oratores,
753 1896 792 1924 et
820 1886 1085 1940 philosophos,
1130 1898 1168 1926 et
1201 1898 1344 1941 poetas,
1386 1900 1423 1928 et
1455 1890 1688 1936 historicos3
1720 1905 1767 1929 ex

364 1966 534 2005 quorum
554 1963 591 1992 et
611 1953 736 1999 dietis,
761 1962 798 1992 et
818 1953 966 2007 scriptis
988 1954 1082 2006 saepe
1102 1956 1302 1993 auctoritas
1322 1957 1466 2008 petitur
1486 1958 1531 1995 ad
1550 1957 1767 1996 faciendam

365 2018 498 2058 fidem.

421 2087 534 2124 XXI.
567 2087 759 2139 Expositis
793 2088 974 2126 omnibus
1009 2088 1301 2140 argumentandi
1332 2088 1440 2134 locis,
1474 2090 1571 2127 illud
1591 2088 1767 2143 primum

364 2152 663 2206 intelligendum
695 2154 762 2198 est,¹
792 2168 864 2192 nec
884 2155 1003 2193 ullam
1030 2155 1099 2192 effe
1130 2155 1442 2207 disputationem,
1474 2157 1513 2194 in
1539 2171 1655 2210 quam
1688 2171 1767 2196 non

365 2219 503 2272 aliquis
525 2220 632 2259 locus
652 2221 831 2266 incurrat,
863 2235 933 2259 nec
955 2221 1032 2260 fere
1059 2236 1191 2261 ornnes
1219 2222 1322 2260 locos
1344 2223 1511 2261 incidere
1540 2225 1581 2261 in
1605 2238 1766 2262 omnem

365 2285 627 2337 quaestionem,
658 2296 695 2324 et
730 2288 957 2339 quibusdam
991 2288 1262 2340 quaestionibus
1296 2289 1403 2334 alios,
1435 2290 1662 2341 quibusdam
1693 2290 1764 2327 effe

366 2351 458 2388 alios
489 2353 650 2403 aptiores
681 2352 800 2390 locos.
861 2354 1128 2404 Qaestionum
1162 2355 1241 2391 duo
1273 2354 1361 2392 sunt
1393 2369 1557 2407 genera;
1600 2356 1762 2392 alterum

366 2417 580 2461 infinitum,
602 2418 764 2456 alterum
781 2418 998 2458 definitum.
1022 2420 1242 2457 Definitum
1260 2420 1325 2464 est,
1341 2422 1445 2472 quod
1464 2418 1603 2456 ὑπὲὃεων
1620 2421 1761 2465 Graeci,

367 2497 435 2521 nos
467 2485 631 2536 cazsszm:
662 2483 881 2530 Infinitum,
906 2485 1010 2538 quod
1039 2481 1120 2521 Θέτιν
1138 2485 1197 2524 illi
1217 2486 1424 2539 appellant,
1455 2499 1522 2524 nos
1546 2486 1762 2539 prepositum

366 2549 561 2602 possumus
581 2550 792 2589 nominare.
