2176 2912
396 299 446 337 62
702 299 804 336 DE
874 299 1486 338 INVENTIONE

395 390 556 442 simplex
571 390 762 429 conclusio
778 391 857 429 falfi
873 392 1019 444 aliquid
1038 393 1234 430 continere
1254 393 1542 432 demonstratur.
1573 393 1678 431 Nam
1698 407 1788 433 om-

395 470 456 500 ne,
479 457 582 508 quod
597 457 760 494 sumitur
775 457 820 494 ad
841 458 1202 510 argumentandum,
1224 460 1296 497 five
1316 473 1386 512 pro
1403 459 1607 512 probabili,
1629 460 1702 498 five
1720 473 1792 513 pro

394 522 609 567 necessario,
631 522 773 560 neceffe
793 523 844 560 est
860 523 1028 561 sumatur
1047 538 1093 562 ex
1113 523 1172 562 his
1189 525 1298 569 locis,
1320 534 1362 562 ut
1382 534 1467 563 ante
1483 525 1731 563 ostendimus.

450 589 600 626 XLIII.
634 588 752 640 Qod
782 602 851 640 pro
871 589 1045 626 credibili
1067 589 1264 642 sumptum
1286 591 1370 635 erit,
1399 591 1436 627 id
1458 590 1730 635 infirmabitur,
1761 591 1787 629 fi

395 663 459 692 aut
478 655 671 707 perspicue
691 653 829 692 falsum
850 655 934 699 erit,
956 654 1030 692 hoc
1053 655 1195 700 modo;
1229 656 1358 693 Nemo
1378 656 1443 700 est,
1475 656 1542 708 qui
1563 670 1640 694 non
1666 670 1788 708 pecu-

394 721 499 758 niam
520 734 637 772 quam
657 720 875 772 sapientiam
894 721 1016 759 malit.
1059 723 1142 758 Aut
1161 734 1207 759 ex
1227 723 1414 760 contrario
1435 736 1588 774 quoque
1606 722 1789 761 credibile

394 786 540 838 aliquid
560 785 730 829 habebit,
749 784 822 823 hoc
839 785 978 830 modo3
1009 786 1109 837 Qis
1126 786 1190 830 est,
1213 787 1279 838 qui
1297 800 1372 824 non
1394 788 1513 824 officii
1532 788 1709 840 cupidior
1728 787 1786 833 fit,

393 865 512 903 quam
534 851 702 903 pecuniae
721 852 733 888 ?
781 852 863 889 Aut
884 852 955 889 erit
977 852 1138 890 omnino
1158 852 1397 897 incredibile,
1430 860 1471 890 ut
1490 852 1517 890 fi
1537 853 1638 904 quis,
1668 866 1787 904 quem

394 917 536 955 constet
556 916 625 954 effe
638 929 806 960 avarum,
821 917 935 961 dicat,
953 917 1114 969 alicujus
1132 917 1335 956 mediocriS
1352 918 1470 955 officii
1486 917 1592 955 causa
1609 917 1643 955 se
1659 918 1787 956 maxi-

393 996 496 1020 mam
519 983 720 1035 pecuniam
742 982 956 1034 neglexisse.
990 984 1070 1020 Aut
1091 983 1130 1027 fi,
1153 984 1255 1035 quod
1272 984 1311 1020 in
1331 983 1560 1034 quibusdam
1576 983 1701 1028 rebus,
1723 992 1788 1021 aut

393 1047 618 1086 hominibus
639 1048 791 1093 accidit,
823 1048 862 1085 id
892 1049 1073 1086 omnibus
1094 1048 1240 1086 dicatur
1261 1048 1329 1086 usu
1348 1049 1511 1094 evenire,
1542 1048 1617 1087 hoc
1646 1051 1756 1101 pacto
1771 1067 1785 1094 ς

394 1114 474 1165 Qi
496 1127 675 1165 pauperes
696 1113 794 1157 sunt,
826 1113 871 1151 iis
892 1114 1085 1165 antiquior
1110 1115 1239 1151 officio
1265 1115 1428 1166 pecunia
1456 1115 1521 1152 est.
1569 1114 1649 1164 Qi
1680 1114 1788 1152 locus

393 1179 558 1217 desertus
592 1179 657 1223 est,
689 1179 728 1216 in
749 1192 794 1216 eo
813 1180 955 1217 caedem
990 1179 1126 1217 faecam
1146 1180 1215 1217 effe
1235 1189 1398 1232 oportet.
1459 1181 1502 1217 In
1531 1180 1617 1217 loco
1645 1180 1787 1217 celebri

392 1244 512 1283 homo
532 1245 656 1283 occidi
687 1245 754 1296 qui
774 1245 901 1297 potuit
919 1245 931 1282 ?
963 1246 1045 1283 Aut
1076 1245 1101 1283 fi
1122 1245 1174 1289 id,
1208 1245 1312 1296 quod
1333 1259 1414 1282 raro
1434 1245 1492 1289 fit,
1523 1245 1605 1282 fieri
1624 1243 1790 1282 omnino

392 1320 576 1363 negatur3
610 1320 651 1347 ut
673 1311 813 1348 Curius
835 1324 903 1362 pro
925 1311 956 1348 F
961 1311 1092 1356 ulvi05
1124 1312 1235 1349 Nemo
1258 1310 1370 1364 potest
1400 1324 1466 1348 uno
1496 1312 1652 1364 (gspeHu,
1679 1324 1788 1364 neqm

384 1377 611 1429 praeteriens,
633 1376 669 1413 in
689 1390 838 1414 amorem
858 1375 1020 1414 incidere.

446 1442 563 1493 Qod
583 1449 710 1479 autem
745 1455 814 1493 pro
845 1441 949 1493 signo
970 1441 1153 1487 sumetur,
1185 1443 1223 1481 id
1253 1456 1300 1481 ex
1331 1442 1464 1481 iisdem
1496 1442 1606 1487 locis,
1643 1441 1788 1494 quibus

389 1507 651 1550 confirmatur,
667 1506 937 1544 infirmabitur.
961 1508 1068 1545 Nam
1088 1508 1127 1545 in
1149 1508 1266 1560 figno,
1285 1509 1459 1560 primurn
1480 1521 1613 1545 verum
1632 1507 1703 1545 effe
1723 1507 1785 1545 os-

390 1572 495 1611 tendi
515 1580 664 1625 oportet
682 1586 690 1609 :
723 1572 859 1609 deinde
889 1573 970 1623 ejus
999 1573 1069 1610 effe
1089 1573 1142 1610 rei
1162 1573 1312 1625 signum
1333 1574 1546 1626 proprium,
1579 1587 1655 1625 qua
1679 1573 1726 1611 de
1746 1587 1785 1611 re

390 1639 527 1691 agitur,
560 1647 601 1675 ut
630 1650 805 1675 cruorem
825 1638 963 1676 caedis:
995 1639 1131 1677 deinde
1159 1638 1304 1677 factum
1325 1639 1410 1684 effe,
1441 1640 1545 1692 quod
1562 1653 1639 1678 non
1668 1653 1784 1692 opor-

390 1705 504 1742 tuerit
520 1722 531 1748 ;
553 1713 617 1741 aut
638 1717 714 1741 non
734 1702 893 1748 fanum,
911 1704 1015 1755 quod
1036 1705 1245 1757 oportuerit
1264 1720 1272 1743 :
1292 1705 1481 1757 postremo
1498 1705 1599 1744 sciffe
1615 1720 1717 1750 eum,
1739 1706 1785 1744 de

390 1784 465 1823 qua
484 1771 678 1822 quaerstur,
694 1770 773 1820 ejus
795 1770 846 1807 rei
867 1770 992 1822 legem
1013 1779 1051 1808 et
1070 1771 1401 1810 consuetudinem.
1424 1773 1532 1811 Nam
1550 1786 1601 1810 eae
1621 1785 1676 1810 res
1698 1772 1784 1810 sunt

390 1837 495 1889 signo
522 1835 726 1879 attributae,
757 1849 848 1887 quas
881 1836 1102 1889 diligentius
1133 1838 1359 1890 aperiemus,
1389 1852 1480 1876 cum
1507 1838 1705 1891 separatim
1737 1839 1785 1876 de

389 1902 467 1954 ipsa
485 1901 729 1953 conjecturali
749 1901 1020 1940 constitutione
1040 1903 1227 1941 dicemus.
1251 1904 1356 1956 Ergo
1371 1903 1511 1942 horum
1533 1904 1784 1956 unumquod-

390 1980 464 2019 que
485 1967 524 2004 in
546 1965 844 2018 reprehensione,
877 1976 942 2005 aut
962 1981 1038 2005 non
1058 1968 1128 2006 effe
1149 1969 1266 2020 figno,
1298 1978 1362 2007 aut
1379 1983 1517 2022 parum
1537 1983 1678 2022 magno
1697 1969 1782 2014 effe,

389 2042 452 2070 aut
472 2046 491 2069 a
513 2032 547 2069 se
567 2032 708 2084 potius,
730 2045 847 2084 quam
867 2033 914 2070 ab
934 2033 1147 2071 adversariis
1168 2034 1274 2078 stare,
1306 2043 1371 2072 aut
1396 2036 1557 2072 omnino
1575 2034 1669 2072 false>
1690 2035 1783 2080 dici,

389 2108 453 2135 aut
473 2099 512 2135 in
533 2098 645 2136 aliam
666 2112 820 2150 quoquc
840 2098 1092 2151 suspicionem
1112 2099 1202 2137 duci
1223 2099 1323 2151 posse
1344 2100 1676 2138 demonstrabitur.

427 2163 574 2200 XLIV.
599 2164 702 2200 Cum
718 2172 846 2200 autem
860 2177 929 2215 pro
944 2164 1192 2215 comparabili
1207 2164 1352 2216 aliquid
1368 2165 1583 2210 inducetur,
1598 2165 1783 2216 quoniam

388 2228 426 2265 id
446 2241 511 2280 per
532 2228 824 2266 similitudinem
846 2230 1013 2267 maxime
1040 2231 1231 2275 tractatur,
1253 2230 1292 2267 in
1310 2229 1618 2282 reprehendendo
1639 2244 1782 2269 conve-

389 2294 468 2332 niet
489 2294 610 2331 fimile
632 2294 669 2331 id
690 2307 825 2346 negare
844 2294 914 2332 effe
935 2294 1037 2347 quod
1058 2294 1290 2341 conferetur,
1311 2296 1345 2333 ei
1366 2297 1527 2348 quicum
1549 2295 1780 2336 conferetur.

389 2360 433 2397 Id
454 2358 534 2396 fieri
551 2359 702 2411 poterit,
721 2359 746 2396 s1
762 2359 1079 2399 demonstrabitur
1098 2361 1287 2399 diversum
1304 2361 1374 2399 effe
1389 2376 1536 2414 genere,
1560 2370 1704 2407 natura,
1726 2363 1779 2409 vi,

388 2425 667 2478 magnitudine,
699 2434 885 2478 tempore,
920 2426 1019 2471 loco,
1050 2427 1218 2479 persona,
1249 2428 1432 2480 opinione
1450 2443 1458 2465 :
1490 2442 1532 2465 ac
1562 2428 1601 2473 fi,
1633 2442 1710 2480 quo
1740 2429 1782 2467 in

387 2505 549 2529 numero
569 2491 680 2536 illud,
710 2491 814 2543 quod
845 2506 911 2544 per
931 2493 1221 2532 similitudinem
1252 2493 1442 2539 afferetur,
1470 2503 1507 2532 et
1526 2508 1604 2546 quo
1634 2495 1674 2531 in
1695 2495 1783 2533 loco

387 2556 460 2595 hoc
491 2570 625 2609 genus,
656 2558 765 2608 cujus
796 2557 904 2596 caus&
930 2557 1117 2603 afferetur,
1148 2557 1278 2598 haberi
1305 2560 1517 2605 conveniat,
1549 2560 1778 2600 ostendetur.

386 2622 552 2667 Deinde,
575 2622 669 2676 quid
689 2636 744 2661 res
765 2636 857 2662 cum
878 2637 916 2663 re
936 2623 1098 2670 differat,
1120 2624 1452 2665 demonstrabitur.
1484 2626 1545 2665 Ex
1566 2639 1644 2678 quo
1664 2625 1780 2665 doce-
