2176 2912
679 167 1402 209 ORATORIBUS.
1670 170 1745 225 383

344 263 536 317 Sulpicius
553 262 610 300 vel
626 262 795 299 maxime
810 261 1005 305 omnium,
1023 273 1119 312 quos
1136 259 1294 312 quidem
1307 273 1378 312 ego
1390 259 1615 306 audiverim,
1631 275 1745 314 gran-

342 330 414 374 dis,
436 339 487 374 et,
510 337 552 365 ut
572 329 624 365 ita
643 328 782 372 dicam,
804 327 969 379 tragicus
989 335 1126 365 orator.
1160 327 1250 364 Vox
1266 339 1357 364 cum
1378 340 1528 378 magna,
1552 336 1639 365 tum
1659 328 1744 366 sua-

342 396 398 432 vis
418 404 455 431 et
471 393 665 446 splendida
680 411 692 437 ;
723 392 847 445 gestus
868 401 906 430 et
925 402 1054 431 motus
1075 392 1244 445 corporis
1266 392 1318 429 ita
1338 392 1530 436 venustus,
1553 402 1595 430 ut
1617 403 1745 432 tamen

340 459 387 496 ad
407 459 552 504 forum,
574 473 653 496 non
672 458 718 496 ad
738 459 905 503 scenam,
926 459 1123 496 institutus
1144 458 1356 502 videretur,
1381 458 1550 502 incitata,
1572 468 1610 495 et
1629 460 1743 497 volu-

342 524 444 570 bilis,
463 539 532 563 nec
552 539 595 562 ea
613 524 826 563 redundans
840 534 983 570 tamen,
1001 538 1070 562 nec
1091 524 1376 568 circumfluens,
1398 524 1532 561 oratio.
1572 524 1746 563 Craffum

339 588 406 628 hic
427 591 578 628 volebat
593 591 751 635 imitari,
775 592 891 628 Cotta
909 590 1074 628 malebat
1091 590 1311 628 Antonium
1326 608 1339 634 3
1363 588 1424 626 sed
1442 589 1488 626 ab
1504 587 1578 626 hoc
1597 590 1653 627 vis
1674 590 1743 628 ab-

340 666 418 694 erat
433 657 612 702 Antonii,
636 657 752 695 Craffi
773 657 819 695 ab
839 657 908 694 illo
928 657 1047 709 lepos.

398 724 434 760 O
471 736 666 775 magnam,
698 723 840 775 inquit,
876 731 1012 767 artem,
1062 723 1202 760 Brutus
1220 721 1226 758 !
1270 721 1296 758 fi
1328 721 1487 772 quidem
1516 720 1609 766 istis,
1651 735 1746 761 cum

340 789 484 827 summi
505 789 620 826 efl‘ent
639 798 817 833 oratores,
836 789 918 826 duae
938 802 994 825 res
1015 789 1207 832 maximae,
1229 787 1344 824 altera
1363 787 1471 824 alteri
1493 786 1630 825 defuit.

386 857 495 894 LVI.
518 857 649 907 Atque
669 856 708 892 in
729 854 790 892 his
807 854 1018 893 oratoribus
1039 854 1137 892 illud
1158 854 1542 891 animadvertendum
1559 854 1623 898 est,
1641 854 1743 907 poffe

339 921 410 958 effe
429 920 615 964 summos,
647 921 713 972 qui
735 921 835 957 inter
864 920 900 956 se
920 919 992 956 sint
1012 919 1222 956 diffimiles.
1273 917 1389 956 Nihil
1410 919 1515 956 enim
1539 928 1616 956 tam
1638 920 1743 958 difli-

338 986 446 1031 mile,
465 1000 582 1038 quam
604 987 720 1023 Cotta
740 986 937 1038 Sulpici0;
961 995 999 1023 et
1019 995 1180 1037 uterque
1201 984 1410 1037 aequalibus
1431 984 1505 1022 suis
1526 985 1744 1037 plurimum

338 1052 525 1105 praestitit.
568 1053 696 1103 Qare
726 1047 984 1090 hoc'doctoris
1005 1051 1257 1103 intelligentis
1283 1050 1349 1095 est,
1381 1050 1520 1095 videre,
1550 1064 1628 1102 quo
1648 1050 1743 1090 ferat

339 1127 471 1155 natura
490 1117 554 1155 sua
573 1130 767 1169 quemque
783 1135 794 1161 ;
826 1127 864 1155 et
897 1131 940 1154 ea
969 1117 1067 1154 duce
1100 1126 1275 1155 utentem
1294 1116 1345 1154 fic
1363 1116 1571 1161 instituere,
1595 1127 1638 1155 ut
1659 1117 1741 1155 Iso-

338 1192 483 1221 cratem
514 1184 555 1221 in
588 1183 772 1221 acerrimo
805 1184 961 1236 ingenio
995 1182 1263 1236 Theopompi,
1304 1192 1342 1220 et
1371 1183 1561 1221 leniffimo
1591 1182 1741 1235 Ephori

339 1249 472 1288 dixiffe
508 1249 692 1287 traditum
726 1249 791 1294 est,
823 1250 929 1287 alteri
965 1248 1001 1287 se
1033 1249 1192 1287 calcaria
1220 1248 1414 1294 adhibere,
1445 1248 1553 1286 alteri
1585 1248 1738 1287 fraenos.

339 1315 500 1367 Sulpicii
520 1315 722 1360 orationes,
757 1329 842 1367 quae
860 1314 1049 1360 feruntur,
1071 1328 1129 1353 eas
1150 1314 1233 1368 post
1263 1323 1430 1352 mortem
1461 1316 1542 1366 ejus
1563 1313 1742 1367 scripfiffe

339 1381 383 1419 P.
404 1381 592 1418 Canutius
612 1390 779 1433 putatur,
795 1382 948 1433 aequalis
965 1394 1087 1425 meus,
1102 1380 1223 1418 homo
1240 1390 1346 1418 extra
1358 1379 1530 1418 nostrum
1548 1380 1738 1425 ordinem,

338 1461 426 1486 meo
440 1449 602 1500 judicio,
625 1447 909 1492 disertiffimus„
932 1448 1052 1500 Ipsius
1074 1447 1235 1500 Sulpicii
1255 1447 1361 1484 nulla
1380 1447 1500 1485 oratio
1520 1447 1594 1492 est,-
1624 1447 1738 1499 saepe-

338 1528 413 1566 que
437 1528 484 1552 ex
514 1528 558 1553 eo
578 1514 720 1559 audivi,
751 1528 842 1552 cum
865 1515 899 1552 se
920 1515 1081 1552 scribere
1101 1527 1225 1565 neque
1244 1513 1446 1557 consuesse,
1480 1526 1603 1565 neque
1623 1513 1738 1565 posse,

339 1580 492 1618 diceret.
555 1582 680 1619 Cottae
711 1595 781 1633 pro
811 1581 893 1633 lege
913 1581 1027 1618 Varia
1053 1594 1139 1632 quae
1169 1579 1401 1625 inscribitur,
1434 1593 1518 1617 eam
1539 1581 1586 1617 L.
1611 1580 1745 1617 AElius

338 1646 482 1698 scripslt
503 1647 628 1685 Cottae
648 1656 796 1699 rogatu.
840 1647 934 1684 Fuit
955 1647 986 1684 is
1007 1647 1169 1684 omnino
1184 1646 1242 1683 vir
1261 1646 1449 1698 egregius,
1466 1655 1503 1683 et
1523 1659 1637 1698 eques
1654 1646 1740 1683 Ro-

338 1726 474 1750 manus
495 1727 586 1751 cum
606 1714 741 1765 primis
762 1712 954 1758 honestus,
977 1713 1156 1764 idemque
1175 1713 1446 1750 eruditissimus
1467 1722 1505 1750 et
1520 1712 1665 1749 Graecis
1687 1712 1737 1749 li-

337 1778 427 1814 teris
449 1787 486 1814 et
506 1778 679 1822 Latinis,
712 1778 1024 1831 antiquitatisque
1045 1777 1176 1815 nostrae
1197 1787 1234 1815 et
1255 1778 1294 1815 in
1310 1778 1476 1816 inventis
1495 1778 1621 1822 rebus,
1640 1786 1677 1814 et
1697 1778 1738 1815 in

337 1843 442 1887 actis,
474 1843 778 1895 scriptorumque
799 1852 970 1882 veterum
997 1844 1142 1881 literate
1160 1844 1318 1895 perituS.
1380 1846 1511 1896 Qam
1541 1843 1738 1881 scientiam

338 1909 459 1946 Varro
492 1909 615 1946 noster
648 1918 843 1961 acceptam
865 1909 1014 1954 abillo,
1045 1911 1271 1961 auctamque
1298 1923 1364 1961 per
1384 1909 1468 1954 sese,
1504 1910 1562 1946 vir
1580 1910 1737 1961 ingenio

335 1975 525 2028 praestans,
556 1976 740 2027 omnique
761 1975 944 2021 doffi‘crina,
976 1975 1152 2028 pluribus
1182 1984 1219 2012 et
1239 1975 1507 2013 illustrioribus
1528 1975 1646 2012 literis
1667 1989 1735 2013 ex-

337 2041 506 2093 plicavit.
540 2041 610 2079 Sed
630 2040 734 2079 idem
753 2041 895 2086 AElius,
930 2042 1077 2080 Stoicus
1105 2041 1174 2079 effe
1193 2041 1340 2086 voluit,
1372 2051 1497 2079 orator
1516 2050 1645 2078 autem
1666 2055 1736 2079 nec

336 2107 480 2145 studuit
500 2121 686 2159 unquam,
715 2121 785 2146 nec
816 2107 905 2146 fuit.
956 2109 1152 2146 Scribebat
1172 2117 1298 2147 tamen
1320 2109 1522 2152 orationes,
1555 2121 1647 2159 quas
1670 2108 1735 2145 alii

338 2173 531 2218 dicerent;
564 2183 605 2210 ut
628 2175 695 2226 Q
712 2174 875 2212 Metello
907 2174 1002 2219 filio,
1035 2183 1077 2211 ut
1110 2174 1375 2225 QCaepioni,
1407 2182 1449 2211 ut
1471 2174 1736 2225 QPompeio

338 2238 468 2276 Rufo:
493 2253 713 2291 quanquam
730 2240 762 2299 is
781 2241 896 2278 etiam
912 2239 988 2293 ipse
1008 2240 1153 2292 scripsit
1172 2253 1245 2284 eas,
1267 2238 1408 2291 quibus
1424 2253 1493 2292 pro
1514 2239 1548 2276 se
1564 2239 1615 2276 est
1633 2238 1732 2282 usus,

337 2304 398 2342 sed
420 2318 494 2342 non
516 2305 590 2342 sine
603 2305 721 2342 AElio.
758 2306 832 2343 His
853 2307 959 2344 enim
980 2306 1187 2354 scribendis
1208 2307 1324 2343 etiam
1344 2305 1420 2358 ipse
1439 2304 1610 2348 interfui,
1642 2318 1732 2342 cum

338 2370 449 2407 ess'em
477 2371 576 2422 apud
597 2371 746 2408 AElium
778 2371 1005 2416 adolescens,
1042 2385 1210 2423 eumque
1241 2372 1370 2409 audire
1390 2370 1615 2423 perstudiose
1635 2370 1730 2405 sole-

337 2449 433 2474 rem.
467 2438 621 2474 Cottam
636 2446 761 2474 autem
778 2437 897 2474 miror
913 2437 1110 2475 summum
1129 2437 1253 2488 ipsum
1268 2447 1471 2481 oratorem,
1493 2436 1732 2486 minimeque
