2176 2912
614 109 934 152 LIBER
1010 108 1587 152 SECUNDUS.
1732 126 1808 169 243

403 207 446 246 in
474 218 561 244 eam
580 204 771 242 rationem
804 202 990 255 ingressus
1009 201 1070 248 fis,
1102 202 1277 245 celeriter
1306 202 1579 243 discedendum
1600 206 1664 244 est.
1714 207 1811 246 Non

402 272 522 316 enim,
551 271 650 309 ficus:
668 278 957 322 argumentum,
988 269 1102 309 fimul
1123 278 1237 322 atque
1257 269 1424 322 positum
1452 270 1518 315 est,
1539 272 1731 324 arripitur,
1753 273 1809 310 al<

400 347 622 390 tei-umque,
650 345 688 375 et
709 337 869 375 tertium
887 335 1082 389 poscitur,
1113 336 1167 375 ita
1184 336 1502 381 misericordiam,
1524 347 1589 374 aut
1609 338 1809 383 invidiam,

400 413 465 443 aut
481 404 733 450 iracundiam,
762 403 878 442 simul
897 412 1012 456 atque
1030 403 1221 448 intuleris,
1253 403 1366 456 poffis
1387 416 1644 443 commovere.
1677 407 1809 459 Argu-

401 480 582 510 mentum
598 471 708 509 enim
732 470 834 509 ratio
863 470 943 523 ipsa
962 468 1181 515 confirmat,
1214 484 1299 522 quae
1325 469 1439 510 simul
1460 478 1575 521 atque
1594 471 1724 508 emiffa
1742 471 1809 516 est,

400 536 635 576 adhaerescit.
696 537 800 575 Illud
819 545 949 576 autem
972 549 1095 589 genus
1116 536 1298 576 orationis
1321 550 1398 575 non
1413 536 1684 588 vcognitionem
1700 537 1809 589 judi-

400 603 471 648 cis,
506 603 570 642 sed
594 603 718 656 magis
754 603 1099 656 perturbationem,
1133 603 1294 655 requirit
1311 621 1322 646 ς
1358 615 1477 654 quam
1507 602 1704 654 consequi,
1742 602 1811 641 nisi

400 669 541 716 multa,
569 679 609 709 et
627 670 742 715 varia,
771 679 810 708 et
823 669 981 722 <copiosa
1000 669 1185 714 oratione,
1217 678 1253 706 et
1272 668 1391 708 simili
1411 669 1661 707 contentione
1690 668 1811 708 aetio„

400 736 474 780 nis,
505 749 622 775 nemo
639 735 777 789 potest.
804 736 940 787 ,Qare
959 735 1028 787 qui
1048 744 1112 773 aut
1143 735 1319 780 breviter,
1351 743 1416 773 aut
1440 734 1633 776 summisse
1659 734 1809 778 dicunt,

400 801 536 841 docere
560 803 737 855 judicem
771 801 938 855 possunt,
969 814 1216 840 commovere
1247 814 1325 839 non
1355 800 1521 854 possunt,
1552 801 1593 839 in
1625 814 1703 853 quo
1723 800 1811 840 sunt

396 869 546 907 omnia.
864 860 871 867 ⁵

454 935 545 986 jam
559 933 663 973 illud
683 933 929 987 perspicuum
949 932 1016 978 est,
1048 933 1229 973 omnium
1250 946 1378 974 rerum
1392 932 1440 974 ,in
1461 933 1666 973 contrarias
1680 941 1810 986 ,partes

399 997 627 1040 facultatem
656 1013 704 1039 ex
724 1000 860 1039 iisdem
879 1000 1111 1054 suppeditari
1141 999 1252 1039 locis.
1299 999 1370 1039 Sed
1390 1008 1619 1051 argumento
1639 999 1810 1043 refisten-

400 1065 497 1104 dum
516 1067 582 1111 est,
614 1076 680 1105 aut
698 1067 760 1112 iis,
785 1081 871 1119 quae
899 1067 1180 1119 comprobandi
1209 1068 1291 1118 ejus
1312 1066 1420 1105 causa
1439 1065 1659 1110 sumuntur,
1681 1079 1809 1118 repre-

396 1130 629 1178 hendendis,
659 1142 726 1171 aut
752 1133 1060 1178 demonstrando,
1098 1133 1152 1178 id,
1184 1133 1289 1185 quod
1315 1132 1547 1173 concludere
1581 1133 1639 1171 illi
1673 1132 1809 1177 velint,

400 1211 479 1237 non
490 1200 601 1238 effici
619 1213 666 1238 ex
685 1200 901 1253 propositis,
921 1213 990 1238 nec
1009 1199 1081 1238 effe
1100 1200 1334 1251 consequens
1349 1218 1360 1244 3
1383 1208 1462 1244 aut,
1484 1200 1512 1238 fi
1528 1199 1580 1238 ita
1599 1213 1677 1238 non
1691 1198 1809 1238 refel-

401 1264 468 1310 las,
498 1264 814 1305 afferendumest
836 1267 877 1304 in
907 1266 1137 1304 contrariam
1158 1275 1320 1318 partem,
1351 1265 1456 1317 quod
1488 1265 1532 1304 fit
1552 1275 1616 1305 aut
1641 1265 1809 1318 gravius,

400 1340 466 1369 aut
486 1345 593 1384 aeque
611 1345 738 1385 grave.
771 1331 843 1370 Illa
862 1340 1007 1377 autem,
1038 1345 1123 1384 quae
1143 1339 1208 1369 aut
1227 1331 1508 1370 conciliationis
1530 1330 1807 1375 causasleniter,

398 1406 465 1436 aut
484 1399 737 1451 permotionis
764 1397 1013 1437 vehementer
1042 1406 1223 1451 aguntur,
1254 1398 1454 1436 contrariis
1475 1397 1808 1438 commotionibus

399 1463 598 1507 inferenda
617 1464 728 1510 sunt,
770 1473 814 1503 ut
845 1464 936 1503 odio
963 1463 1241 1507 benevolentia,
1279 1472 1323 1501 ut
1354 1462 1616 1501 misericordia
1650 1463 1807 1508 invidia,

390 1530 570 1570 tollatur.

448 1598 565 1637 MV.
597 1597 727 1636 Suavis
748 1606 876 1636 autem
897 1596 963 1642 est,
982 1605 1021 1635 et
1039 1593 1289 1635 vehementer
1307 1595 1403 1650 saepe
1423 1595 1529 1635 utilis
1541 1596 1668 1648 jocus,
1690 1604 1728 1634 et
1745 1593 1807 1635 fa-

397 1663 506 1702 cetiae
525 1678 535 1704 ε
568 1677 667 1716 quae,
701 1663 819 1702 etiam
841 1663 866 1702 fi
887 1663 960 1701 alia
979 1663 1112 1700 omnia
1132 1662 1228 1701 tradi
1258 1671 1337 1701 arte
1357 1661 1524 1715 pofl‘unt,
1556 1671 1700 1703 naturae
1720 1661 1809 1703 sunt

399 1729 554 1784 propria
572 1738 688 1775 certe,
711 1743 835 1783 neque
854 1729 976 1768 ullam
995 1737 1117 1767 artem
1138 1727 1348 1768 defiderant
1363 1747 1376 1774 ς
1407 1728 1448 1767 in
1467 1727 1610 1781 quibus
1631 1737 1675 1767 tu
1693 1727 1808 1781 longe

385 1797 499 1842 aliis,
526 1810 613 1835 mea
629 1796 827 1842 sententia,
850 1795 986 1841 Caesar,
1003 1795 1185 1834 excellis:
1209 1809 1287 1848 quo
1306 1797 1431 1850 magis
1452 1794 1553 1834 mihi
1568 1796 1685 1834 etiam
1705 1794 1807 1835 testis

398 1863 471 1906 effe
489 1872 613 1917 potes,
643 1872 709 1901 aut
729 1863 878 1901 nullam
912 1862 983 1901 effe
1003 1871 1125 1900 artem
1145 1861 1245 1908 salis,
1276 1872 1355 1908 aut,
1383 1863 1410 1901 fi
1444 1876 1520 1915 qua
1534 1862 1606 1907 lest,
1633 1875 1718 1901 eam
1737 1875 1806 1901 nos

400 1937 444 1967 tu
463 1929 705 1982 potiffimum
726 1929 895 1967 docebis,

455 1996 543 2048 Ego
575 2009 676 2040 vero,
708 1996 837 2048 inquit
868 1995 1002 2040 Caesar,
1034 1995 1143 2033 omni
1170 1994 1216 2033 de
1243 2008 1282 2033 re
1311 1993 1472 2033 facetius
1498 2003 1594 2048 puto
1626 1993 1727 2047 pofi‘e
1760 1993 1807 2031 ab

399 2060 560 2100 homine
578 2076 657 2101 non
677 2062 880 2107 inurbano,
912 2075 1029 2115 quam
1047 2062 1094 2100 de
1115 2062 1201 2114 ipsis
1223 2060 1385 2106 facetiis,
1417 2061 1612 2114 disputari.
1673 2062 1807 2111 Itaque

400 2142 493 2167 cum
514 2129 699 2180 quosdam
721 2130 876 2175 Graecos
908 2129 1110 2182 inscriptos
1142 2128 1260 2166 libros
1288 2129 1358 2166 effe
1387 2128 1559 2166 vidifl'em
1588 2128 1636 2166 de
1659 2126 1804 2166 ridicu-

402 2193 462 2238 lis,
494 2195 724 2233 nonnullam
757 2196 797 2233 in
826 2195 929 2247 spem
950 2208 1142 2239 veneram,
1174 2193 1275 2247 poffe
1305 2208 1368 2232 me
1397 2193 1544 2245 aliquid
1563 2191 1707 2230 existis
1728 2190 1804 2229 dis-

401 2272 496 2296 cere.
528 2257 664 2297 Inveni
684 2269 812 2298 autem
834 2260 1010 2305 ridicula,
1041 2269 1079 2298 et
1105 2260 1193 2297 salsa
1223 2259 1348 2298 multa
1368 2261 1622 2298 Graecorum:
1655 2270 1744 2294 nam
1768 2264 1806 2293 et

404 2325 525 2363 Siculi
559 2325 598 2363 in
630 2339 674 2364 eo
704 2340 854 2378 genere,
885 2336 923 2365 et
955 2326 1116 2371 Rhodii,
1148 2336 1185 2364 et
1207 2327 1399 2378 Byzantii,
1429 2334 1467 2364 et
1488 2334 1621 2378 praeter
1652 2332 1804 2362 caeteros

403 2391 542 2436 Attici,
573 2392 791 2431 excellunt:
837 2393 913 2439 sed,
945 2394 1013 2446 qui
1044 2394 1124 2444 ejus
1155 2393 1208 2430 rei
1243 2393 1429 2430 rationem
1456 2391 1648 2443 quandam
1677 2386 1805 2426 conati

404 2456 503 2502 sunt,
521 2466 719 2510 artemque
732 2459 889 2503 tradere,
909 2459 957 2498 fic
974 2458 1101 2508 insulsi
1118 2459 1343 2501 extiterunt,
1362 2466 1404 2495 ut
1420 2455 1518 2496 nihil
1536 2455 1638 2494 aliud
1655 2466 1803 2496 eorum,

1234 2524 1274 2562 H
1297 2522 1322 2559 h
1357 2535 1376 2559 2
