2176 2912
598 236 929 276 LIBER
1005 236 1490 277 TERTIUS.
1678 243 1754 282 281.

353 329 455 383 quafi
478 328 659 382 quasdam
678 329 887 367 verborum
907 327 1007 367 faces
1029 329 1265 374 admovisset,
1302 344 1379 368 non
1401 331 1490 369 tulit
1512 332 1589 378 ille,
1611 342 1649 372 et
1668 349 1755 388 gra-

352 397 447 433 viter
476 395 623 439 exarsit,
655 394 959 447 pignoribusque
992 395 1127 432 ablatis
1166 394 1341 433 Craffum
1373 396 1538 435 instituit
1569 412 1753 440 coercere.

352 461 444 511 Qo
464 461 623 513 quidem
655 461 735 513 ipso
768 461 809 498 in
840 460 928 498 loco
947 461 1073 499 multa
1092 475 1112 499 a
1133 461 1261 500 Craffo
1292 461 1478 500 divinitus
1504 463 1603 501 dieta
1622 465 1755 503 effere-

350 526 502 572 bantur,
517 541 610 565 cum
631 527 700 565 fibi
716 527 832 565 illum
847 527 1057 566 Consulem
1074 527 1145 565 effe
1163 529 1411 580 negaret‚,cui
1425 528 1570 567 senator
1585 530 1662 582 ipse
1678 545 1756 570 non

350 592 452 630 effet.
484 595 549 631 An
569 603 625 638 tu,
661 608 738 631 cum
758 608 887 632 omnem
906 594 1160 633 austeritatem
1190 594 1350 646 univ-essi
1365 594 1497 633 ordinis
1508 604 1580 648 pro
1606 597 1758 649 pignore

341 660 505 711 putaris,
527 674 669 712 eamque
687 660 724 698 in
736 661 917 713 cmgspec'ffu
925 661 1054 713 populi
1065 661 1221 699 Romani
1236 660 1439 706 concideris,
1455 677 1508 700 me
1519 662 1574 700 his
1585 663 1755 715 pignori-

348 724 412 763 bus
432 725 604 779 existimas
626 725 717 778 poſjb
746 726 916 764 terreri?
947 727 1031 765 Non
1053 727 1122 765 tibi
1138 727 1200 765 illa
1217 728 1313 779 stent
1342 727 1519 773 medenda,
1535 729 1578 780 st
1595 730 1672 767 Cra
1699 729 1758 768 itm

348 791 407 829 vis
425 806 580 830 coercere
592 807 605 830 .·
635 792 712 830 haec
744 792 816 830 tibi
831 791 875 843 ss
893 791 1080 830 excidenda
1098 794 1224 845 lingua
1240 810 1251 837 3
1284 808 1356 847 qua
1375 794 1438 832 vel
1461 795 1595 848 evulsit,
1612 796 1765 848 spiriru¹

348 857 417 910 zpsb
435 857 610 896 libidinem
629 866 729 895 tuam
747 857 896 895 libertas
914 872 990 895 mea
1009 859 1201 910 refutabit.

402 922 456 960 ΙΙ.
490 922 687 960 Permulta
707 931 793 960 tum
809 921 1140 961 vehementiffima
1159 925 1410 962 contentione
1428 925 1563 970 animi,
1594 926 1762 978 ingenii,

348 987 505 1033 virium,
543 988 590 1025 ab
611 1001 656 1026 eo
686 988 786 1026 dicta
817 987 888 1026 effe
917 989 1139 1034 constabat;
1170 989 1475 1042 sententiamque
1506 1004 1604 1035 eam,
1637 1005 1754 1044 quam

347 1054 496 1092 senatus
516 1053 696 1106 frequens
717 1054 867 1092 secutus
888 1055 957 1101 est,
974 1056 1219 1095 ornatifiimis
1237 1066 1273 1094 et
1293 1057 1518 1109 graviffimis
1536 1057 1675 1103 verbis,
1699 1060 1756 1096 Ut

347 1120 494 1172 populo
525 1120 706 1158 Romano
738 1120 946 1166 satisfieret,
978 1136 1178 1174 nunquam
1209 1122 1357 1160 senatus
1391 1137 1516 1175 neque
1550 1124 1755 1162 confilium

348 1186 569 1238 reipublicae
589 1199 713 1238 neque
743 1186 862 1225 fidem
892 1187 1064 1233 defuiffe,
1095 1189 1142 1226 ab
1171 1202 1217 1227 eo
1237 1189 1379 1227 dietam
1395 1208 1406 1234 ς
1439 1199 1479 1227 et
1503 1190 1669 1228 eundem
1698 1191 1755 1242 (id

347 1251 454 1304 quod
473 1252 512 1289 in
533 1252 823 1290 auetoritatibus
843 1253 1070 1306 praescriptis
1090 1255 1212 1306 extat)
1235 1254 1436 1292 scribendo
1457 1254 1628 1293 adfuiffe.

402 1318 482 1356 Illa.
504 1327 690 1371 tanquam
720 1332 862 1370 cycnea
880 1318 957 1358 fuit
978 1320 1100 1357 divini
1120 1319 1292 1358 hominis
1313 1334 1388 1358 vox
1411 1330 1449 1358 et
1469 1321 1603 1366 oratio,
1635 1335 1754 1373 quam

345 1385 449 1438 quasi
469 1387 723 1438 expestantes,
753 1386 837 1439 post
855 1388 935 1438 ejus
966 1387 1168 1425 interitum
1187 1387 1435 1425 veniebamus
1457 1388 1497 1425 in
1517 1388 1678 1433 curiam,
1710 1398 1756 1426 ut

344 1451 548 1504 vestigium
568 1451 667 1489 illud
686 1451 828 1505 ipsum,
844 1453 883 1490 in
901 1466 979 1504 quo
995 1453 1060 1490 ille
1076 1453 1313 1505 postremum
1326 1453 1529 1498 institisset,
1547 1463 1751 1492 contuere-

344 1531 447 1555 mur.
471 1518 655 1570 Namque
672 1527 757 1556 tum
777 1518 875 1555 latus
893 1519 928 1555 ei
944 1518 1089 1555 dicenti
1105 1517 1357 1562 condoluiffe,
1373 1517 1628 1571 sudoremque
1644 1521 1755 1559 mul-

344 1592 430 1621 tum
447 1583 699 1623 consecutum
713 1583 800 1629 effe,
815 1584 1064 1622 audiebamus
1081 1599 1089 1622 ε
1113 1598 1160 1622 ex
1176 1598 1255 1636 quo
1271 1597 1363 1622 curn
1377 1583 1640 1630 cohorruiffet‚
1659 1600 1762 1624 eumzv

344 1648 443 1687 febri
461 1650 625 1688 domum
642 1650 770 1695 rediit,
787 1650 926 1702 dieque
943 1650 1107 1703 septimo
1122 1651 1247 1688 lateris
1267 1650 1397 1688 dolore
1415 1651 1666 1704 consumptus
1683 1652 1749 1690 est.

347 1717 384 1753 O
417 1714 594 1754 fallacem
626 1715 836 1755 hominum
866 1716 987 1769 spem,
1018 1716 1276 1769 fragilemque
1307 1716 1520 1762 fortunam,
1551 1728 1589 1756 et
1623 1719 1767 1757 inanes«

344 1782 485 1820 nostras
510 1782 799 1820 contentiones!
832 1797 916 1834 quae
946 1783 986 1820 in
1013 1783 1143 1821 medio
1174 1784 1294 1836 spatio
1328 1784 1422 1837 faepe
1452 1783 1683 1837 franguntur
1713 1794 1752 1823 et

345 1858 545 1894 corruunt,
568 1858 605 1886 et
625 1859 710 1886 ante
730 1850 769 1886 in
791 1849 872 1901 ipso
892 1849 1002 1886 cursu
1024 1849 1253 1894 obruuntur,
1276 1864 1394 1902 quam
1415 1861 1574 1903 portum
1596 1851 1750 1904 conspi-

344 1928 429 1952 cere
449 1911 671 1967 potuerunt.
732 1916 853 1960 Nam,
885 1915 1073 1967 quamdiu
1107 1916 1223 1953 Craffi
1256 1915 1334 1954 fuit
1364 1916 1589 1955 ambitionis
1623 1918 1751 1956 labore

345 1981 421 2018 vita
441 1980 619 2025 districta,
651 1981 799 2018 tamdiu
820 1981 975 2032 privatis
997 1981 1119 2033 magis
1140 1981 1292 2025 officiis,
1324 1990 1361 2018 et
1381 1982 1527 2034 ingenii
1547 1982 1657 2020 laude
1677 1983 1751 2021 flo-

344 2048 446 2092 ruit,
467 2060 584 2099 quam
615 2046 744 2085 fructu
764 2048 1048 2100 amplitudinis,
1079 2058 1144 2085 aut
1176 2048 1395 2100 reipublicae
1422 2049 1624 2101 dignitate.
1669 2050 1764 2101 Qi1

344 2121 473 2151 autem
498 2113 534 2150 ei
566 2126 685 2151 annus
717 2113 867 2165 primus
893 2114 938 2151 ab
959 2113 1153 2152 honorum
1175 2113 1442 2166 perfunffione
1464 2115 1628 2160 aditum,
1660 2130 1749 2154 om-

344 2179 455 2216 niurn
475 2178 664 2223 conceffu,
695 2179 740 2216 ad
762 2179 951 2217 summam
979 2180 1244 2218 minoritatem
1264 2179 1391 2224 dabat,
1422 2180 1453 2218 is
1484 2181 1563 2232 ejus
1588 2195 1749 2219 omnem.

344 2244 462 2296 spem,
493 2253 607 2296 atque
627 2245 758 2282 omnia
777 2246 863 2283 vitae
884 2246 1052 2290 consilia,
1076 2255 1200 2284 morte
1220 2247 1414 2298 pervertit.
1454 2247 1546 2284 Fuit
1565 2246 1640 2285 hoc
1661 2247 1747 2284 luc-

345 2309 498 2347 tuosum
529 2309 619 2354 suis,
649 2310 829 2348 acerbum
860 2312 1004 2363 patriae,
1035 2325 1147 2363 grave
1168 2311 1278 2349 bonis
1305 2312 1515 2350 omnibus:
1548 2313 1610 2351 sed
1642 2313 1669 2350 ii
1690 2322 1746 2349 ta-

344 2387 436 2412 men
457 2374 738 2426 rempublicam
759 2375 862 2412 casus
880 2375 995 2413 secuti
1018 2376 1116 2421 sunt,
1139 2385 1180 2413 ut
1198 2375 1297 2413 mihi
1314 2390 1392 2414 non
1408 2387 1535 2429 erepta
1554 2379 1601 2415 L.
1620 2377 1747 2415 Craffo

346 2453 366 2477 a
386 2439 460 2476 diis
481 2439 768 2477 immortalibus
788 2441 877 2485 vita,
914 2441 975 2479 sed
997 2442 1135 2479 donata
1153 2450 1272 2486 mors,
1305 2442 1375 2479 effe
1406 2443 1590 2480 videatur.
1652 2442 1761 2479 Nox-12

345 2505 442 2544 vidit
474 2504 699 2557 flagrantem
725 2505 826 2544 bello
847 2506 1012 2551 Italiam,
1046 2520 1122 2545 non
1154 2507 1349 2551 ardentem
1380 2508 1524 2545 invidia
1557 2507 1742 2550 senatum,

429 2572 562 2608 ToM.
595 2571 627 2609 Ι.
1345 2572 1384 2610 N
1416 2585 1442 2609 n
