2176 2912
744 166 1274 205 ORATOR.
1634 182 1714 223 445

311 261 351 300 in
373 274 447 313 qua
478 261 540 312 (ut
569 258 622 297 ait
642 260 856 312 Antonius)
888 259 1038 297 auditus
1069 258 1252 311 eloquens
1274 272 1389 298 nemo
1420 270 1510 299 erat.
1570 262 1710 314 Atqui,

311 327 337 365 fi
359 327 531 364 Antonio
553 324 702 362 Craffus
733 324 916 377 eloquens
936 324 1035 362 visus
1066 338 1144 362 non
1175 324 1241 370 est,
1273 334 1338 362 aut
1367 326 1435 364 fibi
1467 326 1570 379 ipse;
1607 342 1711 366 nun—

311 405 429 443 quam
451 391 566 428 Cotta
586 389 685 427 visus
712 388 814 434 esset,
845 403 1046 442 nunquam
1068 390 1274 442 Sulpicius,
1306 405 1505 443 nunquam
1537 393 1712 430 Horten-

309 457 396 495 sius.
430 455 545 494 Nihil
566 456 673 494 enim
692 455 820 508 ample
842 457 972 500 Cotta,
994 455 1094 494 nihil
1115 456 1250 494 leniter
1266 456 1473 509 Sulpicius,
1496 471 1573 495 non
1590 459 1714 496 multa

308 524 472 576 graviter
488 523 732 561 Hortenfius.
766 523 982 576 Superiores
999 522 1122 576 magis
1142 523 1188 560 ad
1208 537 1324 561 omne
1344 537 1464 576 genus
1485 525 1577 575 apti,
1601 525 1712 563 Cras-

308 588 394 627 sum
429 590 516 628 dico
547 598 584 627 et
610 590 846 627 Antonium.
905 590 1059 642 Jejunas
1095 589 1214 642 igitur
1246 589 1362 642 hujus
1394 590 1640 642 multipliciS‚
1676 599 1714 629 et

309 657 547 708 aequabiliter
567 657 607 693 in
627 657 761 694 omnia
778 669 914 709 genera
933 655 1022 694 fusae
1043 656 1224 694 orationis
1251 670 1355 694 aures
1377 657 1541 695 civitatis
1561 658 1713 710 accepi-

309 736 396 760 mus
415 742 428 767 ς
449 723 581 776 easque
602 737 670 761 nos
691 724 822 776 primi,
840 723 1065 776 quicunque
1083 737 1247 768 eramus,
1265 732 1302 761 et
1322 724 1713 776 quantulumcunque

308 789 547 833 dicebamus,
569 789 614 826 ad
634 788 699 841 huj
709 803 749 827 us
770 790 917 842 generis
938 790 1105 834 dicendi,
1134 788 1311 827 audiendi
1332 790 1572 829 incredibilia
1592 790 1714 828 studia

307 857 582 894 convertimus.

363 922 529 973 Qantis
564 921 630 959 illa
664 922 898 960 clamoribus
933 922 1204 960 adolescentuli
1240 923 1412 961 diximus
1443 924 1489 961 de
1521 923 1711 977 supplicio

306 989 612 1042 parricidarum?
645 1003 729 1041 quae
763 1003 1006 1041 nequaquam
1034 990 1118 1028 satis
1144 989 1368 1028 deferbuiffe
1401 990 1483 1043 post
1514 991 1712 1042 aliquanto

306 1056 444 1094 sentire
475 1056 681 1108 coepimus.
731 1056 832 1108 ind
855 1057 944 1095 enim
965 1066 1040 1095 tam
1067 1072 1253 1102 commune,
1286 1072 1390 1110 quam
1406 1058 1567 1110 spiritus
1596 1058 1709 1102 vivis,

305 1132 410 1161 terra
429 1123 592 1167 mortuis,
623 1138 721 1161 mare
739 1124 1022 1178 fluc‘hmntibus,
1052 1125 1158 1163 littus
1188 1125 1301 1176 ejefflis
1318 1126 1337 1163 ἒ
1367 1127 1431 1163 Ita
1448 1125 1598 1169 vivunt,
1630 1124 1711 1163 dum

299 1189 454 1242 pcffimt,
486 1200 528 1228 ut
548 1189 672 1228 ducere
701 1191 856 1228 animam
886 1190 926 1228 de
959 1191 1040 1229 caelo
1069 1206 1136 1229 non
1157 1201 1289 1244 queant
1302 1208 1314 1230 .·
1346 1192 1400 1230 ita
1420 1192 1638 1236 moriuntur,
1670 1201 1713 1230 ut

305 1271 424 1295 eorum
454 1257 520 1310 qffa
554 1266 657 1295 terra
688 1272 755 1295 non
776 1266 934 1310 tangat:
965 1258 1019 1295 ita
1032 1258 1231 1309 jafficmtur
1245 1258 1433 1311 flzffibus‚
1467 1269 1509 1296 ut
1528 1273 1710 1311 nunquam

305 1324 493 1361 alluantar
508 1339 521 1362 .·
558 1323 612 1361 ita
635 1323 803 1377 postremo
837 1323 1043 1375 ejiciuntur,
1075 1334 1117 1362 ut
1147 1339 1189 1362 ne
1221 1324 1272 1362 ad
1286 1327 1385 1377 stzxcz
1419 1324 1552 1377 quidem
1578 1324 1715 1363 mortui

305 1390 559 1442 commistam,
591 1398 629 1426 et
660 1403 743 1441 quae
774 1388 996 1440 sequuntur.
1058 1391 1152 1426 Sunt
1183 1390 1287 1427 enim
1318 1390 1463 1434 omnia,
1495 1390 1590 1427 sicut
1615 1390 1708 1427 ado-

305 1455 494 1500 lescentis,
526 1469 604 1494 non
637 1464 716 1492 tam
748 1468 786 1492 re
815 1464 851 1492 et
881 1455 1114 1499 maturitate,
1147 1470 1264 1507 quam
1286 1456 1347 1508 spe
1368 1465 1405 1493 et
1431 1457 1707 1508 expectatione,

305 1521 461 1559 laudati.
522 1521 585 1559 Ab
616 1520 688 1558 hac
719 1521 848 1558 indole
863 1522 946 1573 jam
968 1520 1033 1558 illa
1064 1530 1212 1558 matura
1229 1540 1240 1565 ς
1274 1536 1364 1559 uxor
1385 1522 1521 1574 generi,
1552 1536 1708 1561 noverca

289 1588 378 1640 filii,
395 1588 491 1640 filice
513 1588 641 1641 pellex.
702 1588 789 1626 Nec
824 1601 912 1625 vero
945 1586 1011 1624 hic
1050 1601 1147 1625 unus
1179 1597 1257 1625 erat
1287 1588 1397 1626 ardor
1425 1589 1464 1625 in
1497 1588 1622 1634 nobis,
1666 1597 1708 1626 ut

304 1653 379 1692 hoc
401 1654 519 1692 modo
551 1654 683 1692 omnia
703 1654 930 1692 diceremus.
990 1654 1074 1706 Ipsa
1093 1655 1198 1692 enim
1230 1654 1296 1691 illa
1325 1669 1394 1706 pro
1425 1654 1567 1692 Roscio
1592 1656 1706 1707 juve-

304 1720 393 1757 nilis
428 1720 678 1757 redundantia
707 1719 832 1757 multa
864 1718 981 1757 habet
1014 1729 1218 1765 attenuata,
1250 1721 1425 1772 quaedam
1455 1721 1569 1758 etiam
1591 1720 1708 1773 paulo

303 1784 495 1823 hilariora.
555 1787 610 1823 At
650 1799 718 1837 pro
752 1785 871 1823 Avito
884 1803 896 1829 ;
927 1799 998 1838 pro
1038 1786 1221 1824 Cornelio
1233 1805 1245 1832 3
1276 1786 1571 1839 compluresque
1609 1786 1703 1825 aliae.

303 1851 437 1890 Nemo
455 1851 562 1889 enim
582 1860 708 1888 orator
728 1860 804 1888 tam
827 1852 964 1896 multa,
997 1865 1044 1889 ne
1064 1852 1103 1889 in
1126 1853 1263 1890 Graeco
1282 1853 1442 1904 quidem
1463 1855 1556 1897 otio,
1586 1852 1706 1905 scrip-

302 1916 361 1962 fit,
393 1931 510 1970 quam
530 1917 655 1955 multa
675 1917 762 1955 sunt
796 1917 945 1963 nostra,
977 1931 1095 1970 eaque
1115 1917 1214 1956 hanc
1241 1918 1364 1970 ipsam
1396 1918 1554 1964 habent,
1587 1932 1705 1971 quam

302 1984 438 2038 probo,
461 1984 694 2022 varietatem.

357 2051 512 2089 XXXI.
544 2052 608 2089 An
628 2064 699 2103 ego
720 2051 911 2096 Homero,
948 2051 1091 2096 Ennio,
1119 2051 1277 2103 reliquis
1296 2051 1434 2104 poetis,
1466 2060 1503 2089 et
1538 2051 1708 2089 maxime

302 2117 456 2169 tragicis
490 2117 762 2163 concederem,
804 2126 848 2155 ut
879 2131 926 2155 ne
957 2118 1140 2156 omnibus
1170 2119 1265 2156 locis
1296 2119 1429 2156 eadem
1459 2118 1706 2156 contentione

302 2192 512 2229 uterentur,
554 2184 765 2236 crebroque
800 2194 1012 2230 mutarent,
1058 2199 1341 2238 nonnunquam
1379 2185 1494 2222 etiam
1529 2185 1575 2222 ad
1603 2199 1703 2237 quo-

303 2248 494 2287 tidianum
528 2263 648 2302 genus
689 2250 873 2288 sermonis
904 2251 1152 2289 accederent:
1199 2251 1276 2304 ipse
1315 2264 1516 2303 nunquam
1552 2251 1598 2288 ab
1639 2250 1704 2287 illa

302 2315 484 2352 acerrima
514 2316 760 2353 contentione
781 2316 1011 2354 discederem
1030 2318 1043 2354 ?
1087 2317 1158 2355 Sed
1178 2317 1273 2369 quid
1293 2327 1421 2369 poetas
1442 2317 1572 2354 divino
1593 2317 1701 2366 inge-

302 2380 368 2418 nio
387 2379 566 2432 profero?
598 2380 812 2418 Histriones
833 2395 896 2420 eos
918 2382 1100 2427 vidimus,
1132 2383 1272 2434 quibus
1300 2382 1399 2420 nihil
1420 2381 1536 2434 poffet
1567 2381 1606 2417 in
1637 2380 1703 2417 suo

301 2459 440 2499 genere
459 2445 529 2484 effe
559 2446 809 2499 praestantius,
841 2449 910 2500 qui
938 2462 1015 2486 non
1036 2448 1161 2486 solum
1191 2449 1231 2486 in
1252 2447 1514 2486 diffimillimis
1537 2445 1701 2498 personis

300 2510 592 2559 satisfaciebant,
624 2525 715 2552 cum
737 2522 865 2552 tamen
893 2514 934 2553 in
954 2514 1028 2553 suis
1058 2513 1303 2560 versarentur,
1326 2514 1388 2552 sed
1409 2522 1447 2551 et
1477 2511 1703 2550 comoedum
