2176 2912
574 151 869 190 VARIAE
961 149 1524 191 LECTIONES.

318 255 358 321 r7³¹8
409 244 439 322 li)
461 294 563 322 genere
578 298 596 313 as
612 295 626 313 2
642 295 674 313 ex
683 295 773 323 genere

404 334 439 361 ¹4
461 326 519 362 post
534 333 627 353 autem
644 339 661 353 ω
682 334 690 352 1
705 327 760 362 poll
774 325 830 353 haec
843 333 926 353 autem

403 374 437 402 ις
461 374 477 392 a
491 365 673 400 conjeffkurali
688 377 704 392 ω
725 374 750 399 1,
769 374 784 393 2
804 364 837 393 ab
851 363 1015 403 coqmurali

399 418 441 425 —
460 405 668 441 proficiscemur
690 418 707 432 ω
725 405 941 442 zprqficiscamur

402 453 440 471 20
463 444 491 471 in
506 445 650 481 quandam
666 458 683 472 ω
702 454 711 472 1
731 447 759 472 in
773 446 875 473 eandem

402 493 441 520 24
462 484 701 513 animadvertiss'et
724 496 742 512 ω
760 493 770 512 1
796 488 909 514 animum
926 484 1026 512 adver-

500 526 565 561 tiffit

403 564 439 591 28
461 562 519 601 ipse
535 563 610 592 sese
601 575 630 592 111
647 565 748 593 Ῑεξὶυπι
765 563 843 592 suum
866 576 884 592 υ
907 573 917 593 1
941 562 1026 600 ifist'fi’

496 606 551 642 post
574 608 602 632 in
616 606 694 641 suum
716 604 833 633 lequlum
861 616 879 631 u
900 614 915 632 2
935 604 1027 640 ipſsfi'

502 647 530 671 in
555 656 612 672 uum
625 646 658 673 le
654 645 740 673 ‘iulum

404 692 435 721 31
462 682 520 721 ipse
535 697 551 711 ω
567 694 583 712 2
605 684 647 712 ille

403 732 438 761 33
461 723 651 752 conclamavit
669 735 687 751 ω
705 732 714 750 ι
743 722 869 751 clamavit
889 735 907 750 ω
931 730 946 750 2
968 731 1026 750 con-

501 763 599 791 clamat

321 811 359 842 79
404 812 435 830 11
462 803 610 831 necessaria
630 816 648 831 ω
666 812 675 830 1
695 803 827 840 ηειςβὶινιό

405 851 440 878 14
462 842 639 872 distribuitur
653 856 671 870 ω
690 851 698 870 1
718 843 847 871 tribuitur

401 891 434 910 21
461 892 494 910 ea
507 882 614 912 dicitur
629 891 688 912 tum
702 882 858 911 interfuisse
873 894 892 910 ω
910 890 920 910 1
939 892 970 910 ea
983 882 1026 910 di-

499 930 569 951 cetur
581 925 721 960 interficgffl'
732 931 785 951 tum

401 971 436 999 23
461 970 510 990 aut
525 962 632 991 secutus
647 964 699 991 effe
714 963 824 990 animus
838 961 952 990 videtur
975 974 992 990 ω
1010 970 1021 989 1

499 1011 547 1031 aut
550 1004 674 1041 stquutus
674 1004 757 1041 fuffl
768 1005 826 1040 quis
838 1003 946 1030 videtur

402 1041 439 1069 26
461 1041 640 1071 diminuendi
662 1057 679 1071 ω
693 1053 708 1071 2
724 1044 852 1070 minuendi

404 1083 440 1110 28
461 1082 566 1120 quibus
590 1091 638 1111 aut
667 1082 880 1111 incommodum
909 1081 1026 1118 aliquod

500 1123 614 1159 majoris
633 1122 741 1151 vitandi
756 1121 931 1149 incommodi
945 1120 1027 1149 causa

499 1169 549 1190 aut
564 1162 676 1199 majoris
691 1161 864 1200 adipiscendi
881 1160 1027 1189 commodi

501 1201 649 1240 suscipitur
670 1215 687 1231 ω
707 1212 715 1230 1
743 1201 833 1240 quibus
847 1208 895 1230 aut
909 1202 1027 1229 commodi

498 1242 605 1280 aliquid
615 1244 789 1271 incommodum
803 1244 908 1280 mqjoris
926 1241 1027 1278 adipis-

500 1284 573 1310 cendi
585 1285 664 1319 caufh
677 1292 724 1311 aut
737 1284 841 1320 majoris
859 1283 970 1310 vitandi
983 1284 1026 1309 in-

498 1324 615 1350 commodi
619 1323 760 1360 stescipitur

402 1370 440 1398 30
462 1362 643 1391 commodum
658 1362 775 1401 aliquod
788 1374 806 1390 ω
821 1371 831 1390 1
849 1361 951 1400 aliquid
962 1372 1026 1390 com-

500 1403 597 1430 modum

403 1452 441 1479 34
461 1442 615 1470 ostenditur
635 1456 652 1471 ω
670 1453 684 1471 2
700 1445 844 1481 estendatur

400 1497 438 1504 -
459 1492 523 1511 cum
540 1482 650 1520 aliquid
665 1483 832 1520 impulfione
847 1483 952 1511 fadum
974 1496 991 1512 ω
1009 1492 1024 1511 2

500 1534 554 1550 cum
569 1523 710 1561 impulsione
723 1523 830 1561 aliquid
830 1527 938 1562 faHum

320 1564 358 1591 30
421 1572 434 1599 3
460 1562 491 1591 fit
507 1575 523 1590 ω
543 1572 552 1589 1
572 1564 599 1590 d.

397 1616 440 1625 —
460 1612 494 1630 ex
510 1602 657 1630 iracundia
679 1615 695 1630 ω
715 1611 722 1630 1
748 1604 887 1631 iracundia

418 1651 437 1678 4
459 1642 541 1670 causa
555 1651 649 1670 earum
666 1655 682 1670 ω
702 1652 711 1670 1
729 1643 863 1678 causarum

420 1692 436 1719 7
460 1682 650 1720 explicatione
666 1695 682 1710 ω
702 1692 710 1710 1
730 1694 761 1711 ex
775 1682 972 1721 ampl-{ficariam

403 1732 437 1760 13
461 1722 520 1759 ejus
537 1735 553 1749 ω
570 1732 585 1750 2
602 1722 628 1751 d.

398 1777 440 1784 —-
459 1761 542 1790 causa
555 1775 572 1790 ω
589 1772 604 1790 2
616 1765 712 1800 poterit
727 1763 804 1798 causa

403 1803 438 1830 16
459 1802 596 1840 quicquid
611 1802 665 1831 erit
684 1816 700 1830 ω
718 1812 725 1830 1
746 1803 869 1841 quicquid
879 1812 936 1832 erat

404 1852 439 1871 22
461 1842 610 1870 aliusmodi
624 1843 661 1870 est
677 1855 694 1870 ω
711 1851 721 1870 1
739 1843 792 1870 alio
805 1845 873 1871 modo
888 1846 921 1881 cst

402 1893 437 1919 23
461 1881 611 1910 aliusmodi
626 1895 643 1910 ω
662 1892 671 1910 ι
691 1882 744 1911 alio
757 1884 826 1911 modo

401 1932 436 1961 ²5
460 1931 510 1950 nec
526 1922 633 1955 malurn
649 1923 686 1950 est
701 1931 753 1950 nec
777 1922 881 1951 bonum
907 1936 924 1951 ω
948 1932 960 1951 1
983 1935 1025 1952 nec

499 1961 593 1990 malum
604 1964 637 2000 4st
651 1973 693 1991 nec
705 1962 794 1991 bonum
805 1965 840 2000 ςβ

401 2011 437 2038 27
461 2001 479 2029 fi
495 2001 558 2039 quis
581 2014 598 2030 m
617 2004 724 2041 lsiqui

397 2057 438 2064 —-
459 2041 577 2080 negabit
592 2043 678 2070 ullam
693 2042 746 2070 ess‘e
764 2042 913 2080 pecuniam
930 2042 1025 2072 fratris

502 2088 550 2109 aut
564 2082 649 2111 amici
663 2082 722 2112 vita
742 2095 759 2110 ω
776 2092 786 2111 1
806 2084 909 2121 negabit
916 2082 971 2120 fibi
983 2084 1026 2120 effi

501 2121 580 2150 ullam
601 2126 735 2159 pecuniam
751 2125 858 2161 fratris
884 2127 949 2152 vita
977 2130 1026 2151 aut

501 2172 579 2189 anllsl

402 2203 438 2231 28
460 2200 554 2229 fratris
570 2208 619 2229 aut
641 2200 725 2229 amici
741 2201 800 2230 vita
824 2214 841 2230 ω
857 2211 872 2230 2
898 2204 964 2230 vita
977 2210 1025 2230 aut

491 2243 598 2278 fratris
612 2249 658 2269 aut
672 2242 750 2269 amici

403 2290 439 2318 30
461 2280 510 2319 qui
535 2280 564 2308 id
588 2280 666 2318 quod
689 2289 746 2308 tam
762 2290 826 2309 vere
841 2287 868 2309 et
882 2280 930 2318 pic
946 2281 1024 2310 dice-

500 2328 556 2353 tur,
579 2319 696 2358 negabit
711 2334 728 2348 ω
747 2330 757 2349 1
776 2323 900 2359 quicquid
908 2329 962 2350 tam
975 2333 1024 2361 ves

500 2372 528 2389 re
540 2368 564 2388 et
574 2363 618 2398 pie
631 2361 764 2399 diceturſs
775 2360 911 2399 negabitur

403 2411 433 2439 3¹
461 2400 612 2430 dicendum
627 2400 680 2431 erit
695 2414 713 2430 ω
731 2410 741 2430 ι
760 2402 889 2432 diccndum
903 2403 938 2441 est

1082 254 1112 282 p.

1083 286 1121 313 80

1084 405 1117 433 81

1082 1043 1119 1070 82

1081 2281 1120 2319 84

1174 243 1195 272 1.

1165 294 1200 322 32
1222 282 1337 312 illinon
1353 284 1405 312 ess‘e
1421 283 1460 312 ita
1478 283 1568 313 visum
1591 296 1609 312 ω
1633 291 1642 311 1
1671 282 1713 312 illi
1733 290 1789 313 tam

1263 335 1310 351 non
1321 325 1364 361 ff
1376 324 1462 361 θυι-,711111

1165 373 1199 402 35
1224 371 1254 392 ut
1269 363 1287 390 ss
1302 364 1365 401 quis
1382 378 1398 392 ω
1417 374 1443 397 1,
1461 374 1475 392 2
1491 363 1611 401 utfiqui

1184 414 1203 440 4
1222 403 1337 441 spectari
1352 412 1464 442 oportet
1485 416 1502 431 ω
1521 412 1530 431 1
1550 405 1668 440 spefflari
1678 412 1788 442 oportere

1162 458 1202 465 -
1225 443 1270 472 sed
1285 453 1342 481 qua
1357 443 1542 482 cogitatione,
1564 444 1660 471 animo
1677 458 1693 471 ω
1710 454 1725 472 2
1739 445 1792 480 ſsd

1263 495 1314 520 qua
1328 487 1477 521 cogitatione
1489 486 1589 511 animus

1182 522 1201 551 6
1223 530 1251 551 et
1266 532 1323 560 quo
1338 523 1433 551 animo
1454 536 1470 550 ω
1490 532 1498 550 ι
1525 533 1571 560 quo
1584 526 1668 552 animo

1168 572 1201 591 12
1224 562 1328 590 dicitur
1343 576 1359 590 ω
1378 571 1387 590 1
1406 564 1526 591 dicuntur

1167 612 1176 630 1
1186 613 1200 640 3
1224 610 1253 630 et
1267 610 1367 630 caetera
1381 615 1398 630 ω
1416 611 1425 630 1
1444 610 1574 640 ceteraque

1164 651 1202 671 20
1223 642 1252 670 in
1268 641 1348 670 causa
1363 641 1493 670 facienda
1507 649 1535 670 et
1549 641 1749 670 confideranda
1769 655 1787 671 ω

1267 690 1276 708 1
1296 685 1324 709 in
1337 681 1414 717 causa
1417 683 1543 719 faciendi
1555 683 1735 719 corfideranda

1164 730 1201 750 22
1223 720 1303 749 fuisse
1315 721 1452 750 concedet
1466 734 1484 749 ω
1502 731 1511 749 1
1530 723 1647 750 concedat
1649 723 1730 760 fuiffl

1164 770 1202 798 24
1222 770 1281 800 quo
1303 761 1357 790 erit
1378 761 1408 790 in
1424 762 1487 790 loco
1515 775 1532 790 ω
1552 770 1560 789 1
1589 773 1636 800 quo
1649 770 1673 790 et
1687 764 1737 790 erit
1759 765 1787 790 in

1261 801 1311 829 loco

1163 850 1200 877 27
1220 850 1305 879 quam
1321 841 1452 870 levissime
1466 854 1484 870 ω
1501 851 1527 875 1,
1545 851 1560 870 2
1585 854 1660 881 quam
1673 842 1789 880 Ieniffime

1165 883 1201 909 28
1223 889 1251 910 et
1266 891 1308 909 res
1323 881 1382 919 ipsa
1397 896 1414 909 ω
1433 891 1442 910 1
1462 893 1502 911 res
1514 883 1572 919 {fisa

1165 931 1202 958 ²9
1223 922 1366 959 quoddam
1382 935 1399 950 ω
1415 932 1431 950 2
1446 923 1569 960 quiddam

1164 971 1200 999 33
1224 962 1316 1000 magis
1333 962 1411 990 fuisse
1426 975 1443 990 ω
1462 971 1471 989 1
1492 966 1572 1000 magis
1586 963 1629 1008 ff

1164 1010 1203 1039 34
1222 1001 1313 1039 magis
1328 1011 1414 1039 quam
1428 1001 1492 1029 aliis
1505 1015 1522 1029 ω
1541 1011 1551 1029 1
1568 1004 1651 1040 majus
1663 1003 1709 1039 ff

1182 1051 1197 1079 3
1221 1041 1278 1069 loci
1293 1041 1421 1070 similiter
1435 1042 1611 1069 incommodi
1631 1055 1648 1070 ω
1666 1052 1675 1070 1
1694 1042 1741 1070 loci
1760 1044 1790 1070 in

1261 1082 1408 1109 incommodi
1429 1094 1446 1109 ω
1463 1091 1477 1109 2
1499 1081 1677 1119 locifimiliter
1695 1085 1723 1111 in
1745 1085 1791 1110 in·-

1260 1121 1377 1149 commodi

1183 1162 1199 1189 8
1223 1169 1257 1188 ne
1273 1160 1411 1189 dubitasse
1426 1174 1443 1189 ω
1462 1170 1488 1195 1,
1505 1171 1520 1189 2
1543 1172 1585 1191 nec
1598 1160 1724 1199 dubitaffi

1184 1210 1202 1238 9
1224 1200 1283 1237 ejus
1297 1213 1315 1229 ω
1330 1211 1346 1230 2
1362 1203 1415 1240 ejus
1428 1206 1466 1229 rei

1167 1250 1202 1269 ιο
1223 1250 1275 1279 pro
1299 1241 1370 1269 falso
1393 1249 1421 1270 et
1441 1241 1518 1280 quod
1541 1251 1638 1270 verum
1654 1251 1706 1280 pro
1721 1252 1790 1271 veto

1262 1281 1391 1318 probasse
1410 1295 1427 1309 ω
1446 1291 1455 1310 1
1479 1289 1527 1319 pro
1536 1281 1612 1320 falso
1628 1282 1744 1321 probaffl
1763 1292 1788 1311 et

1262 1323 1330 1358 quod
1341 1331 1429 1350 verum
1438 1330 1487 1360 pro
1502 1333 1565 1350 vero

1167 1369 1200 1398 ¹3
1224 1369 1318 1389 autem
1334 1374 1351 1389 ω
1368 1371 1379 1389 1
1397 1362 1423 1389 d.

1167 1410 1202 1439 19
1224 1410 1381 1439 cognomen
1397 1411 1511 1439 quoque
1532 1415 1549 1431 ω
1571 1412 1597 1438 1,
1621 1412 1636 1431 2
1660 1414 1789 1442 cognomen

1262 1452 1355 1480 quoque
1367 1450 1391 1470 et
1405 1454 1525 1480 agnomen

1164 1491 1200 1509 22
1223 1481 1258 1509 de
1273 1494 1290 1508 ω
1306 1492 1321 1510 2
1338 1484 1365 1510 d.

1163 1530 1198 1559 25
1223 1522 1290 1551 licet
1305 1522 1514 1560 aliquantulum
1532 1523 1634 1551 ducere
1653 1522 1787 1561 suspicio-

1260 1562 1303 1589 nis
1320 1575 1337 1589 ω
1356 1572 1365 1589 1
1388 1563 1447 1591 licet
1461 1563 1625 1601 aliquantum
1639 1563 1788 1600 diceresus-

1256 1605 1368 1638 pfcionfs·

1163 1650 1199 1677 29
1221 1649 1249 1669 et
1264 1651 1298 1669 ex
1314 1641 1388 1669 victu
1405 1655 1421 1670 ω
1438 1652 1453 1670 2
1467 1653 1499 1670 ex
1513 1645 1584 1671 vilhc

1181 1691 1197 1709 2
1220 1691 1282 1718 quae
1298 1681 1418 1709 fortunae
1433 1683 1484 1710 esse
1499 1682 1635 1711 attributa
1655 1696 1672 1711 ω
1692 1692 1702 1711 1
1728 1695 1787 1722 quae

1254 1724 1376 1758 fhrtunae
1389 1723 1431 1759 ff·
1444 1722 1576 1750 attributa

1183 1762 1199 1788 8
1220 1760 1344 1798 ipsorum
1360 1775 1377 1789 ω
1393 1772 1408 1790 2
1426 1762 1536 1799 ipsarum

1159 1815 1200 1822 —-
1220 1800 1317 1828 harum
1334 1814 1350 1829 ω
1365 1811 1380 1829 2
1403 1803 1490 1830 harum

1165 1849 1201 1876 ¹4
1221 1842 1383 1879 excogitata
1404 1855 1420 1869 ω
1436 1853 1451 1871 2
1473 1853 1531 1871 vere
1544 1845 1693 1880 excogitata

1159 1895 1200 1902 —
1221 1880 1289 1909 item
1314 1881 1386 1910 fafta
1407 1896 1423 1910 ω
1441 1892 1450 1910 1
1465 1885 1528 1920 jam
1541 1885 1627 1920 falia
1648 1896 1664 1911 ω
1689 1893 1704 1911 2
1725 1895 1786 1912 nam

1252 1924 1336 1957 fasta

1164 1961 1198 1989 16
1219 1961 1323 1999 ecquid
1338 1974 1355 1989 ω
1370 1971 1386 1990 2
1407 1970 1431 1991 et
1443 1964 1508 2001 quid

1165 2004 1198 2029 18
1220 2010 1262 2028 res
1278 2011 1317 2029 eae
1332 2001 1395 2030 sunt
1416 2015 1433 2030 ω
1452 2012 1462 2030 1
1487 2004 1596 2040 resstmt
1610 2002 1653 2030 hae

1161 2050 1194 2070 21
1219 2041 1378 2070 adducetur
1393 2050 1423 2070 ut
1438 2053 1454 2071 a
1474 2043 1524 2072 tali
1537 2056 1554 2071 ω
1572 2053 1598 2076 1,
1616 2052 1629 2070 2
1647 2042 1786 2072 adducitur

1262 2090 1290 2109 u!
1304 2085 1332 2110 in
1345 2082 1394 2109 tali

1161 2130 1198 2149 22
1220 2121 1400 2150 intercesserit
1421 2135 1438 2150 ω
1455 2132 1469 2150 2
1492 2123 1623 2160 intercfft

1162 2161 1199 2189 26
1219 2161 1249 2189 in
1264 2161 1325 2198 pari
1348 2174 1364 2188 ω
1381 2171 1396 2190 2
1418 2165 1515 2200 impari

1161 2210 1198 2238 27
1221 2209 1326 2238 potent
1341 2214 1358 2228 ω
1374 2211 1389 2229 2
1399 2205 1511 2238 potuerit

1162 2250 1176 2278 3
1182 2251 1196 2279 ς
1220 2241 1374 2279 adjungere
1390 2255 1407 2270 ω
1426 2252 1436 2271 1
1449 2245 1544 2280 poterit
1558 2244 1697 2283 adjungere

1182 2290 1197 2309 2
1221 2287 1252 2308 ut
1273 2293 1290 2308 ω
1308 2290 1316 2308 1
1337 2283 1364 2309 d.

1179 2321 1198 2349 6
1219 2320 1272 2348 hac
1287 2334 1304 2348 ω
1321 2331 1335 2349 2
1351 2332 1382 2350 ea

1182 2369 1199 2398 7
1222 2368 1332 2392 tantum
1346 2375 1364 2390 ω
1379 2371 1390 2391 1
1407 2364 1557 2392 tantundem.
