2176 2912
594 114 914 155 LIBER
988 113 1565 151 SECUNDUS,
1709 120 1787 163 227

387 210 489 248 r'mm
509 212 653 246 attente
673 208 886 251 audiamus,
917 214 1032 258 atque
1064 214 1107 243 ut
1126 206 1207 257 ejus
1240 218 1318 243 non
1339 204 1463 242 solum
1484 203 1699 247 sententias,
1727 202 1788 241 sed

386 277 504 314 etiam
537 273 651 311 verba
687 273 831 318 omnia,
867 272 1120 325 excipiamus,
1155 271 1286 310 vultus
1317 271 1484 322 denique
1516 269 1786 322 perspiciamus

386 353 536 384 omneS,
559 340 627 391 qui
647 339 772 377 sensus
792 339 913 377 animi
939 339 1170 391 plerumque
1191 338 1376 381 indicant,
1399 336 1599 388 diligentia
1618 336 1682 373 est.
1745 335 1789 374 Id

387 416 516 445 tamen
537 405 813 443 diffimulanter
832 404 968 449 facere,
994 418 1041 442 ne
1062 404 1131 442 fibi
1150 403 1216 442 ille
1235 403 1382 455 aliquid
1402 401 1584 455 proficere
1604 401 1789 444 videatur,

387 472 593 526 prudentia
611 472 678 511 est.
711 471 864 510 Deinde
886 481 928 509 ut
949 471 989 509 in
1010 471 1056 509 iis
1078 471 1187 515 locis,
1208 484 1304 522 quos
1326 482 1539 523 proponam
1559 467 1672 520 paulo
1695 467 1789 518 post,

388 538 631 591 pervolvatur
651 538 817 583 animus,
839 547 883 576 ut
903 537 939 575 se
959 537 1112 590 penitus
1140 536 1306 574 infinuet
1326 536 1367 574 in
1388 533 1553 578 causam,
1576 542 1619 570 ut
1639 533 1683 570 sit
1704 545 1793 569 cura

387 612 427 642 et
447 604 680 656 cogitatione
696 604 882 647 intentus,
899 603 1101 656 diligentia
1119 602 1195 640 est:
1220 611 1263 639 ut
1278 601 1339 639 his
1360 601 1473 638 rebus
1493 597 1684 643 adhibeat,
1709 606 1793 635 tano

386 682 510 721 quam
530 669 663 708 lumen
682 669 853 722 aliquod,
876 669 1122 714 memoriam,
1144 677 1187 706 ut
1207 681 1357 712 vocem,
1380 675 1423 704 ut
1439 666 1536 705 vires
1550 683 1561 710 3
1584 663 1665 702 haec
1683 676 1794 716 mag<-

390 749 439 774 na
458 735 559 774 sunt.

449 802 554 840 Inter
573 800 776 854 ingenium
796 800 970 852 quidem,
1001 809 1040 838 et
1069 799 1312 852 diligentiam
1333 798 1606 852 perpaululum
1636 796 1712 835 loci
1737 809 1796 833 re-

392 867 548 919 liquum
567 867 620 905 est
639 867 723 906 arti.
755 868 829 905 Ars
849 866 1082 905 demonstrat
1101 864 1269 910 tantum,
1284 866 1352 902 ubi
1368 877 1526 917 quaeras,
1543 872 1657 916 atque
1671 863 1738 901 ubi
1754 862 1798 899 fit

392 933 507 978 illud,
537 933 644 987 quod
673 933 819 972 studeas
850 934 1047 971 invenire:
1094 933 1241 985 reliqua
1267 931 1423 970 suntin
1454 944 1557 976 cura,
1588 930 1799 968 attentione

395 999 530 1044 animi,
571 1000 818 1053 cogitatione,
849 999 1062 1052 vigilantia,
1099 998 1323 1042 affiduitate,
1365 997 1493 1035 labore
1508 1015 1519 1041 ;
1565 995 1801 1048 compleffitar

397 1079 476 1103 uno
496 1065 627 1110 verbo,
659 1080 736 1118 quo
757 1066 850 1119 saepe
864 1067 948 1117 jam
970 1065 1023 1104 ufi
1044 1065 1190 1109 sumus,
1212 1064 1439 1117 diligentia:
1472 1076 1548 1115 qua
1568 1075 1644 1100 una
1660 1062 1801 1099 virtute

397 1145 532 1170 omnes
554 1133 711 1170 virtutes
744 1133 898 1184 reliquae
917 1132 1179 1170 continentur.
1222 1131 1330 1170 Nam
1350 1130 1530 1168 orationis
1552 1129 1712 1181 quidem
1732 1141 1801 1166 co·-

399 1199 462 1250 pia
481 1199 655 1237 videmus
677 1208 720 1236 ut
741 1199 935 1236 abundent
948 1196 1189 1250 Philosophi,
1204 1198 1286 1249 qui,
1306 1206 1349 1234 ut
1369 1197 1521 1249 opinor,
1546 1195 1626 1247 (sed
1643 1205 1682 1233 tu
1704 1193 1799 1237 haec,

402 1264 553 1309 Catule,
584 1264 742 1316 melius)
767 1264 872 1302 nulla
891 1264 983 1302 dant
1002 1273 1191 1325 praecepta
1211 1263 1379 1307 dicendi,
1406 1276 1474 1299 nec
1495 1261 1639 1299 idcirco
1656 1261 1801 1303 minus,

401 1343 641 1382 quaecunque
663 1343 718 1368 res
739 1330 929 1383 proposita
947 1329 1012 1374 est,
1036 1329 1260 1381 suscipiunt,
1292 1327 1338 1365 de
1357 1341 1433 1380 qua
1451 1326 1601 1379 copiose
1621 1335 1658 1363 et
1679 1326 1802 1364 abun-

398 1397 534 1434 danter
553 1396 774 1447 loquantur.

457 1462 649 1499 XXXVI.
673 1463 782 1499 Tum
805 1460 979 1504 Catulus,
1000 1459 1066 1504 est,
1084 1459 1227 1511 inquit,
1251 1468 1293 1496 ut
1313 1458 1423 1503 dicis,
1446 1456 1609 1501 Antoni,
1632 1456 1805 1509 utp1e1·i-=

402 1541 478 1581 que
505 1526 731 1580 Philosophi
753 1527 859 1565 nulla
875 1526 1024 1564 tradant
1043 1533 1231 1578 praecepta
1249 1524 1418 1568 dicendi,
1449 1533 1486 1561 et
1506 1522 1671 1562 habeant
1697 1536 1805 1576 para-

403 1600 490 1629 tum
512 1598 656 1633 tamen,
681 1589 776 1641 quid
795 1588 841 1626 de
860 1600 1013 1640 quaque
1030 1600 1067 1624 re
1089 1586 1231 1624 dicant.
1264 1585 1335 1624 Sed
1361 1584 1598 1629 Aristoteles,
1621 1585 1666 1629 is,
1689 1597 1807 1636 quem

403 1657 574 1695 maxime
594 1669 665 1708 ego
684 1656 865 1699 admiror,
888 1654 1085 1707 proposuit
1104 1652 1289 1705 quosdam
1310 1653 1430 1696 locos,
1452 1665 1498 1689 ex
1519 1651 1662 1703 quibus
1679 1650 1806 1688 omnis

405 1722 701 1774 argumentatio,
733 1734 810 1758 non
842 1719 960 1758 modo
988 1719 1033 1756 ad
1056 1717 1382 1771 Philosophorum
1403 1717 1714 1770 disputationem,
1747 1715 1808 1753 sed

405 1789 523 1826 etiam
545 1788 590 1825 ad
610 1786 724 1830 hanc,
755 1787 886 1838 quain
907 1785 1024 1822 causis
1048 1786 1209 1829 utimur,
1231 1785 1490 1829 inveniretur3
1513 1797 1532 1821 a
1551 1797 1629 1836 quo
1650 1782 1810 1834 quidem

407 1853 831 1905 hominejamdudum‚
853 1852 1017 1895 Antoni,
1040 1865 1116 1889 non
1137 1851 1282 1888 aberrat
1301 1851 1422 1887 oratio
1444 1859 1521 1893 tua,
1550 1849 1623 1887 five
1640 1858 1682 1887 tu
1702 1848 1808 1886 fimi-

408 1920 573 1958 litudine
594 1919 698 1956 illius
719 1917 839 1955 divini
860 1917 1006 1970 ingenii
1027 1917 1065 1954 in
1087 1917 1216 1954 eadem
1234 1915 1395 1953 incurris
1416 1914 1584 1967 vestigia,
1602 1915 1675 1953 five
1693 1914 1811 1951 etiam

410 1987 475 2025 illa
505 1986 583 2039 ipsa
612 1984 749 2038 legisti,
779 1993 893 2037 atque
923 1983 1113 2021 didicisti:
1146 1982 1249 2035 quod
1282 1982 1441 2034 quidem
1462 1981 1583 2033 magis
1609 1980 1813 2018 verifimile

410 2053 588 2091 videtur:
621 2051 708 2104 plus
728 2051 834 2089 enim
866 2059 902 2088 te
922 2063 1043 2103 operae
1066 2049 1211 2088 Graecis
1233 2047 1370 2086 dediffe
1401 2047 1512 2085 rebus
1533 2046 1657 2093 video,
1694 2060 1813 2099 quam

414 2128 604 2172 putaram.

469 2186 580 2223 Tum
615 2185 694 2229 ille,
734 2197 882 2228 verum,
925 2184 1067 2236 inquit,
1109 2196 1155 2221 ex
1187 2196 1249 2220 me
1279 2181 1421 2226 audies,
1460 2180 1598 2219 Catule
1617 2195 1625 2218 z
1670 2179 1815 2232 semper

414 2250 641 2295 existimavi,
665 2250 955 2302 jucundiorem,
986 2260 1024 2287 et
1054 2249 1355 2302 probabiliorem
1387 2247 1479 2285 huic
1514 2246 1659 2299 populo
1687 2254 1815 2284 orato-

417 2331 500 2354 rem
520 2315 614 2360 fore,
646 2316 715 2367 qui
734 2317 906 2369 primum
927 2329 1044 2368 quam
1066 2315 1274 2353 minimam
1303 2313 1456 2351 artificii
1475 2313 1650 2364 alicujus,
1681 2310 1819 2350 deinde

419 2381 567 2419 nullam
589 2381 813 2419 Graecarum
826 2394 968 2426 rerum,
987 2380 1306 2432 significationem
1326 2379 1442 2417 daret.
1475 2380 1607 2430 Atque
1627 2390 1697 2429 ego
1712 2376 1818 2413 idem

418 2447 647 2492 existimavi,
681 2447 837 2500 pecudis
868 2447 955 2494 effe,
990 2461 1067 2487 non
1102 2445 1288 2491 hominis,
1321 2459 1413 2485 cum
1448 2454 1569 2484 tantas
1601 2456 1658 2482 res
1691 2440 1820 2482 Graeci

1105 2515 1274 2557 Ffz,
