2176 2912
405 295 480 322 120
647 281 761 319 DE
839 278 1550 319 INVENTIONE

452 376 714 426 Qacumque
735 382 864 410 autem
888 373 927 410 in
960 385 1012 417 re,
1044 372 1220 424 quamvis
1252 371 1385 409 leviter
1415 371 1621 425 probabili,
1658 370 1797 423 scripto

396 440 475 494 ipse
496 440 531 478 se
552 439 779 483 defenderit,
811 439 927 476 etiarn
948 437 1039 476 cum
1061 439 1239 490 aequitate
1260 438 1367 475 causa
1387 438 1610 482 abundabit,
1634 437 1796 475 neceffa-

396 507 454 545 rio
475 506 648 545 multum
670 505 859 557 proficiet,
881 504 967 542 ideo
985 504 1104 556 quod,
1125 504 1151 542 fi
1168 503 1221 548 id,
1245 518 1322 556 quo
1343 505 1481 542 nititur
1500 504 1797 541 adversariorum

395 572 518 617 causa,
550 571 787 615 subduxerit,
818 584 978 608 omnem
1015 569 1123 608 illam
1155 570 1235 621 ejus
1267 570 1349 607 vim
1386 579 1425 608 et
1458 570 1710 607 acrimoniam
1741 569 1797 606 le-
1842 604 1846 606 .

395 639 525 682 nierit,
544 652 586 675 ac
607 637 776 675 diluerit.
810 638 907 674 Loci
928 645 1057 674 autem
1078 649 1307 673 communes
1329 637 1440 674 certis
1461 649 1507 673 ex
1531 635 1798 688 assumptionis

397 705 569 757 partibus
590 704 631 741 in
665 712 869 754 utramque
889 711 1037 755 partem
1064 702 1308 739 convenient.
1357 702 1540 739 Praeterea
1559 703 1654 753 ejus,
1685 702 1752 753 qui
1781 714 1801 737 a

397 771 540 823 scripto
559 769 674 812 dicet,
709 767 810 819 leges
832 781 877 804 ex
911 767 960 810 se,
994 779 1070 803 non
1102 779 1149 803 ex
1169 766 1264 816 ejuS,
1296 765 1365 817 qui
1397 775 1530 803 contra
1549 766 1799 809 commiserit,

392 836 564 874 ,utilitate
586 834 742 886 spectari
763 841 949 885 oportere,
971 840 1009 868 et
1029 831 1179 884 legibus
1200 830 1394 882 antiquius
1415 830 1547 869 haberi
1568 831 1666 868 nihil
1686 845 1800 883 opor·-

402 911 494 939 tere.
542 901 687 937 Contra
719 898 922 951 scriptum,
953 896 1055 949 leges
1087 897 1127 934 in
1158 896 1317 934 confilio
1348 897 1541 949 scriptoris
1571 906 1609 935 et
1636 897 1802 934 utilitate

399 965 619 1009 communi,
651 978 728 1002 non
748 965 789 1002 in
809 964 932 1001 verbis
954 962 1165 1001 consistere.
1210 963 1341 1013 Qam
1362 963 1569 1015 indignum
1589 963 1647 1007 sit,
1680 963 1801 1014 aequi-

401 1042 521 1071 tatem
542 1031 661 1069 literis
693 1030 834 1083 urgeri,
866 1043 951 1082 quae
980 1028 1178 1067 voluntate
1206 1029 1301 1080 erS‚
1334 1029 1402 1080 qui
1436 1028 1636 1082 scripserit,
1668 1027 1800 1066 defen-

401 1100 526 1138 datur.

456 1165 606 1203 XLIX.
630 1165 691 1202 Ex
712 1163 909 1201 contrariis
926 1172 1056 1200 autem
1075 1162 1225 1215 legibus
1246 1162 1498 1200 controversia
1518 1161 1697 1205 nascitur,
1712 1175 1803 1199 cum

402 1233 500 1269 inter
513 1230 547 1268 se
567 1230 650 1267 duae
666 1229 843 1267 videntur
863 1229 979 1281 leges,
995 1236 1059 1265 aut
1076 1228 1217 1280 plures,
1232 1227 1452 1279 discrepare,
1467 1226 1542 1264 hoc
1556 1227 1698 1271 modo;
1721 1227 1805 1265 Lex

403 1297 470 1342 est,
507 1297 583 1348 Qti
599 1305 792 1349 tyrannum
811 1295 990 1338 occiderit,
1033 1294 1355 1346 Olympionicarum
1377 1293 1569 1346 praemium
1602 1293 1732 1345 capito,
1769 1301 1805 1330 et

402 1377 507 1416 quam
527 1362 620 1400 volet
624 1361 703 1412 sthi
718 1375 791 1398 rem
809 1375 833 1398 a
847 1360 1062 1412 magistratu
1079 1358 1258 1412 depositio,
1275 1368 1310 1396 et
1324 1358 1555 1412 magistratus
1573 1359 1607 1397 ei
1618 1358 1804 1397 concedito.

403 1430 458 1467 Et
497 1428 613 1465 altera
646 1421 722 1471 lex,
764 1424 931 1479 Tyranno
964 1426 1080 1479 occiso,
1112 1425 1263 1478 quinque
1293 1425 1364 1476 ejus
1389 1425 1569 1478 proximos
1602 1424 1807 1476 cognatione

402 1493 634 1546 magistratus
652 1502 788 1531 necato.
835 1491 1118 1535 Alexandrum,
1141 1491 1209 1542 qui
1229 1490 1329 1543 apud
1350 1489 1523 1528 Pheraeos
1545 1490 1583 1527 in
1615 1488 1807 1527 Theffalia

404 1559 648 1611 tyrannidem
669 1566 886 1609 occuparat,
918 1571 1015 1594 uxor
1039 1556 1115 1600 sua,
1146 1556 1210 1593 cui
1231 1555 1370 1593 Thebe
1391 1569 1533 1593 nomen
1553 1554 1642 1599 fuit,
1675 1556 1804 1599 nostu,

406 1638 498 1662 cum
519 1623 631 1662 simul
653 1623 823 1666 cubaret,
842 1622 998 1660 occidit.
1032 1622 1128 1658 Haec
1145 1620 1273 1658 filium
1296 1620 1422 1665 suum,
1444 1623 1561 1672 quem
1582 1634 1629 1658 ex
1648 1629 1808 1672 tyranno

407 1689 586 1732 habebat,
604 1688 672 1726 fibi
689 1688 836 1740 praemii
858 1685 944 1724 loco
964 1679 1146 1738 deposcit.
1181 1688 1276 1724 Sunt
1297 1686 1363 1738 qui
1385 1700 1430 1724 ex
1451 1687 1535 1738 lege
1554 1699 1719 1738 puerum
1739 1698 1807 1723 oc-

408 1756 485 1794 cidi
508 1756 637 1792 dicant
656 1763 843 1806 oportere.
890 1754 967 1791 Res
988 1753 1028 1790 in
1055 1751 1204 1803 judicio
1224 1752 1289 1790 est.
1339 1753 1383 1790 In
1404 1751 1478 1790 hoc
1498 1765 1634 1804 genere
1659 1761 1808 1790 utram-

409 1835 484 1874 que
518 1822 557 1858 in
596 1830 742 1873 partem
768 1819 887 1857 iidem
922 1819 997 1856 loci
1031 1828 1145 1870 atque
1175 1818 1307 1856 eadem
1342 1828 1530 1871 praecepta
1563 1816 1807 1863 convenient,

409 1888 496 1925 ideo
515 1887 619 1939 quod
640 1896 800 1938 uterque
820 1886 924 1923 suam
946 1884 1072 1937 legem
1093 1884 1333 1930 confirmare,
1348 1885 1578 1923 contrariam
1599 1884 1808 1940 infirmare,

410 1954 581 1991 debebit.
1201 1956 1203 1959 ’

466 2020 643 2057 Primum
677 2018 794 2070 igitur
825 2017 927 2070 leges
957 2026 1107 2070 oportet
1137 2018 1380 2061 contendere,
1411 2017 1695 2061 considerando,
1727 2025 1810 2054 utra

411 2086 473 2123 lex
503 2085 548 2122 ad
576 2086 751 2136 majores,
782 2083 857 2121 hoc
888 2084 953 2128 est,
985 2083 1030 2121 ad
1066 2084 1250 2127 utiliores,
1282 2083 1327 2120 ad
1346 2082 1594 2127 honestiores,
1623 2095 1664 2119 ac
1686 2083 1807 2134 magis

410 2147 630 2190 necessaria&
648 2164 704 2188 res
725 2152 922 2203 pertineat.
967 2151 1027 2187 Ex
1049 2163 1127 2201 quo
1147 2150 1365 2193 conficitur,
1384 2159 1439 2193 ut,
1463 2149 1487 2186 si
1509 2149 1610 2201 leges
1627 2148 1724 2192 duae,
1747 2159 1811 2186 aut

414 2218 439 2255 sl
461 2217 603 2270 plureS,
635 2226 698 2255 aut
732 2225 926 2269 quotquot
945 2224 1069 2259 erunt,
1100 2215 1309 2253 conservari
1334 2229 1409 2252 non
1431 2215 1583 2267 poffint,
1615 2215 1704 2267 quia
1735 2215 1809 2253 dis—

413 2292 568 2335 crepent
590 2284 686 2320 inter
707 2282 741 2320 se
754 2301 766 2327 3
798 2295 839 2319 ea
859 2282 1027 2320 maxime
1048 2281 1298 2319 conservanda
1318 2282 1487 2333 putetur,
1515 2295 1599 2332 quae
1620 2281 1665 2318 ad
1686 2281 1811 2318 maxi-

415 2361 496 2387 mas
518 2362 572 2386 res
590 2349 775 2400 pertinere
792 2347 975 2385 videatur.
1000 2346 1150 2384 Deinde
1167 2355 1250 2384 utra
1267 2347 1326 2384 lex
1339 2346 1522 2399 posterius
1540 2346 1614 2384 lata
1630 2345 1673 2383 fit
1689 2361 1697 2383 ι
1723 2359 1810 2383 nain

415 2413 603 2466 postrema
623 2426 784 2465 quasque
804 2412 1018 2464 graviffirna
1036 2411 1102 2449 est.
1148 2411 1298 2449 Deinde
1319 2420 1402 2449 utra
1422 2411 1481 2449 lex
1498 2412 1631 2463 jubeat
1650 2411 1811 2463 aliquid,

399 2490 499 2518 -utra
522 2479 732 2531 permittat.
793 2478 898 2515 Nam
920 2477 973 2522 id,
1005 2477 1108 2529 quod
1134 2477 1358 2529 imperatur,
1390 2477 1664 2521 necefl'arium3
1698 2476 1810 2520 illud,

416 2544 521 2597 qnod
539 2544 786 2596 pevnittitur,
805 2543 1064 2581 voluntarium
1080 2542 1146 2580 est.
1170 2543 1322 2580 Deinde
1339 2543 1378 2580 in
1395 2551 1476 2580 utra
1494 2543 1595 2595 lege,
1608 2542 1634 2580 fi
1648 2556 1724 2580 non
1740 2542 1812 2579 ob-

417 2620 676 2664 texi-peratum
688 2610 746 2656 fit,
761 2609 875 2663 poenii
891 2608 1090 2654 afficiatur,
1107 2617 1171 2648 aut
1186 2608 1228 2648 in
1243 2617 1328 2648 utra
1344 2609 1466 2660 major
1487 2622 1601 2663 poena
1616 2608 1812 2647 statuatur.
