2176 2912
406 172 486 211 492
859 162 1362 201 TOPICA.

463 253 516 292 X.
549 253 774 292 Similitudo
793 254 977 308 sequitur,
999 270 1084 309 quae
1103 255 1177 294 late
1196 265 1325 309 patet;
1348 255 1410 294 sed
1427 254 1640 294 oratoribus
1661 263 1699 295 et
1719 256 1816 295 Phi-

408 318 577 372 losophis
598 320 736 372 magis,
755 334 873 372 quam
893 322 1017 360 vobis.
1047 322 1128 359 Etfi
1149 322 1253 360 enim
1275 335 1409 360 omnes
1430 322 1507 360 loci
1527 321 1615 360 sunt
1634 323 1816 363 omnium

409 386 716 439 disputationum
746 388 793 425 ad
823 397 1048 441 argumenta
1067 388 1355 441 suppeditanda,
1387 398 1516 427 tamen
1536 389 1619 427 aliis
1646 389 1816 443 disputa-

410 453 581 491 tionibus
613 454 871 493 abundantius
904 464 1126 500 occurrunt,
1157 455 1240 493 aliis
1261 455 1470 508 angustius.
1531 457 1664 508 Itaque
1683 469 1819 509 genera

410 519 485 557 tibi
506 529 596 558 nota
615 520 715 559 fint:
747 521 816 559 ubi
835 531 965 560 autem
986 521 1047 559 his
1079 530 1197 566 utare,
1223 521 1445 574 quaestiones
1467 521 1553 574 ipsae
1574 531 1611 560 te
1631 522 1817 560 admone·
1852 545 1857 547 ἡ

412 585 524 625 bunt.

468 654 567 691 Sunt
599 654 705 692 enim
725 654 1015 700 fimilitudines;
1043 667 1129 706 quae
1160 667 1207 691 ex
1227 653 1403 706 pluribus
1431 653 1702 692 collationibus
1732 668 1819 706 per-

411 720 573 757 veniunt
604 733 683 771 quo
702 720 853 765 volunt,
884 719 961 758 hoc
992 720 1137 764 modo3
1171 720 1207 757 Si
1230 728 1334 757 tutor
1363 718 1480 757 fidem
1502 719 1671 772 praestare
1691 720 1819 763 debet,

413 785 439 823 fi
460 785 596 829 socius,
623 785 649 823 fi
669 786 734 823 cui
754 785 960 832 mandaris,
982 786 1008 824 fi
1031 786 1099 839 qui
1119 785 1303 824 fiduciam
1323 786 1511 837 acceperit
1526 804 1538 830 3
1570 785 1685 823 debet
1703 786 1820 823 etiam

412 860 648 904 procurator.
703 851 802 889 Haee
833 866 881 890 ex
908 852 1085 905 pluribus
1119 851 1344 905 perveniens
1365 865 1444 904 quo
1479 851 1576 896 vult,
1608 851 1821 904 appellatur

412 917 615 962 inductio,
647 930 732 971 quae
766 918 902 956 Graece
928 913 1086 965 επτιγωγῆ
1131 918 1353 956 nominatur
1369 935 1381 962 3
1413 931 1489 969 qua
1522 917 1738 970 plurimum
1769 916 1822 956 est

413 982 501 1021 usus
522 982 563 1020 in
581 982 821 1020 sermonibus
843 985 1027 1022 Socrates.

468 1049 652 1087 Alterum
684 1048 948 1087 similitudinis
969 1062 1090 1102 genus
1112 1049 1318 1088 collatione
1344 1049 1522 1094 sumitur,
1554 1062 1645 1087 cum
1667 1063 1743 1088 una
1763 1062 1820 1088 res

414 1115 497 1160 uni,
515 1128 581 1167 par
601 1115 695 1167 pari,
718 1123 976 1168 comparatur,
995 1113 1072 1153 hoc
1089 1115 1207 1153 modo
1224 1134 1234 1160 3
1252 1115 1599 1166 Qemadmodum
1620 1115 1646 1153 fi
1667 1116 1706 1153 in
1728 1116 1824 1154 urbe

413 1181 460 1220 de
490 1181 634 1219 finibus
668 1181 920 1220 controversia
944 1181 1010 1227 est,
1047 1182 1137 1234 quia
1167 1181 1261 1220 fines
1294 1182 1416 1234 magis
1444 1195 1623 1234 agrorum
1643 1181 1822 1220 videntur

413 1247 499 1293 effe,
522 1261 640 1300 quam
657 1247 778 1292 urbis,
809 1247 953 1286 finibus
984 1247 1159 1301 regendis
1180 1248 1331 1300 adigere
1355 1248 1544 1287 arbitrum
1572 1262 1651 1286 non
1677 1247 1791 1302 poffis
1806 1267 1820 1294 3

412 1314 479 1359 fic,
510 1313 537 1351 fi
556 1327 654 1367 aqua
671 1313 803 1367 pluvia
821 1314 861 1352 in
883 1314 977 1353 urbe
1008 1324 1135 1360 nocet,
1168 1314 1354 1367 quoniam
1375 1328 1432 1353 res
1453 1323 1534 1353 tota
1553 1315 1676 1367 magis
1709 1328 1822 1368 agro-

413 1394 502 1419 rum
522 1380 588 1426 est,
610 1394 718 1433 aquae
739 1380 878 1433 pluviae
898 1380 1066 1420 arcendae
1086 1381 1236 1434 adigere
1255 1395 1333 1419 non
1354 1381 1467 1434 poffis
1489 1381 1692 1420 arbitrum.
1720 1398 1723 1399 ⁷

476 1447 539 1485 Ex
573 1446 712 1485 eodem
746 1447 1010 1486 similitudinis
1040 1447 1128 1486 loco
1151 1448 1268 1486 etiam
1304 1447 1482 1500 exempla
1516 1447 1736 1493 sumuntur,
1778 1456 1822 1486 ut

416 1513 564 1552 Craffus
598 1513 640 1551 in
671 1513 838 1552 Curiana
863 1513 971 1551 causa
1003 1514 1192 1566 exemplis
1224 1514 1404 1566 plurimis
1425 1514 1512 1552 usus
1535 1514 1600 1559 est,
1631 1527 1745 1567 agens
1775 1514 1822 1552 de

415 1591 474 1623 eo,
506 1579 575 1632 qui
609 1578 836 1617 testamento
865 1579 914 1616 fic
944 1578 1128 1618 heredem
1159 1579 1389 1624 instituiffet‚
1424 1589 1480 1624 ut,
1516 1579 1542 1619 fi
1575 1579 1679 1618 filius
1711 1588 1823 1617 natus

413 1643 501 1682 effet
532 1645 573 1683 in
604 1645 741 1683 decem
771 1644 980 1690 mensibus,
1010 1644 1115 1697 isque
1136 1653 1313 1683 mortuus
1334 1645 1455 1698 prius,
1486 1658 1606 1697 quam
1639 1645 1680 1683 in
1715 1644 1823 1684 suam

414 1711 579 1749 tutelam
599 1710 768 1756 venifi‘et,
799 1710 984 1749 secundus
1005 1710 1113 1749 heres
1134 1710 1396 1750 haereditatem
1417 1710 1652 1749 obtinuisset.
1721 1712 1823 1763 Qae

415 1778 737 1816 commemoratio
756 1777 1025 1830 exemplorum
1047 1777 1179 1823 valuit,
1201 1777 1320 1830 estque
1336 1790 1400 1816 vos
1421 1777 1462 1815 in
1483 1776 1743 1830 respondendo
1764 1777 1823 1815 uti

416 1842 589 1880 multum
609 1842 750 1881 soletis.

471 1908 580 1946 Ficta
599 1909 716 1946 etiam
736 1910 913 1962 exempla
932 1910 1196 1949 similitudinis
1227 1909 1371 1949 habent
1401 1912 1483 1950 vim
1502 1925 1510 1949 :
1544 1910 1604 1948 sed
1625 1923 1667 1948 ea
1695 1918 1822 1948 orato-

416 1975 470 2013 ria
498 1976 621 2027 magis
648 1975 748 2021 sunt,
785 1990 903 2028 quam
938 1977 1081 2015 vestra:
1114 1991 1336 2029 quanquam
1357 1978 1415 2015 uti
1446 1977 1563 2014 etiam
1584 1989 1650 2014 vos
1680 1975 1822 2028 soletis,

417 2040 478 2078 sed
500 2039 575 2078 hoc
595 2041 740 2086 modo3
773 2042 898 2095 Finge
928 2044 1124 2096 mancipio
1144 2043 1314 2094 aliquem
1341 2042 1478 2081 dediffe
1500 2042 1552 2086 id,
1586 2041 1689 2093 quod
1710 2055 1822 2079 man-

417 2107 520 2159 cipio
541 2107 620 2144 dari
642 2121 718 2145 non
740 2108 890 2161 potest:
924 2123 1020 2147 num
1041 2109 1185 2147 idcirco
1218 2109 1257 2147 id
1285 2109 1366 2160 ejus
1387 2107 1533 2146 factum
1561 2107 1626 2152 est,
1658 2108 1726 2159 qui
1757 2121 1821 2145 ac-

417 2172 547 2224 cepit?
579 2183 643 2210 aut
664 2187 760 2211 num
781 2174 827 2218 is,
859 2175 927 2226 qui
961 2175 1157 2226 mancipio
1189 2175 1308 2220 dedit,
1339 2174 1390 2211 ob
1410 2187 1493 2211 eam
1515 2187 1597 2212 rem
1627 2173 1667 2210 se
1679 2173 1758 2211 ulla
1786 2187 1824 2212 re

418 2239 635 2290 obligavit?
669 2239 714 2276 In
750 2237 824 2276 hoc
845 2253 983 2291 genere
1003 2241 1231 2284 oratoribus,
1267 2250 1304 2278 et
1336 2239 1580 2292 Philosophis
1604 2239 1824 2278 conceffum

418 2305 483 2349 est,
518 2313 559 2342 ut
580 2313 688 2342 muta
707 2305 823 2342 etiam
858 2306 1078 2357 loquantur,
1111 2315 1153 2343 ut
1173 2307 1319 2344 mortui
1345 2307 1392 2344 ab
1427 2305 1560 2345 inferis
1593 2306 1822 2351 excitentur,

418 2380 483 2408 aut
517 2370 678 2423 aliquid,
710 2372 815 2423 quod
848 2371 927 2409 fieri
960 2372 1071 2410 nullo
1102 2373 1219 2410 modo
1253 2373 1377 2426 poflit,
1409 2372 1589 2425 augenda:
1621 2372 1674 2410 rei
1704 2372 1826 2424 gratia

418 2436 581 2482 dicatur,
603 2447 667 2474 aut
688 2437 920 2482 minuendae,
943 2452 1028 2490 quae
1054 2438 1235 2491 hyperbole
1254 2439 1410 2483 dicitur,
1433 2448 1470 2477 et
1489 2438 1614 2477 multa
1633 2438 1825 2476 mirabilia
1882 2443 1885 2446 '

418 2502 503 2541 alia.
570 2503 640 2542 Sed
672 2503 783 2542 latior
812 2503 863 2542 est
893 2518 1054 2557 campus
1075 2505 1248 2545 illorum.
1316 2505 1472 2544 Eisdem
1495 2515 1623 2544 tamen
1641 2518 1688 2543 ex
1711 2503 1823 2548 locis,
