2176 2912
455 199 529 240 312
810 184 924 223 DE
1003 184 1509 223 ORATORE

452 280 559 317 enim
589 278 652 317 M.
678 278 831 323 Catoni,
862 287 997 331 praeter
1015 277 1114 316 hanc
1142 278 1407 331 politiffimam
1434 276 1647 315 doctrinam
1669 276 1852 315 transma-

452 347 578 384 rinam
611 354 724 397 atque
744 345 1007 390 adventitiam,
1039 344 1191 383 defuit?
1223 346 1351 390 Num,
1384 345 1551 397 quiajus
1573 344 1685 382 civile
1705 344 1851 381 didice-

453 422 522 455 rat,
545 411 668 449 causas
690 425 767 449 non
788 411 938 449 dicebat
956 412 968 448 ?
999 420 1064 449 aut
1092 411 1182 463 quia
1202 420 1349 464 poterat
1369 411 1506 455 dicere,
1531 411 1629 462 juris
1656 410 1853 448 scientiam

454 478 699 530 negligebat?
732 486 768 514 at
788 486 952 529 utroque
972 478 1012 515 in
1031 490 1169 529 genere
1189 486 1227 515 et
1246 477 1443 521 laboravit,
1466 486 1503 514 et
1523 476 1707 528 praestitit.
1740 476 1853 524 Num

455 552 609 596 propter
638 542 736 580 hanc
769 556 816 580 ex
846 543 1084 594 privatorum
1104 543 1267 594 negotiis
1288 543 1488 581 collectam
1519 543 1683 594 gratiam
1712 541 1875 579 tardior·

453 610 495 647 in
515 610 710 662 republica
729 608 946 660 capessenda
964 607 1069 646 fuit?
1101 622 1215 646 nemo
1235 609 1335 661 apud
1356 608 1547 660 populum
1566 607 1715 653 fortior,
1737 621 1855 645 nemo

453 676 592 713 melior
612 676 756 713 senator
770 693 783 719 ς
815 675 920 711 idem
954 673 1067 711 facile
1100 674 1271 725 optimus
1292 675 1522 726 imperator:
1555 674 1720 725 denique
1754 672 1855 726 nihil

454 741 495 779 in
516 741 586 779 hac
607 742 760 778 civitate
779 740 1018 793 temporibus
1039 739 1116 777 illis
1137 739 1223 778 sciri
1243 740 1382 778 discive
1401 739 1543 792 potuit,
1565 739 1670 792 quod
1689 739 1754 777 ille
1776 753 1855 777 non

454 821 546 845 cum
566 806 799 858 investigarit
818 815 855 844 et
876 806 1014 850 scierit,
1036 815 1122 844 tum
1143 806 1259 844 etiam
1272 806 1547 858 conscripserit.

510 873 551 911 N
556 887 629 910 unc
656 881 789 910 contra
817 872 991 924 plerique
1024 872 1070 909 ad
1100 871 1263 910 honores
1297 872 1572 925 adipiscendos,
1609 881 1647 910 et
1677 871 1723 909 ad
1749 883 1852 909 rem-

454 940 655 992 publicam
688 939 893 991 gerendam
915 938 1010 976 nudi
1041 938 1202 976 veniunt
1222 948 1335 991 atque
1362 939 1525 977 inermes
1541 957 1553 981 ;
1585 938 1692 976 nulla
1715 936 1853 989 cogni-

455 1007 559 1043 tione
586 1018 726 1048 rerum,
758 1004 864 1042 nulla
884 1004 1052 1049 scientia,
1081 1005 1217 1042 ornati.
1278 1005 1343 1042 Sin
1363 1004 1502 1056 aliquis
1523 1004 1678 1041 excellit
1705 1016 1803 1040 unus
1833 1015 1853 1038 e

456 1072 606 1115 multis,
637 1070 746 1108 effert
776 1070 824 1115 se,
856 1071 882 1108 fi
917 1084 1041 1108 unum
1062 1070 1209 1122 aliquid
1228 1070 1349 1115 affert,
1381 1079 1425 1108 ut
1452 1070 1632 1107 bellicam
1652 1070 1852 1111 virtutem,

455 1146 521 1174 aut
538 1137 648 1174 usum
669 1135 836 1188 aliquem
858 1136 1066 1174 militarem
1083 1154 1094 1179 3
1129 1136 1232 1187 (quae
1252 1135 1334 1173 sane
1354 1148 1458 1173 nunc
1476 1134 1636 1187 quidem
1656 1133 1852 1171 obsoleve-

456 1204 563 1253 runt)
582 1211 645 1239 aut
660 1202 758 1253 juris
778 1201 990 1245 scientiam,
1016 1202 1081 1252 (ne
1097 1203 1177 1253 ejus
1199 1201 1357 1253 quidem
1377 1200 1564 1245 univerfi3
1588 1213 1677 1238 narn
1692 1198 1853 1252 pontifi-

456 1269 577 1312 cium,
597 1267 701 1319 quod
721 1267 774 1305 est
789 1269 1055 1319 conjunetum‚
1072 1281 1187 1305 nemo
1208 1267 1336 1319 discit)
1359 1276 1423 1305 aut
1443 1266 1718 1320 eloquentiam,
1736 1279 1853 1318 quam

456 1335 496 1371 in
516 1335 683 1372 clamore
703 1342 740 1371 et
761 1334 801 1371 in
821 1334 1028 1372 verborum
1058 1334 1169 1372 cursu
1190 1334 1351 1386 positam
1372 1343 1532 1387 putant:
1564 1333 1744 1371 omnium
1764 1345 1854 1369 vero

456 1401 644 1438 bonarum
675 1401 830 1444 artium,
862 1400 1027 1452 denique
1056 1401 1247 1438 virtutum
1277 1400 1443 1453 ipsarum
1461 1399 1680 1439 societatem
1708 1411 1851 1451 cogna-

455 1467 681 1517 tionemque
702 1480 779 1504 non
800 1476 955 1504 norunt.

500 1532 692 1569 XXXIV.
714 1531 798 1575 Sed,
821 1540 863 1569 ut
883 1531 928 1569 ad
948 1533 1103 1569 Graecos
1117 1532 1278 1570 referam
1297 1534 1524 1578 orationem,
1549 1532 1708 1585 (quibus
1729 1544 1852 1570 carere

454 1598 494 1635 in
516 1597 590 1635 hoc
611 1596 769 1649 quidem
791 1596 972 1634 sermonis
995 1610 1131 1649 genere
1152 1612 1228 1635 non
1250 1599 1447 1650 poffumus
1465 1617 1476 1643 ς
1509 1612 1599 1636 nam
1620 1608 1662 1636 ut
1682 1598 1850 1641 virtutis,

454 1677 474 1700 a
493 1663 642 1707 nostris,
664 1662 713 1700 fic
734 1662 913 1700 doestrinae
933 1663 1019 1700 sunt
1048 1663 1094 1701 ab
1124 1663 1217 1708 illis,
1244 1665 1422 1717 exempla
1452 1664 1670 1717 repetenda)
1704 1663 1852 1717 septem

451 1729 561 1768 fuiffe
581 1731 764 1768 dicuntur
779 1743 856 1767 uno
876 1738 1063 1782 tempore,
1081 1731 1148 1782 qui
1169 1730 1352 1783 sapientes
1372 1740 1410 1768 et
1430 1730 1661 1769 haberentur
1681 1739 1719 1768 et
1737 1743 1850 1769 voca-

454 1806 597 1835 rentur.
648 1797 706 1835 Hi
727 1809 875 1841 omnes,
911 1805 1044 1848 praeter
1076 1797 1278 1835 Milesium
1307 1797 1490 1842 Thalem,
1526 1797 1746 1835 civitatibus
1777 1796 1852 1835 suis

452 1861 700 1914 praefuerunt.
734 1862 834 1913 Qis
855 1862 1001 1899 doffior
1021 1862 1154 1900 iisdem
1172 1862 1248 1900 illis
1270 1863 1522 1916 temporibus,
1554 1872 1618 1900 aut
1638 1863 1747 1915 cujus
1768 1863 1850 1900 elo-

452 1929 609 1979 quentia
630 1928 747 1966 literis
768 1927 985 1965 instruffitior
1005 1927 1114 1966 fuisse
1135 1929 1307 1974 traditur,
1326 1943 1443 1981 quam
1462 1929 1662 1967 Pifistrati?
1685 1930 1753 1980 qui
1769 1929 1850 1981 pri-

452 2006 540 2031 mus
558 1993 722 2032 Homeri
737 1993 870 2038 libros,
887 1993 1064 2032 confusos
1085 2003 1204 2039 antea,
1219 1994 1268 2032 fic
1289 1993 1505 2046 disposuisse
1522 1993 1676 2038 dicitur,
1692 2002 1734 2031 ut
1746 2007 1851 2032 nunc

451 2057 654 2098 habemus.
699 2060 793 2097 Non
814 2058 889 2097 fuit
919 2059 985 2097 ille
1004 2059 1163 2111 quidem
1197 2059 1345 2097 civibus
1366 2059 1439 2096 suis
1461 2058 1581 2102 utilis,
1614 2058 1673 2096 sed
1694 2059 1746 2096 ita
1765 2059 1848 2097 elo-

451 2125 609 2176 quenti&
630 2125 772 2169 floruit,
796 2134 838 2162 ut
858 2125 977 2162 literis
1004 2125 1251 2177 doC‘ffinaque
1280 2125 1478 2178 praestaret.
1526 2124 1634 2176 Qid
1655 2126 1847 2163 Pericles?

452 2189 498 2227 de
514 2191 623 2241 cujus
643 2190 794 2227 dicendi
815 2190 925 2242 copia
945 2190 993 2227 fic
1013 2190 1246 2243 accepimu8‚
1266 2200 1321 2235 ut,
1344 2204 1434 2228 cum
1455 2199 1585 2228 contra
1611 2191 1849 2230 voluntatem

451 2254 748 2293 Athenienfium
769 2255 985 2307 loqueretur
1005 2270 1075 2308 pro
1095 2256 1212 2293 salute
1227 2257 1370 2308 patriae,
1393 2256 1552 2294 severius
1576 2265 1703 2294 tamen
1725 2257 1764 2295 id
1784 2257 1847 2309 ip—

451 2321 550 2366 sum,
573 2321 676 2373 quod
692 2321 757 2358 ille
777 2331 908 2359 contra
926 2322 1124 2374 populares
1141 2321 1319 2360 homines
1340 2323 1494 2368 diceret,
1512 2323 1695 2376 populare
1715 2323 1846 2361 omni-

452 2388 523 2425 bus
543 2396 579 2426 et
594 2388 814 2440 jucundum
836 2388 1048 2434 videretur,
1071 2390 1179 2441 cujus
1200 2390 1239 2426 in
1260 2388 1374 2427 labris
1395 2398 1536 2427 veteres
1557 2390 1713 2434 comici,
1731 2390 1848 2427 etiam

452 2467 545 2491 cum
565 2453 624 2491 illi
659 2443 943 2499 maledicerent,
978 2454 1100 2507 (quod
1121 2464 1206 2493 tum
1240 2454 1406 2493 Athenis
1439 2455 1520 2493 fieri
1548 2456 1705 2507 licebat)
1737 2455 1845 2507 lepo-

452 2532 534 2559 rem
553 2518 733 2559 habitafi‘e
752 2519 930 2561 dixerunt
944 2539 957 2568 5
981 2530 1204 2575 tantamque
1222 2521 1264 2562 in
1284 2535 1327 2562 eo
1347 2521 1429 2561 vim
1447 2520 1571 2567 fuiffe,
1593 2530 1636 2560 ut
1655 2521 1696 2560 in
1711 2533 1845 2560 eorum
