2176 2912
465 197 546 246 460
908 198 1438 238 ORATOR.

470 289 576 328 brevi
604 289 729 343 prima
759 290 882 337 litera,
913 292 1055 345 infimus
1088 291 1285 345 producta,
1344 291 1567 331 Inhumanus
1598 289 1717 336 brevi,
1747 289 1875 344 infilix

470 355 599 409 long-21.
659 358 726 402 Et,
759 371 806 396 ne
837 358 987 403 multis,
1019 359 1160 411 quibus
1192 359 1233 396 in
1253 358 1376 396 verbis
1400 372 1451 396 eae
1470 358 1605 410 primae
1624 357 1742 395 literae
1769 356 1872 402 sunt,

471 436 557 474 quae
577 423 616 461 in
623 424 806 476 stipando,
837 432 951 476 atque
957 425 1081 477 filice,
1112 424 1297 477 producte
1317 424 1457 462 dicitur
1472 443 1483 469 ς
1517 425 1556 461 in
1575 423 1718 462 caeteris
1740 423 1873 461 omni-

472 489 558 536 bus,
580 491 757 529 breviter.
817 492 995 544 Itemque
1014 492 1212 544 composuit,
1234 506 1296 529 con
1313 492 1426 536 uevit,
1457 491 1673 543 concrepuit,
1701 490 1872 543 coufecit:

472 556 627 594 consule
665 557 883 602 veritatem,
924 556 1174 609 reprehendet
1187 575 1199 600 ;
1250 556 1347 593 refer
1382 556 1427 594 ad
1466 569 1592 601 aures,
1637 556 1871 608 probabunt.
1894 544 1898 546 ,

473 624 626 675 Qaere,
648 637 717 662 cur
735 625 748 661 ?
780 624 832 662 ita
852 624 887 660 se
908 624 1036 661 dicent
1050 623 1190 674 juvari.
1229 623 1431 674 Voluptati
1453 632 1580 660 autem
1602 624 1753 660 aurium
1783 635 1873 660 mo-

471 690 624 742 rigerari
644 690 756 728 debet
776 688 909 727 oratio.

528 756 639 807 Qin
658 769 728 807 ego
748 755 840 808 ipse,
877 769 971 793 cum
996 754 1130 792 scirem
1156 755 1208 792 ita
1229 755 1390 806 majores
1422 753 1571 792 locutos
1592 753 1676 799 effe,
1709 762 1753 791 ut
1783 753 1876 792 nus-

474 835 607 873 quam,
642 821 710 859 nifi
746 821 786 859 in
822 821 958 866 vocali,
992 820 1242 873 adspiratione
1272 830 1481 865 uterentur,
1518 821 1701 873 loquebar
1734 819 1799 865 fic,
1832 827 1877 857 ut

463 888 623 940 pulcros,
657 888 815 940 Cetegos,
837 887 1022 940 triumpos,
1046 888 1280 939 Cartaginem
1300 887 1466 925 dicerem
1486 902 1496 924 ;
1517 885 1736 938 aliquando,
1758 886 1877 938 idque

472 954 566 999 sero,
603 954 779 992 convicio
809 954 975 998 aurium,
1014 967 1107 991 cum
1142 962 1288 991 extorta
1326 952 1427 991 mihi
1457 953 1592 991 veritas
1627 952 1731 997 effet,
1762 952 1876 990 usum

472 1020 657 1073 loquendi
690 1020 836 1073 populo
878 1019 1053 1064 conceffi,
1089 1019 1287 1058 scientiam
1321 1018 1421 1057 mihi
1454 1019 1648 1057 reservavi.
1710 1018 1878 1058 Orcivios

471 1097 616 1133 tamen,
647 1095 685 1125 et
704 1088 887 1132 Matones,
921 1088 1064 1130 Otoues,
1099 1087 1291 1138 Caeffiones,
1309 1086 1493 1139 st’pulcra,
1515 1099 1672 1128 coronas,
1703 1085 1878 1138 lacrymas

471 1155 654 1198 dicimus,
676 1154 766 1205 quia
783 1167 850 1204 per
869 1153 1020 1190 aurium
1035 1153 1230 1204 judicium
1252 1152 1398 1205 semper
1417 1152 1520 1189 licet.
1545 1152 1710 1189 Parrum
1730 1150 1877 1203 semper

472 1221 637 1265 Ennius,
652 1232 853 1271 nunquam
870 1219 1069 1272 Pyrrhum.
1104 1219 1152 1257 Vi
1160 1219 1412 1271 patcjccerunt
1424 1219 1580 1270 Fruges,
1598 1231 1676 1255 non
1697 1217 1875 1270 Phryges,

471 1287 588 1340 ipfius
608 1286 755 1338 antiqui
776 1285 966 1323 declarant
986 1285 1089 1323 libri.
1150 1285 1236 1323 Nec
1257 1285 1362 1322 enim
1385 1285 1561 1322 Graecam
1583 1284 1734 1322 literam
1763 1281 1877 1321 adhi-

472 1354 614 1392 bebant
632 1372 643 1398 3
677 1366 780 1390 nunc
815 1361 944 1389 autern
975 1352 1091 1389 etiam
1125 1352 1241 1390 duas:
1280 1360 1319 1389 et
1352 1349 1444 1389 cum
1479 1351 1681 1404 Phrygum,
1713 1359 1751 1388 et
1784 1347 1878 1387 cum

472 1418 680 1472 Phrygibus
713 1417 923 1456 dicendum
955 1416 1057 1462 effet,
1089 1417 1295 1455 absurdum
1330 1425 1407 1454 erat
1437 1425 1502 1454 aut
1529 1414 1681 1454 tantum
1702 1415 1876 1453 Barbaris

472 1486 617 1524 cafibus
651 1486 828 1523 Graecam
861 1485 1010 1522 literam
1031 1483 1223 1529 adhibere,
1263 1493 1327 1522 aut
1349 1485 1451 1521 recto
1479 1483 1564 1521 casu
1586 1483 1712 1522 solum
1741 1483 1877 1521 Graece

471 1552 595 1604 loqui,
617 1560 746 1588 tamen
766 1560 804 1588 et
825 1551 1001 1602 Phryges,
1033 1559 1069 1586 et
1090 1550 1276 1602 Pyrrhum
1296 1550 1447 1587 aurium
1467 1549 1574 1586 causa
1594 1549 1775 1586 dicimus.

529 1618 772 1669 Qinetiam,
805 1615 909 1667 quod
933 1616 1015 1667 jam
1037 1614 1292 1652 subrusticum
1315 1616 1477 1659 videtur,
1509 1615 1605 1652 olim
1625 1623 1753 1652 autem
1773 1613 1876 1666 poli-
1924 1618 1928 1623 '

472 1685 564 1729 tius,
595 1696 729 1721 eorum
749 1682 970 1725 verborum,
1006 1694 1173 1733 quorum
1194 1681 1333 1718 eaedem
1366 1691 1471 1718 erant
1498 1680 1695 1733 postremae
1721 1680 1804 1717 duae
1824 1679 1875 1716 li-

473 1760 574 1795 terae,
596 1764 680 1802 quae
702 1749 787 1786 sunt
808 1749 846 1786 in
867 1757 1041 1800 optumis,
1074 1747 1304 1799 postremam
1340 1747 1490 1784 literam
1511 1745 1774 1790 detrahebant,
1808 1746 1876 1783 nifi

472 1817 612 1855 vocalis
649 1815 929 1867 insequebatur.
990 1815 1046 1852 Ita
1068 1827 1144 1851 non
1166 1822 1243 1850 erat
1277 1812 1434 1851 offenfio
1468 1814 1507 1850 in
1543 1813 1722 1858 verfibus,
1757 1825 1876 1865 quam

473 1897 576 1921 nunc
597 1881 754 1934 fugiunt
775 1890 893 1933 poetae
914 1880 1017 1918 novi.
1069 1881 1127 1917 Ita
1145 1880 1250 1917 enim
1272 1879 1553 1931 loquebamur3

609 1936 685 2000 ,ῥῷ
700 1948 744 2000 cst
764 1947 911 1985 omaihu'
927 1947 1108 2000 princeps.
1170 1947 1278 1991 Non,
1300 1946 1455 1985 omuibus
1468 1947 1663 1998 princeps3
1695 1954 1748 1989 et,

613 2016 698 2053 Vita
717 2015 777 2052 illa
796 2013 930 2066 diguu’,
961 2014 1108 2066 locoque.
1170 2013 1277 2057 Non,
1299 2012 1438 2065 dignus.

474 2080 592 2132 Qod
614 2081 638 2117 si
674 2079 826 2117 indocta
857 2077 1092 2116 consuetudo
1113 2087 1192 2115 tam
1218 2078 1269 2115 est
1302 2076 1435 2115 artifex
1467 2075 1671 2120 suavitatis,
1703 2074 1799 2127 quid
1828 2075 1874 2112 ab

472 2146 549 2198 ipsa
570 2145 724 2183 tandem
746 2155 822 2182 arte
843 2154 879 2181 et
900 2144 1070 2182 doctrina
1090 2143 1267 2196 postulari
1290 2143 1499 2195 putamus?
1550 2132 1555 2140 ¹

528 2211 625 2248 Haec
646 2210 727 2247 dixi
749 2210 914 2253 brevius,
932 2223 1050 2261 quam
1071 2209 1095 2246 sl
1117 2207 1187 2246 hac
1209 2209 1254 2245 de
1277 2222 1314 2245 re
1332 2222 1407 2246 una
1426 2207 1657 2259 disputarem
1682 2206 1752 2258 (est
1769 2207 1875 2245 enim.

472 2277 537 2316 hic
569 2278 675 2315 locus
707 2275 780 2313 late
805 2285 951 2328 patens,
983 2275 1028 2312 de
1050 2284 1180 2312 natura
1202 2274 1346 2326 usuque
1367 2275 1589 2325 verborum)
1622 2273 1774 2326 longius
1806 2287 1875 2311 au-

473 2353 568 2388 tem,
591 2356 707 2395 quam
729 2342 900 2379 instituta
925 2342 1020 2378 ratio
1038 2340 1264 2393 postulabat.

529 2410 677 2447 XLIX.
712 2408 782 2446 Sed
808 2407 898 2459 quia
932 2421 1074 2452 rerum,
1111 2407 1392 2458 verborumque
1417 2406 1627 2458 judicium,
1664 2405 1874 2458 prudentiae

473 2476 539 2522 cst,
569 2489 710 2513 vocum
732 2483 876 2519 autem,
905 2483 942 2512 et
963 2487 1212 2512 numerorum
1243 2486 1348 2511 aures
1370 2472 1648 2524 suntjudices3
1680 2480 1732 2516 et,
1769 2470 1875 2523 quod
