2176 2912
646 148 965 189 LIBER
1041 146 1617 188 SECUNDUS.
1761 163 1838 203 217

436 243 591 283 infitiari
612 242 754 281 neceffe
774 241 839 279 est.
891 241 935 279 Id
956 240 1007 278 est
1027 240 1146 293 igitur
1165 253 1286 292 genus
1302 239 1477 293 primum
1498 241 1694 279 causarum
1715 243 1754 280 in
1769 245 1837 294 ju-

436 310 561 353 diciis,
593 322 640 346 ex
674 307 925 346 controverfia
944 306 1048 345 fac'ti.
1095 308 1141 345 In
1172 305 1512 344 deliberationibus
1534 307 1765 360 plerumque
1791 322 1839 347 ex

434 373 571 418 futuri,
602 387 683 411 raro
704 374 820 411 etiam
840 386 887 410 ex
908 372 1094 417 instantis,
1116 381 1182 410 aut
1201 371 1307 410 facti.

489 441 592 492 Saepe
623 448 753 477 autem
780 452 837 476 res
858 452 951 482 non,
981 438 1038 482 fit,
1060 451 1194 482 necne,
1227 437 1290 475 sed
1312 437 1448 489 Qalis
1469 437 1527 482 fit,
1554 439 1763 489 quaeritur3
1797 449 1840 478 ut

434 518 528 543 cum
556 505 604 543 L.
640 505 794 557 Opimii
824 504 975 542 causam
1010 503 1238 542 defendebat
1271 504 1372 556 apud
1405 503 1612 556 populum,
1662 505 1841 543 audiente

434 583 512 615 me,
544 570 592 608 C.
616 570 743 608 Carbo
765 568 926 613 Consul,
959 568 1059 606 nihil
1081 569 1127 606 de
1149 570 1196 606 C.
1221 567 1393 606 Gracchi
1428 582 1519 606 nece
1549 569 1734 620 negabat5
1777 570 1840 608 sed

434 635 473 673 id
497 637 585 687 jure
605 649 675 688 pro
694 635 811 673 salute
831 636 961 687 patriae
980 634 1126 672 factum
1146 634 1218 672 effe
1238 634 1388 672 dicebat
1403 653 1416 679 ς
1449 643 1492 672 ut
1522 634 1647 673 eidem
1670 635 1839 673 Carboni

434 701 594 739 tribuno
614 701 736 753 plebis
757 700 830 738 alia
849 709 933 738 turn
956 709 1084 738 mente
1106 699 1388 752 rempublicam
1409 699 1624 751 capeffenti,
1657 701 1700 738 P.
1727 700 1839 738 Afri-

434 779 550 804 canus
571 766 617 804 de
637 766 733 804 Tib.
750 764 931 803 Graccho
952 766 1216 818 interroganti,
1239 765 1494 818 responderat,
1511 766 1599 817 jure
1619 766 1758 804 caesum
1780 767 1839 804 vi-

433 831 528 869 deri.
588 832 680 882 Jure
700 840 830 868 autem
851 826 984 868 oninia
1003 829 1278 874 defenduntur,
1300 844 1385 882 quae
1405 831 1492 868 sunt
1511 831 1590 882 ejus
1611 833 1773 883 generis,
1796 842 1840 870 ut

432 906 498 934 aut
525 897 751 949 oportuerit,
787 906 851 934 aut
871 896 1037 941 licuerit,
1067 905 1132 934 aut
1152 895 1295 933 neceffe
1316 895 1447 941 fuerit,
1479 906 1544 933 aut
1564 897 1838 949 imprudentia,

433 972 498 1001 aut
517 963 617 1007 casu,
639 961 736 1000 facta
756 962 826 1000 effe
847 962 1061 1001 videantur.

489 1029 577 1079 Jam
599 1029 708 1080 Qid
728 1037 899 1072 vocetur,
927 1029 1125 1080 quaeritur,
1155 1042 1264 1073 cum,
1290 1042 1368 1081 quo
1387 1027 1505 1065 verbo
1525 1028 1618 1080 quid
1640 1029 1837 1081 appellan-

433 1093 529 1132 dum
549 1094 607 1138 fit,
629 1094 899 1133 contenditur:
923 1104 965 1131 ut
985 1093 1086 1132 mihi
1106 1094 1174 1147 ipfi
1191 1108 1283 1132 cum
1298 1093 1374 1133 hoc
1395 1094 1567 1146 Sulpicio
1584 1093 1659 1132 fuit
1674 1096 1714 1132 in
1728 1096 1838 1133 Nor-

434 1160 524 1198 bani
545 1160 652 1198 causa
674 1160 823 1197 summa
842 1161 1053 1198 contentio.
1115 1161 1300 1213 Pleraque
1320 1161 1427 1198 enim
1448 1161 1493 1198 de
1513 1161 1573 1204 iis,
1596 1175 1681 1213 quae
1703 1161 1750 1198 ab
1767 1161 1837 1199 isto

433 1226 728 1277 objiciebantur,
763 1239 854 1263 cum
875 1225 1089 1270 confiterer,
1123 1235 1251 1263 tamen
1272 1226 1318 1263 ab
1339 1226 1409 1263 illo
1429 1226 1664 1276 majestatem
1698 1227 1836 1264 immi—

433 1302 569 1330 nutam
590 1292 801 1344 negabam:
833 1305 879 1330 ex
905 1305 982 1344 quo
1002 1291 1118 1330 verbo
1139 1291 1222 1345 lege
1243 1292 1411 1344 Apuleia
1429 1301 1507 1329 tota
1526 1291 1592 1329 illa
1612 1292 1719 1330 causa
1739 1306 1835 1345 pen-

432 1358 560 1396 debat.

488 1425 621 1477 Atque
641 1424 680 1461 in
702 1424 776 1462 hoc
807 1437 942 1477 genere
963 1423 1159 1462 causarum
1194 1423 1372 1461 nonnulli
1403 1424 1644 1476 praecipiunt,
1676 1433 1719 1462 ut
1750 1438 1834 1462 ver-

433 1490 530 1528 bum
551 1490 662 1534 illud,
693 1491 798 1543 quod
818 1489 968 1528 causam
988 1489 1095 1534 facit,
1131 1490 1258 1527 lucide
1289 1490 1530 1541 breviterque
1557 1499 1717 1541 uterque
1738 1490 1835 1528 defi-

432 1557 525 1594 niat.
574 1556 691 1608 Qod
712 1556 811 1594 mihi
832 1556 990 1607 quidem
1012 1569 1197 1608 perquam
1218 1555 1362 1607 puerile
1382 1555 1501 1593 videri
1522 1555 1628 1593 solet,
1675 1556 1763 1593 Alia
1784 1556 1836 1594 est

433 1622 552 1666 enim,
583 1635 675 1660 cum
696 1623 793 1660 inter
822 1622 951 1660 doctos
973 1620 1150 1659 homines
1182 1621 1227 1659 de
1249 1622 1294 1659 iis
1326 1621 1413 1674 ipsis
1435 1621 1561 1665 rebus,
1581 1635 1665 1673 quae
1686 1622 1834 1659 versan-

433 1696 495 1725 tur
514 1689 554 1725 in
575 1689 733 1733 artibus,
756 1688 982 1741 disputatur,
997 1688 1203 1725 verborum
1224 1687 1426 1732 definiti03
1449 1697 1505 1732 ut,
1527 1701 1619 1725 curn
1636 1688 1833 1739 quaeritur,

434 1752 529 1803 quid
548 1753 592 1790 s1t
612 1766 683 1797 ars,
705 1753 799 1804 quid
820 1753 863 1790 fit
884 1753 958 1796 lex,
981 1753 1075 1803 quid
1096 1752 1140 1790 s1t
1160 1752 1306 1790 civitas.
1336 1753 1380 1790 In
1403 1753 1545 1804 quibus
1566 1752 1640 1790 hoc
1662 1753 1835 1805 praecipit

434 1819 528 1856 ratio
548 1826 661 1870 atque
681 1819 863 1862 doCtrina,
886 1827 928 1855 ut
949 1819 1004 1855 vis
1025 1819 1105 1869 ejus
1127 1818 1195 1862 rei,
1227 1832 1344 1869 quam
1373 1818 1543 1863 definias,
1571 1819 1619 1856 fic
1640 1819 1834 1871 exprima-

433 1893 510 1928 tur,
543 1893 586 1921 ut
612 1897 736 1935 neque
756 1884 848 1921 abs1t
871 1884 1099 1936 quidquam,
1122 1897 1246 1935 neque
1266 1883 1435 1935 superfit.
1478 1885 1597 1935 Qod
1618 1884 1775 1936 quidem
1793 1885 1834 1922 in

432 1950 498 1988 illa
517 1950 624 1987 causa
643 1964 768 2002 neque
790 1950 981 2002 Sulpicius
1013 1949 1122 1994 fecit,
1150 1963 1273 2001 neque
1294 1963 1365 2002 ego
1395 1949 1519 1987 facere
1545 1960 1704 1988 conatus
1731 1950 1831 1988 sum.

432 2016 554 2061 Nam,
582 2026 773 2069 quantum
794 2026 954 2069 uterque
975 2016 1145 2054 nostrum
1168 2017 1308 2068 potuit,
1339 2016 1448 2053 omni
1468 2017 1578 2068 copia
1598 2016 1750 2054 dicendi
1771 2017 1833 2054 di-

432 2082 575 2127 latavit,
592 2083 688 2134 quid
707 2082 794 2120 effet
807 2083 1041 2134 majestatem
1063 2083 1250 2120 minuere.
1274 2082 1433 2119 Etenim
1454 2081 1628 2121 definitio
1644 2081 1831 2134 primum,

433 2147 658 2199 reprehenso
677 2149 793 2186 verbo
813 2162 904 2193 uno,
935 2158 999 2186 aut
1019 2148 1162 2192 addito,
1193 2157 1257 2185 aut
1278 2148 1450 2200 dempto,
1474 2147 1567 2200 saepe
1583 2157 1832 2199 extorquetur

432 2226 458 2250 e.
471 2213 648 2251 manibus
664 2228 672 2252 :
693 2213 828 2251 deinde
843 2227 978 2266 genere
992 2214 1072 2266 ipso
1091 2214 1303 2251 doctrinam
1321 2213 1477 2257 redolet,
1495 2214 1830 2251 exercitationem-

433 2291 508 2330 que
529 2291 623 2329 pene
642 2279 852 2330 puerilem:
876 2289 959 2317 tum
982 2280 1021 2317 in
1043 2279 1206 2324 sensum,
1223 2289 1261 2317 et
1280 2279 1320 2316 in
1341 2289 1512 2316 mentem
1527 2279 1670 2331 judicis
1692 2279 1830 2315 intrare

433 2357 511 2382 non
532 2344 664 2395 potest.
696 2345 801 2383 Ante
820 2347 924 2384 enim
946 2346 1222 2398 praeterlabitur
1240 2360 1357 2397 quam
1377 2356 1553 2398 percepta
1573 2346 1637 2383 est.

488 2410 638 2447 XXVI.
671 2411 743 2447 Sed
762 2411 801 2448 in
823 2425 866 2449 eo
886 2425 1034 2463 genere,
1068 2413 1107 2449 in
1130 2425 1221 2463 quo,
1245 2412 1370 2462 Qale
1398 2412 1441 2449 fit
1461 2411 1569 2462 quid,
1602 2410 1827 2460 ambigitur,

432 2475 557 2514 existit
570 2475 686 2512 etiam
702 2489 748 2514 ex
766 2475 891 2529 scripti
907 2477 1217 2530 interpretatione
1233 2476 1327 2529 saepe
1342 2477 1537 2515 contentio
1546 2495 1556 2521 5
1577 2477 1616 2514 in
1630 2487 1707 2527 quo
1723 2473 1831 2511 nulla

514 2542 552 2580 T
571 2554 593 2580 0
612 2553 664 2580 Μ.
696 2541 728 2581 Ι.
1265 2550 1272 2556 “
1444 2541 1477 2579 Ε
1499 2554 1519 2578 e
