2176 2912
684 187 1408 231 ORATORIBUS.
1660 193 1733 249 381

336 288 495 343 populo,
527 286 594 340 qui
614 294 679 324 aut
698 285 924 336 expectaret,
955 290 1020 320 aut
1039 280 1122 320 fieri
1141 280 1241 334 poffe
1261 281 1475 335 quidquam
1495 284 1634 324 melius
1661 302 1737 341 pu-

336 364 445 393 taret.

380 420 492 458 LIII.
515 420 570 456 At
589 431 690 462 vero,
714 425 756 454 ut
775 424 907 454 contra
928 413 1076 454 Crassus
1093 414 1140 452 ab
1160 414 1395 454 adolescente
1412 416 1588 463 delicato,
1611 420 1679 471 qui
1695 421 1735 459 in

334 486 447 524 litore
480 485 680 523 ambulans
717 483 904 521 scalmum
935 481 1139 534 reperisset,
1171 482 1226 532 Ob*
1251 495 1413 535 eamque
1444 497 1526 522 rem
1555 486 1737 525 aedificare

333 564 470 589 navem
504 549 793 603 concupivisset,
832 547 984 586 exorsus
1018 547 1097 592 est,
1144 547 1316 586 fimiliter
1343 550 1550 588 Scaevolam
1581 565 1629 589 ex
1660 566 1738 591 uno

333 616 478 655 scalmo
493 616 694 669 captionis,
713 614 990 653 centumvirale
999 613 1196 665 judicium
1211 612 1442 653 haereditatis
1458 615 1618 655 effecisse
1631 636 1643 662 3
1661 617 1738 657 hoc

333 681 375 719 in
393 682 462 720 illo
482 682 594 720 initio
613 680 851 723 consecutus,
879 679 1013 717 multis
1034 678 1202 731 ejusdem
1222 681 1370 732 generis
1391 680 1586 720 sententiis
1607 683 1735 722 delec-

328 748 438 793 tavit,
460 747 681 800 animosque
699 747 892 790 omnium,
915 746 983 797 qui
1004 745 1169 790 aderant,
1191 746 1231 783 in
1251 745 1485 786 hilaritatem
1506 762 1527 786 a
1545 749 1738 789 severitate

332 813 503 851 traduxit
519 832 532 859 3
555 813 660 865 quod
679 813 732 850 est
752 825 875 849 unum
891 825 938 849 ex
959 812 1095 856 tribus,
1113 825 1197 863 quae
1214 812 1296 850 dixi
1313 814 1360 851 ab
1380 824 1526 853 oratore
1544 816 1646 854 effici
1667 817 1736 855 de-

332 879 435 917 bere.
487 878 640 917 Deinde
659 877 734 916 hoc
755 877 912 915 voluiffe
938 890 1044 922 eum,
1075 878 1144 928 qui
1175 878 1446 918 testamentum
1473 881 1629 928 fecisset,
1660 883 1737 923 hoc

331 944 486 988 senfiffe‚
519 957 678 996 quoquo
705 943 822 981 modo
842 942 944 980 filius
977 955 1053 980 non
1074 942 1175 988 effet,
1207 944 1275 995 qui
1297 944 1337 982 in
1358 945 1464 983 suam
1486 949 1647 987 tutelam
1668 964 1735 988 ve-

330 1010 444 1054 niret,
475 1010 549 1048 five
569 1023 645 1047 non
666 1018 792 1053 natus,
822 1009 896 1046 five
915 1017 1002 1046 ante
1022 1018 1214 1054 mortuus,
1247 1011 1389 1049 Curius
1415 1010 1523 1050 heres
1545 1024 1587 1052 ut
1617 1015 1705 1054 effet
1725 1031 1734 1054 :

330 1075 384 1113 ita
404 1076 565 1114 scribere
584 1075 800 1127 plerosque,
828 1084 866 1112 et
885 1075 925 1112 id
947 1074 1079 1120 valere,
1111 1085 1149 1113 et
1170 1076 1323 1114 valuiffe
1342 1077 1504 1132 semper.
1564 1081 1676 1127 HaeC,
1697 1092 1736 1121 et

331 1141 455 1178 multa
474 1140 661 1192 ejusmodi
678 1140 822 1185 dicens,
851 1139 970 1178 fidem
989 1138 1176 1186 faciebat,
1200 1142 1303 1193 quod
1324 1143 1377 1181 est
1395 1157 1443 1182 ex
1462 1146 1585 1184 tribus
1605 1157 1733 1186 orato-

329 1207 380 1245 tis
399 1207 537 1245 officiis
557 1206 734 1245 alterurn.
780 1206 933 1244 Deinde
953 1220 1110 1258 aequum
1130 1207 1280 1246 bonum
1301 1209 1617 1252 testamentorum
1647 1214 1733 1253 sen-

329 1273 481 1318 tentias,
502 1273 792 1324 voluntatesque
818 1281 962 1312 tutatus
982 1273 1034 1311 est
1049 1292 1062 1319 ς
1093 1283 1235 1326 quanta
1253 1274 1343 1314 effet
1371 1276 1412 1314 in
1432 1278 1556 1316 verbis
1589 1281 1732 1333 captio,

328 1340 484 1378 cumin
504 1340 647 1378 caeteris
673 1339 798 1385 rebus,
829 1349 917 1378 tum
943 1340 983 1378 in
1015 1340 1262 1386 testamentis,
1293 1343 1320 1380 fi
1350 1344 1634 1397 negligerentur
1662 1361 1732 1385 vo-

328 1406 522 1452 luntates;
555 1417 739 1460 quantam
774 1407 844 1445 fibi
874 1408 1088 1460 potentiam
1119 1408 1283 1446 Scaevola
1313 1409 1525 1456 assumeret,
1557 1412 1584 1450 fi
1616 1427 1733 1453 nemo

328 1473 481 1512 auderet
500 1474 771 1512 testamentum
791 1473 915 1512 facere
935 1474 1073 1528 postea,
1104 1475 1172 1513 nifi
1194 1475 1241 1513 de
1261 1476 1366 1514 illius
1386 1477 1582 1517 sententia.
1632 1481 1733 1520 Haec

327 1553 421 1578 cum
441 1541 618 1594 graviter,
654 1550 741 1579 tum
772 1541 819 1579 ab
839 1541 1027 1594 exemplis
1059 1542 1223 1594 copiose,
1255 1552 1341 1581 tum
1362 1545 1474 1589 varie,
1506 1554 1592 1584 tum
1613 1548 1732 1586 etiam

327 1605 504 1651 ridicule,
534 1615 572 1644 et
604 1605 726 1644 facete
752 1607 962 1659 explicans,
1003 1621 1088 1645 eam
1117 1607 1427 1655 admirationem,
1463 1610 1730 1651 assenfionem-

326 1684 403 1722 que
423 1673 651 1718 commovit,
683 1673 815 1711 dixiffe
836 1682 878 1711 ut
908 1682 1040 1712 contra
1059 1688 1175 1712 nemo
1193 1675 1397 1714 videretur.
1436 1677 1527 1715 Hoc
1547 1688 1624 1716 erat
1643 1693 1728 1717 ora-

327 1738 421 1775 toris
441 1738 618 1776 officium
638 1739 843 1790 partitione
863 1741 1033 1784 tertium,
1056 1753 1192 1792 genere
1208 1742 1444 1781 maximum.
1495 1744 1576 1782 Hic
1597 1745 1662 1782 ille
1682 1746 1730 1784 de

326 1803 472 1855 populo
486 1803 620 1854 judex,
643 1804 711 1855 qui
731 1804 928 1856 separatim
949 1806 1111 1844 alterum
1138 1807 1345 1846 admiratus
1374 1809 1477 1854 effet,
1509 1810 1626 1856 idem,
1658 1825 1727 1850 au-

325 1868 410 1907 dito
429 1869 560 1914 altero,
589 1870 786 1920 judicium
807 1870 919 1908 suum
950 1881 1227 1911 contemneret.
1265 1875 1321 1912 At
1341 1888 1429 1913 vero
1450 1877 1668 1929 intelligens
1689 1887 1730 1916 et

325 1933 474 1979 doetus,
520 1935 675 1973 audiens
708 1936 928 1981 Scaevolam,
976 1938 1129 1976 sentiret
1160 1937 1231 1976 effe
1260 1940 1455 1991 quoddam
1482 1942 1634 1980 uberius
1665 1943 1726 1981 di-

325 2000 437 2037 cendi
467 2013 585 2052 genus
616 2009 653 2038 et
672 2001 855 2040 ornatius.
916 2003 980 2040 Ab
1001 2013 1164 2056 utroque
1184 2013 1328 2050 autem,
1351 2006 1459 2043 caus&
1486 2009 1668 2059 perorata,
1698 2010 1727 2048 fi

324 2076 554 2118 quaereretur
574 2077 658 2105 uter
677 2068 863 2120 praestaret
880 2079 1017 2114 orator,
1041 2083 1240 2123 nunquam
1264 2071 1436 2124 profefto
1456 2073 1630 2126 sapientis
1656 2077 1725 2128 ju-

323 2132 472 2170 dicium
491 2146 511 2170 a
525 2133 674 2185 judicio
690 2134 798 2186 vulgi
815 2134 1053 2187 discreparet.

379 2199 487 2236 LIV.
569 2200 608 2237 ui
638 2200 785 2251 praestat
804 2201 923 2253 igitur
948 2202 1166 2255 intelligens
1202 2205 1411 2257 imperito?
1444 2221 1582 2260 magna
1617 2222 1655 2247 re
1686 2218 1723 2247 et

324 2263 504 2301 difficili:
541 2264 566 2301 fi
597 2265 758 2315 quidem
787 2280 974 2319 magnum
1005 2269 1057 2306 est
1086 2269 1192 2314 scire,
1214 2272 1355 2322 quibus
1379 2272 1489 2310 rebus
1520 2274 1720 2318 efficiatur,

323 2329 568 2367 amittaturve
594 2331 756 2369 dicendo
785 2332 897 2378 illud,
920 2335 1109 2386 quidquid
1131 2336 1195 2380 est,
1218 2338 1322 2388 quod
1345 2348 1409 2376 aut
1439 2340 1538 2377 effici
1559 2340 1720 2377 dicendo

323 2405 486 2447 oportet,
508 2405 572 2434 aut
589 2397 716 2434 amitti
737 2411 813 2436 non
830 2410 993 2452 oportet.
1027 2402 1178 2439 Praestat
1194 2403 1309 2441 etiam
1331 2405 1399 2442 illo
1418 2405 1549 2443 doctus
1571 2406 1719 2443 auditor

323 2462 490 2506 indocto,
513 2462 616 2514 quod
638 2462 744 2516 saepe‚
766 2477 857 2502 cum
877 2476 1039 2504 oratores
1061 2468 1151 2512 duo,
1174 2478 1237 2506 aut
1266 2470 1392 2522 plures
1422 2471 1554 2523 populi
1570 2471 1720 2522 judicio

322 2527 544 2581 probantur,
576 2529 679 2582 quod
709 2530 860 2569 dicendi
889 2545 1009 2584 genus
1041 2534 1235 2587 optimum
1268 2536 1324 2581 fit,
1356 2537 1552 2590 intelligit.
1612 2537 1718 2576 Nam
