2176 2912
405 188 480 241 536
788 182 1422 222 ORATORIAE

402 281 541 319 animis
581 279 622 323 ii,
654 278 722 331 qui
756 277 926 321 audient,
958 277 1079 329 magis
1113 285 1151 315 et
1186 275 1341 329 propius
1374 273 1578 319 accefi‘erit,
1618 273 1650 312 is
1680 274 1808 314 vincat

403 346 545 384 necesse
566 345 631 384 est,
693 344 786 383 Non
817 343 923 381 enim
955 343 1257 396 argumentando
1278 341 1353 380 hoc
1374 355 1493 394 genus
1518 342 1712 386 tractatur,
1743 341 1805 379 sed

403 421 589 464 tanquam
621 409 848 465 explicando
869 409 1175 461 excutiendoque
1198 408 1340 452 verb03
1374 417 1417 445 ut
1447 407 1488 451 si,
1521 408 1561 445 in
1592 421 1655 445 reo
1686 420 1806 460 pecu-

403 478 467 516 nia
505 477 702 521 absoluto,
753 475 953 527 rursusque
992 485 1179 519 revocato,
1229 474 1578 526 praevaricationem
1615 473 1809 511 accusator

402 543 473 582 effe
499 543 667 587 definiat,
699 555 858 580 omnem
884 541 1023 594 judicii
1053 540 1313 592 corruptelam
1347 539 1393 576 ab
1420 552 1483 576 reo
1498 557 1510 584 ς
1543 537 1717 577 defensor
1739 552 1807 577 au-

404 619 498 654 tem,
547 623 624 647 non
666 621 852 651 omnem,
889 606 950 643 sed
985 605 1259 643 tantummodo
1289 604 1514 642 accusatoris
1551 604 1811 658 corruptelam

404 677 452 714 ab
474 690 549 714 reo.
611 676 665 712 Sit
686 687 774 726 ergo
797 672 877 710 haec
899 673 1097 710 contentio
1117 672 1241 724 prima
1259 671 1480 716 verborum,
1512 672 1553 709 in
1585 684 1662 723 qua
1692 671 1810 709 etiam

405 743 432 780 fi
453 743 608 795 propius
635 741 788 778 accedat
820 739 865 777 ad
897 738 1214 776 consuetudinem
1248 746 1497 790 mentemque
1528 737 1710 776 sermonis
1741 737 1810 775 de-

404 808 561 846 fensoris
583 806 770 850 definitio,
802 815 931 843 tamen
952 804 1144 843 accusator
1175 804 1360 842 sententia
1385 804 1480 857 legis
1512 804 1663 842 nititur.
1723 804 1810 842 Ne-

404 883 468 926 gat
502 874 607 911 enim
642 872 793 925 probari
825 880 1012 924 oportere,
1048 884 1125 915 eos,
1170 871 1238 923 qui
1273 870 1374 923 leges
1409 869 1651 923 scripserunt,
1683 879 1811 911 ratum

404 940 544 978 habere
558 939 771 992 judicium,
794 938 818 976 fi
842 947 970 976 totum
990 948 1218 990 corruptum
1239 937 1284 975 s1t
1296 955 1308 981 3
1340 936 1366 974 fi
1388 950 1486 974 unus
1507 934 1701 975 accusator
1720 949 1808 974 cor-

406 1016 539 1059 ruptus
561 1006 618 1050 fit,
650 1004 872 1042 rescindere.
932 1003 1087 1042 Nititur
1106 1004 1283 1055 aequitate
1298 1021 1310 1047 ;
1342 1011 1386 1040 ut
1407 1002 1472 1040 illa
1491 1003 1593 1055 quafi
1614 1002 1812 1041 scribenda

405 1072 468 1110 lex
489 1072 537 1110 fic
569 1071 670 1116 effet,
706 1084 867 1123 quaeque
896 1079 1025 1108 tamen
1046 1069 1366 1122 complecteretur
1392 1069 1432 1106 in
1456 1068 1615 1120 judiciis
1647 1082 1809 1121 corrup-

405 1138 470 1183 tis,
502 1152 545 1176 ea
565 1137 680 1176 verbo
711 1150 788 1175 uno
816 1136 1134 1189 praevaricationis
1155 1133 1481 1188 comprehendisse
1511 1134 1668 1173 dicitur.
1726 1135 1811 1174 De-

405 1203 532 1242 fensor
565 1212 695 1242 autem
729 1202 884 1241 testatur
913 1201 1231 1240 consuetudinem
1269 1200 1467 1246 sermonis,
1512 1201 1696 1253 verbique
1729 1201 1813 1239 vim

406 1284 453 1308 ex
475 1270 663 1308 contrario
695 1269 855 1322 reperiet
881 1268 983 1321 quafi
1017 1281 1064 1307 ex
1094 1281 1182 1306 vero
1212 1266 1441 1313 accusatore,
1474 1267 1537 1305 cui
1571 1267 1811 1306 contrarium

405 1337 460 1374 est
492 1350 634 1374 nomen
676 1335 996 1389 praevaricatori53
1042 1349 1089 1373 ex
1119 1334 1459 1387 consequentibus,
1494 1333 1601 1387 quod
1629 1347 1673 1372 ea
1704 1334 1814 1372 litera

408 1404 453 1441 de
473 1403 685 1441 accusatore
706 1402 819 1440 soleat
850 1402 929 1440 dari
950 1401 1102 1454 judici;
1134 1415 1181 1439 ex
1213 1401 1372 1439 nomine
1398 1400 1493 1454 ipso,
1528 1400 1633 1453 quod
1664 1400 1812 1454 fignifi-

403 1480 465 1508 cat
495 1483 600 1515 eum,
637 1470 704 1521 qui
739 1469 778 1506 in
813 1469 1012 1507 contrariis
1048 1468 1165 1506 causls
1201 1467 1305 1520 quasi
1338 1467 1438 1505 varie
1470 1467 1540 1506 effe
1575 1467 1717 1521 positus
1752 1467 1812 1506 vi-

409 1537 553 1574 deatur.
615 1536 685 1573 Sed
721 1533 814 1572 huic
854 1544 981 1572 tamen
1017 1534 1083 1587 ipfi
1115 1533 1424 1586 confugiendum
1455 1534 1507 1572 est
1540 1534 1587 1572 ad
1621 1534 1811 1586 aequitatis

409 1602 530 1646 locos,
564 1601 609 1638 ad
641 1614 767 1638 rerum
793 1600 1054 1651 judicatarum
1089 1599 1366 1644 auctoritatem,
1406 1599 1452 1637 ad
1490 1599 1609 1637 finem
1642 1599 1814 1652 aliquem

409 1667 597 1720 periculi;
641 1680 927 1718 communeque
960 1667 1004 1704 fit
1039 1665 1114 1704 hoc
1145 1674 1396 1718 praeceptum,
1433 1674 1489 1710 ut,
1527 1679 1618 1703 cum
1654 1674 1814 1718 uterque

409 1733 612 1778 definierit,
645 1731 764 1785 quam
799 1733 968 1770 maxime
999 1732 1168 1784 potuerit
1197 1732 1242 1769 ad
1263 1745 1516 1769 communem
1539 1731 1686 1769 sensum
1708 1732 1813 1769 vim-

409 1814 485 1852 que
516 1800 633 1844 verbi‚
674 1808 758 1836 tum
793 1799 996 1843 fimilibus‚
1028 1797 1289 1851 exemplisque
1319 1811 1468 1842 eorum,
1500 1798 1568 1850 qui
1603 1799 1656 1836 ita
1690 1797 1813 1836 locuti

409 1866 510 1910 sunt,
542 1865 646 1903 suam
678 1865 941 1903 definitionem
974 1865 1277 1917 sententiamque
1301 1865 1521 1903 confirmet.
1582 1866 1715 1917 Atque
1749 1878 1814 1902 ac-

409 1932 579 1969 cusatori
604 1932 643 1968 in
677 1930 753 1969 hoc
784 1945 919 1984 genere
938 1931 1134 1970 causarum
1166 1931 1273 1969 locus
1294 1931 1360 1968 ille
1380 1931 1616 1975 communis,
1650 1930 1815 1969 minime

409 1998 479 2037 effe
510 1998 815 2044 concedendum,
848 2007 891 2036 ut
924 1999 971 2043 is,
1003 1998 1070 2050 qui
1101 1998 1146 2036 de
1174 2012 1211 2035 re
1239 1997 1480 2042 confiteatur,
1512 1997 1617 2035 verbi
1638 1997 1673 2034 se
1694 1997 1813 2034 inter-

411 2065 621 2117 pretatione
653 2063 843 2102 defendat.
905 2063 1093 2103 Defensor
1127 2073 1257 2102 autem
1302 2072 1338 2101 et
1372 2063 1428 2108 ea,
1463 2077 1582 2115 quam
1621 2062 1814 2116 proposui,

410 2131 588 2182 aequitate
609 2131 765 2175 nitatur,
796 2140 847 2174 et,
879 2143 921 2168 ea
940 2144 1031 2168 cum
1053 2130 1182 2168 secum
1209 2128 1336 2174 faciat,
1369 2143 1445 2168 non
1467 2143 1519 2174 re,
1551 2129 1612 2166 sed
1633 2129 1814 2183 deprava-

412 2197 516 2234 tione
549 2196 654 2233 verbi
685 2196 719 2233 se
752 2196 875 2248 urgeri
897 2205 1087 2248 queratur.
1149 2197 1241 2247 Qo
1261 2196 1300 2233 in
1332 2209 1466 2248 genere
1497 2194 1714 2248 percensere
1743 2209 1816 2248 po-

411 2263 501 2300 terit
521 2261 721 2314 plerosque
755 2262 974 2299 inveniendi
1004 2262 1122 2300 locos.
1183 2261 1289 2300 Nam
1315 2270 1353 2298 et
1380 2261 1568 2299 fimilibus
1600 2270 1742 2307 utetur,
1778 2271 1818 2300 et

412 2328 626 2373 contrariis,
663 2337 700 2365 et
734 2327 1055 2380 consequentibus
1090 2341 1312 2380 quanquam
1345 2338 1519 2381 uterque,
1556 2337 1683 2366 tamen
1715 2340 1815 2374 reuS,

413 2395 481 2433 nifi
509 2394 620 2447 plane
650 2394 721 2432 erit
741 2394 898 2431 absurda
924 2394 1045 2439 causa,
1081 2393 1334 2447 frequentius.
1385 2394 1666 2447 Amplificandi
1685 2403 1816 2432 autem

413 2460 535 2505 causa,
567 2474 664 2512 quae,
698 2469 762 2498 aut
792 2474 884 2498 cum
905 2461 1165 2513 digredientur
1192 2474 1212 2498 a
1238 2460 1359 2506 causa,
1381 2461 1459 2499 dici
1480 2460 1614 2505 solent,
1637 2469 1701 2498 aut
1721 2473 1815 2498 cum

412 2527 659 2585 perorabunt,
709 2526 790 2566 haec
826 2527 886 2566 vel
921 2527 967 2566 ad
1014 2528 1164 2574 odium,
1206 2527 1266 2566 vel
1300 2527 1347 2566 ad
1390 2526 1705 2573 misericordiam,
1755 2524 1815 2566 vel
