2176 2912
464 232 544 270 294
812 216 925 254 DE
1003 215 1518 254 ORATOREV.

460 314 527 352 alii
561 312 607 352 ad
638 309 816 355 muficos,
847 308 1095 348 contulerunt
1111 327 1122 354 ς
1154 309 1219 347 alii
1249 308 1379 353 etiam,
1413 317 1461 346 ut
1490 306 1695 353 dialeffifici,
1716 321 1863 349 novum

463 380 533 418 fibi
564 378 631 432 ipfi
662 377 836 417 studium
870 375 1085 428 ludumque
1119 385 1359 428 pepererunt,
1401 384 1514 426 atque
1547 374 1587 412 in
1621 374 1667 413 iis
1702 376 1862 421 artibus,

463 460 548 498 quae
569 453 722 499 repertae
756 443 858 487 sunt,
890 452 933 481 ut
953 456 1159 496 puerorum
1191 451 1338 480 mentes
1360 442 1405 479 ad
1434 440 1718 480 humanitatem
1738 442 1864 495 finge-

463 522 595 551 rentur
613 522 728 563 atque
748 511 944 554 virtutem,
966 522 1081 547 omne
1102 517 1254 561 tempus
1275 517 1389 560 atque
1406 517 1530 546 aetates
1551 507 1632 547 suas
1653 508 1878 562 consumps

463 576 603 617 serunt.

503 645 617 683 XVI.
641 642 726 687 Sed,
741 641 846 695 quod
859 648 965 679 erant
985 639 1158 692 quidam,
1176 639 1280 691 iique
1300 639 1430 684 multi,
1446 639 1514 692 qui
1531 649 1596 677 aut
1613 640 1653 678 in
1669 641 1866 693 republica

465 720 621 764 propter
639 709 863 761 ancipitem,
885 721 970 759 quae
990 720 1068 744 non
1088 705 1210 758 potest
1229 705 1299 743 effe
1317 705 1497 757 sejuncta,
1527 704 1708 750 faciendi,
1730 707 1864 744 dicen-

462 777 580 828 dique
612 775 849 827 sapientiam,
880 772 1072 816 florerent,
1117 780 1162 810 ut
1192 770 1492 816 Themistocles,
1537 780 1581 809 ut
1613 771 1792 817 Pericles,
1823 780 1867 810 ut

462 841 754 885 Theramenes5
786 848 864 883 aut,
896 838 963 890 qui
993 838 1121 876 minus
1141 837 1209 890 ipfi
1236 838 1275 874 in
1303 837 1500 890 republica
1529 837 1774 883 versarentur,
1806 836 1867 876 sed

461 906 578 959 hujus
618 916 745 944 tamen
784 905 954 958 ejusdem
994 904 1185 956 sapientiae
1214 904 1386 941 doftores
1420 902 1560 947 essent,
1606 913 1650 942 ut
1683 904 1864 956 Gorgias,

462 972 790 1025 Thrasymachus,
823 962 1029 1015 Isocrates,
1061 971 1208 1009 inventi
1242 970 1341 1015 sunt,
1373 971 1441 1023 qui
1474 983 1566 1008 cum
1600 970 1668 1023 ipfi
1695 971 1866 1010 doctrina

463 1049 501 1077 et
535 1039 699 1092 ingeniis
730 1037 981 1081 abundarent,
1013 1050 1033 1074 a
1067 1049 1105 1074 re
1125 1046 1253 1074 autem
1282 1035 1402 1080 civili,
1433 1044 1471 1073 et
1497 1049 1518 1072 a
1536 1036 1714 1087 negotiis,
1746 1036 1867 1074 animi

463 1104 633 1157 quodam
648 1103 811 1156 judicio,
843 1101 1104 1146 abhorrerent,
1135 1100 1235 1139 hanc
1261 1101 1414 1139 dicendi
1434 1100 1749 1139 exercitationem
1775 1114 1866 1139 exa-

462 1171 640 1222 gitarent,
673 1178 786 1220 atque
818 1176 1137 1206 contemnerent:
1171 1180 1338 1218 quorum
1368 1166 1546 1218 princeps
1578 1166 1747 1203 Socrates
1775 1164 1866 1210 fuit,

463 1236 510 1280 is,
542 1236 610 1288 qui
639 1236 819 1273 omnium
838 1234 1079 1272 eruditorum
1110 1233 1342 1277 testimonio,
1374 1232 1733 1284 totiusquejudicio
1755 1233 1866 1270 Grae-

463 1302 546 1346 ciae,
592 1315 685 1339 cum
716 1301 930 1354 prudentia,
975 1309 1013 1337 et
1044 1300 1235 1343 acumine,
1267 1308 1306 1336 et
1327 1298 1533 1344 venustate,
1575 1307 1614 1336 et
1643 1298 1867 1344 subtilitate,

463 1378 551 1406 tum
577 1382 666 1406 vero
701 1367 934 1419 eloquentia,
964 1366 1155 1411 varietate,
1187 1366 1310 1418 copia,
1341 1379 1459 1418 quam
1477 1365 1514 1403 se
1533 1378 1686 1417 cunque
1707 1366 1748 1403 in
1779 1379 1866 1418 par-

463 1444 545 1473 tem
575 1433 744 1478 dedisset,
775 1433 957 1472 omnium
992 1431 1068 1471 fuit
1100 1432 1214 1470 facile
1239 1432 1431 1485 princeps.
1479 1431 1560 1470 Hic
1590 1431 1651 1476 iis,
1682 1431 1750 1483 qui
1769 1430 1867 1476 haec,

465 1514 551 1552 quae
585 1513 652 1538 nos
701 1512 804 1537 nunc
839 1498 1061 1550 quaerimus,
1103 1500 1316 1542 traffitarent,
1352 1506 1517 1550 agerent,
1549 1497 1741 1542 docerent,
1774 1510 1867 1535 cum

464 1566 624 1604 nomine
659 1565 938 1617 appellarentur
958 1577 1050 1607 uno,
1081 1564 1186 1615 quod
1216 1564 1343 1601 omnis
1365 1577 1493 1601 rerum
1513 1563 1750 1614 optimarum
1769 1576 1866 1615 cog-

464 1632 578 1676 nitio,
622 1640 736 1683 atque
773 1630 813 1668 in
848 1630 894 1667 iis
924 1629 1158 1673 exercitatio,
1204 1629 1429 1682 Plailqsbphia
1468 1629 1744 1673 nominaretur,
1790 1628 1867 1667 hoc

464 1711 677 1737 commune
703 1710 846 1735 nomen
873 1696 1028 1749 eripuit,
1060 1695 1318 1748 sapienterque
1347 1695 1547 1739 sentiendi,
1579 1704 1616 1732 et
1644 1704 1776 1733 ornate
1805 1695 1867 1733 di-

465 1765 578 1804 cendi
613 1764 823 1808 scientiam,
856 1776 894 1802 re
929 1762 1174 1807 cohaerentes,
1209 1761 1531 1814 disputationibus
1552 1761 1625 1799 suis
1658 1761 1865 1814 separavit:

465 1833 575 1883 cujus
608 1831 823 1883 ingenium,
853 1830 1049 1882 variosque
1081 1829 1272 1867 sermones
1304 1829 1586 1867 immortalitati
1616 1828 1763 1881 scriptis
1793 1828 1867 1866 suis

468 1898 592 1936 Plato.
613 1898 782 1942 tradidit,
826 1911 919 1935 cum
952 1896 1028 1949 ipse
1062 1896 1212 1934 literam
1259 1897 1426 1933 Socrates
1462 1895 1611 1933 nullam
1645 1894 1865 1947 reliquisset.

466 1964 575 2001 Hinc
597 1963 801 2001 discidium
821 1963 919 2001 illud
939 1963 1067 2001 extitit
1082 1962 1184 2015 quafi
1204 1961 1346 2013 linguae
1365 1970 1480 2013 atque
1500 1960 1639 2004 cordis,
1661 1959 1868 1997 absurdum

467 2030 565 2074 sane,
607 2039 644 2068 et
678 2030 829 2075 inutile,
872 2039 910 2068 et
944 2028 1326 2082 reprehendendum3
1360 2036 1402 2065 ut
1435 2026 1499 2064 alii
1535 2039 1602 2063 nos
1635 2026 1771 2078 sapere,
1803 2025 1867 2062 alii

465 2096 606 2140 dicere,
639 2096 832 2134 docerent.
878 2096 999 2140 Nam,
1030 2108 1122 2133 cum
1143 2093 1258 2132 essent
1285 2092 1412 2145 plures
1442 2091 1517 2130 orti
1550 2091 1628 2129 fere
1660 2105 1680 2129 a
1700 2092 1864 2136 Socrate,

466 2162 572 2213 quod
605 2175 652 2199 ex
686 2162 791 2199 illius
825 2161 950 2206 variis,
982 2169 1019 2198 ct
1050 2159 1214 2204 diversis,
1245 2168 1283 2197 et
1308 2159 1349 2196 in
1369 2171 1528 2196 omnem
1554 2166 1700 2210 partem
1721 2156 1866 2195 diffusis
1909 2193 1913 2196 .

466 2227 788 2280 disputationibus
809 2227 904 2265 alius
924 2226 1028 2264 aliud
1043 2224 1355 2279 apprehenderat,
1377 2224 1637 2277 prosemInatae
1658 2224 1743 2262 sunt
1764 2223 1866 2275 quasi

467 2293 624 2332 familiae
657 2293 912 2331 difl'entientes
944 2293 1042 2330 inter
1062 2291 1111 2337 se,
1142 2301 1179 2330 et
1206 2291 1378 2329 multum
1412 2290 1609 2343 disjuncta:
1630 2300 1668 2328 et
1688 2289 1866 2343 dispares,

467 2374 560 2398 cum
583 2369 710 2398 tamen
731 2374 863 2398 omnes
884 2360 919 2398 se
936 2357 1163 2413 Philosophi
1183 2358 1391 2398 Socraticos
1412 2367 1450 2397 et
1470 2358 1546 2396 dici
1567 2358 1721 2402 vellent,
1740 2366 1777 2395 et
1797 2355 1867 2394 effe

467 2427 751 2465 arbitrarentur.

524 2494 656 2532 XVII.
689 2495 749 2532 Ac
780 2494 907 2547 primo
926 2494 972 2531 ab
1006 2493 1086 2546 ipso
1115 2492 1273 2531 Platone
1295 2491 1516 2530 Aristoteles
1543 2500 1580 2529 et
1601 2492 1864 2533 Xenocrates;

468 2573 636 2612 quorum
666 2561 759 2599 alter
780 2560 1136 2613 Peripateticorum,
1167 2558 1261 2598 alter
1280 2558 1499 2597 Academiae
1519 2570 1659 2596 nomen
1679 2554 1864 2594 obtinuit.
