2176 2912
462 180 783 222 LIBER
860 147 1439 220 SEcUNDUS.
1581 194 1654 235 ης

249 279 304 318 ita
321 275 555 318 commorari
574 272 793 318 conveniet,
829 271 934 325 quafi
963 271 1064 310 nihil
1086 281 1263 325 praeterea
1292 272 1502 311 dicendum
1528 272 1587 318 fit,
1618 282 1657 313 et

249 343 353 397 quasi
372 352 506 383 contra
524 341 603 380 dici
621 339 724 379 nihil
739 338 864 392 poffit,
880 339 974 392 saepe
994 339 1048 384 id,
1070 339 1176 392 quod
1192 339 1380 392 scriptum
1399 339 1466 384 est,
1489 341 1655 379 recitan-

249 410 298 449 do
310 429 322 455 ;
363 409 457 462 saepe
474 421 569 446 cum
596 406 737 459 scripto
760 404 907 445 fastum
928 404 1126 444 adversarii
1146 404 1392 458 confligendo
1409 423 1421 450 ;
1453 415 1567 457 atque
1588 406 1652 444 in-

250 475 403 514 terdum
424 475 561 512 acriter
583 473 630 511 ad
643 473 821 525 judicem
839 471 967 525 ipsum
989 471 1227 510 revertendo.
1262 473 1354 523 Qo
1375 471 1416 509 in
1432 470 1519 510 loco
1532 472 1658 523 judici

249 541 591 582 demonstrandum
611 540 678 585 est,
709 540 969 592 quidjuratus
989 539 1050 584 fit,
1080 539 1177 592 quid
1196 538 1302 591 sequi
1321 538 1482 577 debeat:
1510 539 1657 577 duabus

251 608 298 648 de
317 609 435 647 caufis
450 608 627 660 judicem
648 606 824 647 dubitare
849 615 1039 659 oportere,
1069 605 1096 644 s1
1116 613 1182 644 aut
1211 604 1399 658 scriptum
1418 605 1464 643 fit
1483 605 1657 649 obscure,

252 684 317 715 aut
336 684 452 728 neget
471 674 618 727 aliquid
638 673 881 714 adversarius.

307 742 459 782 XLIV.
482 743 590 781 Cum
608 749 648 780 et
667 740 858 794 scripturn
878 739 924 779 fit
943 748 1083 792 aperte,
1104 748 1143 778 et
1162 738 1391 778 adversarius
1411 738 1545 778 omnia
1563 751 1659 776 con-

254 807 420 852 fiteatur,
437 817 522 846 tum
532 807 709 859 judicem
721 806 799 858 legi
812 819 954 858 parere,
969 819 1047 844 non
1060 805 1301 859 interpretari
1314 805 1456 858 legem,
1470 813 1657 857 oportere.

254 875 347 913 Hoc
367 875 454 913 loco
473 873 718 918 confirmato,
739 881 827 910 tum
857 871 1002 911 diluere
1020 885 1077 917 ea,
1113 886 1199 925 quae
1217 881 1352 911 contra
1371 871 1449 910 dici
1469 879 1659 924 poterant,

253 940 463 992 oportebit.
521 940 670 980 Contra
699 947 830 978 autem
858 938 1022 984 dicetur,
1053 938 1080 977 fi
1111 947 1177 977 aut
1206 938 1356 991 prorsus
1388 937 1493 976 aliud
1519 936 1663 976 sensiss‘e

254 1006 429 1059 scriptor,
443 1015 482 1044 et
497 1005 676 1059 scripsisse
689 1005 810 1051 aliud,
827 1004 1149 1044 demonstrabitur
1162 1022 1174 1049 ;
1197 1005 1294 1043 utin
1314 1004 1381 1042 illa
1396 1004 1442 1042 de
1456 1002 1661 1042 testamen-

256 1081 312 1117 to,
331 1086 451 1125 quam
470 1072 683 1126 posuimuS‚
705 1072 983 1116 controversiam
1006 1080 1071 1109 aut
1089 1071 1200 1110 causa
1219 1070 1446 1124 assumptiva
1463 1068 1662 1112 inferetur,

255 1139 512 1191 quamobrem
522 1139 665 1191 scripto
677 1153 755 1179 non
771 1139 954 1192 potuerit,
969 1148 1034 1177 aut
1047 1152 1126 1177 non
1141 1138 1369 1191 oportuerit,
1387 1136 1661 1190 obtemperari.

313 1205 354 1244 Si
373 1205 478 1243 aliud
497 1204 640 1243 senfiffe
659 1204 833 1258 scriptor,
853 1204 957 1244 aliud
984 1204 1162 1259 scripfiffe
1182 1204 1343 1250 dicetur,
1364 1204 1412 1248 is,
1434 1203 1503 1256 qui
1522 1202 1666 1256 scripto

258 1280 403 1316 utetur,
435 1270 512 1310 hoc
530 1271 646 1316 dicet,
668 1285 747 1310 non
767 1280 941 1324 oportere
959 1271 1006 1310 de
1035 1272 1117 1324 ejus
1137 1271 1335 1310 voluntate
1365 1284 1435 1309 nos
1455 1283 1663 1322 argumen-

259 1338 344 1382 tari,
376 1338 459 1390 qui,
495 1351 543 1376 ne
562 1338 603 1376 id
621 1336 744 1377 facere
764 1338 970 1391 poffemus,
1002 1337 1193 1376 indicium
1222 1337 1336 1375 nobis
1368 1336 1565 1388 reliquerit
1591 1335 1665 1373 suae

259 1404 467 1443 voluntatis
486 1419 495 1442 :
517 1404 643 1442 multa
660 1404 912 1443 incommoda
927 1403 1123 1456 consequi,
1144 1403 1170 1442 fi
1186 1403 1421 1448 instituatur,
1443 1412 1486 1441 ut
1505 1415 1526 1439 a
1544 1401 1665 1454 scrip÷

259 1480 301 1510 to
320 1471 529 1509 recedatur.
562 1471 670 1509 Nam
689 1480 728 1509 et
747 1484 825 1516 eos,
847 1471 917 1524 qui
937 1470 1086 1523 aliquid
1106 1470 1285 1515 scribant,
1317 1483 1395 1508 non
1423 1469 1666 1507 existimatu-

261 1551 335 1582 ros,
366 1538 420 1583 id,
449 1537 553 1590 quod
573 1537 804 1590 scripserint,
836 1547 963 1575 ratum
983 1536 1163 1575 futurum
1176 1555 1188 1581 3
1229 1545 1269 1574 et
1287 1549 1366 1581 eos,
1389 1535 1456 1588 qui
1471 1534 1665 1587 judicent,

261 1615 424 1650 certum,
447 1605 551 1658 quod
568 1604 787 1657 sequantur,
808 1603 909 1643 nihil
927 1603 1143 1648 habituros,
1174 1603 1201 1641 s1
1222 1602 1337 1641 semel
1358 1616 1378 1640 a
1398 1602 1539 1655 scripto
1560 1614 1667 1639 rece-

263 1671 350 1709 dere
383 1671 661 1710 consueverint.
709 1671 829 1724 Qod
858 1671 886 1709 fi
912 1671 1088 1709 voluntas
1109 1669 1301 1723 scriptoris
1335 1668 1588 1708 conservanda
1607 1667 1667 1711 sit,

265 1737 314 1782 se,
337 1751 413 1775 non
437 1737 677 1782 adversarios,
708 1751 729 1775 a
747 1738 944 1776 voluntate
965 1738 1046 1789 ejus
1076 1737 1184 1775 stare.
1235 1736 1342 1774 Nam
1362 1735 1490 1773 multo
1510 1734 1668 1787 propius

265 1803 440 1841 accedere
461 1804 506 1841 ad
526 1803 719 1856 scriptoris
740 1803 981 1842 voluntatem
1010 1817 1117 1847 eum,
1152 1802 1220 1855 qui
1241 1816 1287 1841 ex
1308 1802 1422 1855 ipsius
1443 1815 1526 1838 eam
1550 1800 1669 1837 literis

265 1869 550 1921 interpretetur,
572 1882 690 1920 quam
708 1869 837 1913 illum,
857 1869 925 1921 qui
945 1868 1072 1906 senten
1080 1869 1171 1906 tiam
1188 1868 1380 1921 scriptoris
1403 1881 1479 1906 non
1496 1880 1541 1904 ex
1557 1866 1669 1918 ipsi-us

268 1935 407 1987 scripto
427 1935 581 1987 spectet,
603 1935 707 1987 quod
729 1935 795 1972 ille
814 1935 887 1973 suae
907 1935 1116 1972 voluntatis
1137 1934 1239 1986 quasi
1268 1935 1480 1986 imaginem
1501 1933 1668 1984 relique-

268 2002 331 2046 rit,
353 2000 415 2039 sed
431 2001 649 2038 domesticis
670 2001 948 2053 suspicionibus
971 2000 1241 2053 perscrutetur.

313 2068 379 2105 Sin
400 2067 550 2105 causam
571 2066 701 2105 afferet
722 2068 768 2112 is,
799 2068 866 2120 qui
887 2081 907 2104 a
926 2067 1111 2105 sententia
1129 2066 1255 2110 stabit,
1293 2063 1465 2117 primum
1486 2065 1555 2101 erit
1576 2077 1670 2102 con-

267 2143 324 2172 tra
343 2134 578 2179 dicendun13
607 2148 725 2187 quam
746 2134 967 2179 absurdum,
990 2148 1067 2172 non
1085 2147 1219 2186 negare
1233 2142 1366 2170 contra
1388 2132 1514 2184 legem
1530 2130 1670 2174 feciss‘e,

270 2200 331 2238 sed
351 2214 467 2253 quare
485 2199 634 2246 fecerit,
657 2201 808 2239 causam
824 2201 995 2253 aliquam
1008 2201 1194 2240 invenire.
1223 2199 1376 2238 Deinde
1392 2198 1568 2236 conversa
1584 2212 1671 2236 oni-

271 2266 333 2303 nia
351 2265 446 2310 effe,
478 2265 565 2304 ante
596 2266 726 2305 solitos
757 2267 828 2305 effe
849 2266 1296 2318 accusatoresjudicibus
1323 2263 1556 2317 persuadere,
1589 2263 1672 2300 affi-

271 2346 362 2370 nem
381 2332 451 2371 effe
470 2333 631 2386 alicujus
662 2334 786 2387 culpae
805 2348 910 2379 eurn,
939 2335 1007 2386 qui
1028 2333 1265 2372 accusaretur
1278 2350 1289 2377 ;
1322 2331 1471 2369 causam
1494 2329 1674 2383 proferre,

271 2412 356 2451 quae
376 2413 467 2438 eum
484 2399 530 2437 ad
545 2401 784 2452 peccandum
798 2400 1009 2454 impulifi‘et
1022 2419 1033 2445 3
1064 2414 1166 2438 nunc
1184 2399 1310 2452 ipsum
1327 2412 1434 2436 reum
1452 2396 1603 2436 causam
1616 2393 1675 2433 af-

268 2465 378 2509 ferre,
400 2479 516 2517 quare
536 2466 754 2518 deliquerit.
789 2468 942 2506 Deinde
958 2466 1057 2505 hanc
1075 2468 1255 2505 inducere
1282 2465 1545 2518 partitionem,
1567 2462 1677 2513 cujus

273 2531 312 2570 in
334 2531 496 2586 singulas
518 2541 640 2586 partes
658 2533 791 2573 multae
818 2534 1050 2573 convenient
1080 2532 1444 2588 argumentationes.
1484 2529 1677 2572 Primum,

964 2600 1049 2638 P2
