2176 2912
441 200 517 240 272
798 184 913 222 DE
991 180 1493 220 ORATORE

440 278 605 319 civitatis
623 296 634 323 ;
667 277 735 329 qui
769 275 860 329 quia
878 276 1012 314 crebro
1033 283 1246 319 mutantur,
1276 287 1396 327 genus
1417 285 1572 326 quoque
1591 271 1771 311 orationis
1790 273 1843 311 est

440 347 536 399 -saepe
557 345 802 384 mutandum.
836 344 901 387 Et,
924 355 1147 394 quanquam
1168 354 1244 378 una
1261 339 1338 378 fere
1357 340 1413 377 vis
1441 339 1494 377 est
1522 339 1764 391 eloquentiae,
1784 348 1842 378 ta-

442 425 546 456 men,
578 410 669 463 quia
688 409 837 448 summa
856 409 1020 461 dignitas
1041 407 1093 445 est
1118 406 1267 460 populi,
1290 405 1503 459 graviffima
1528 405 1637 443 causa
1656 405 1843 458 reipubli-

444 493 512 523 cae,
543 477 706 516 maximi
726 485 856 514 motus
873 474 1151 518 multitudinis,
1183 486 1301 526 genus
1322 485 1476 525 quoque
1496 472 1648 510 dicendi
1667 471 1845 524 grandius

444 544 654 597 quoddam,
675 551 713 579 et
733 541 914 579 illustrius
935 540 1005 578 effe
1020 538 1286 577 adhibendum
1307 538 1480 575 videtur:
1504 538 1748 589 maximaque
1761 550 1845 590 pars
1865 541 1868 542 ’

444 609 626 648 orationis
653 606 890 645 admovenda
918 605 969 642 est
1001 604 1047 641 ad
1067 604 1284 641 animorum
1319 613 1448 640 motus
1483 615 1764 654 nonnunquam
1782 611 1848 639 aut

445 673 724 716 cohortatione,
757 680 822 708 aut
852 669 1225 708 commemoratione
1252 667 1391 719 aliqua,
1422 676 1487 704 aut
1506 668 1546 704 in
1565 666 1683 718 spem,
1713 675 1780 704 aut
1807 667 1846 704 in

447 749 614 783 metum,
649 747 714 775 aut
734 736 780 774 ad
800 735 1068 788 cupiditatem,
1102 744 1166 772 aut
1195 733 1242 771 ad
1264 733 1429 785 gloriam
1449 731 1725 776 concitand083
1757 731 1850 784 saepe

447 808 564 845 etiam
583 819 602 842 a
632 804 858 847 temeritate,
891 802 1100 846 iracundia,
1131 800 1209 854 spe,
1240 800 1392 851 injuria,
1423 799 1580 843 invidia,
1611 798 1849 843 crudelitate,

448 870 693 911 revocandos.

503 936 737 976 LXXXIII.
770 934 836 972 Fit
865 942 1009 976 autem,
1040 941 1097 976 ut,
1134 932 1224 984 quia
1254 931 1425 969 maxima
1454 929 1557 981 quafi
1584 929 1724 967 oratori
1744 928 1853 966 scena

448 1003 620 1042 videatur
639 1000 789 1044 concio,
821 1008 953 1037 natura
972 998 1050 1051 ipsa
1079 998 1125 1035 ad
1145 997 1313 1035 ornatius
1335 995 1485 1034 dicendi
1505 1007 1626 1048 genus
1648 994 1850 1032 excitetur.

451 1069 585 1108 Habet
605 1068 710 1105 enim
738 1065 951 1104 multitudo
977 1065 1059 1102 vim
1079 1063 1273 1116 quandam
1294 1063 1425 1106 talem,
1457 1071 1500 1099 ut
1519 1059 1854 1112 quemadmodum

450 1135 597 1174 tibicen
617 1134 691 1172 fine
713 1132 817 1170 tibiis
845 1144 991 1175 canere,
1021 1130 1070 1168 fic
1091 1139 1230 1173 orator,
1266 1129 1343 1166 fine
1376 1126 1629 1166 multitudine
1662 1124 1853 1168 audiente,

450 1203 634 1254 eloquens
654 1199 724 1238 effe
755 1212 832 1237 non
853 1197 977 1251 poffit.
1021 1197 1088 1240 Et,
1124 1210 1217 1234 cum
1238 1195 1310 1233 sint
1329 1194 1529 1248 populares
1550 1192 1667 1230 multi
1687 1191 1857 1242 variique

452 1268 590 1320 lapsus,
607 1265 761 1305 vitanda
793 1265 845 1302 est
879 1264 1104 1301 acclamatio
1124 1261 1272 1300 adversa
1303 1261 1452 1314 populi,
1479 1273 1566 1312 quae
1590 1267 1655 1296 aut
1674 1256 1856 1296 orationis

452 1342 610 1386 peccato
630 1332 760 1383 aliquo
791 1331 992 1373 excitatur,
1024 1328 1051 1366 si
1083 1328 1221 1381 aspere,
1257 1327 1284 1366 fi
1304 1336 1534 1380 arroganter,
1565 1324 1592 1362 fi
1622 1324 1799 1377 turpiter,
1829 1322 1857 1360 fi

450 1399 614 1443 sordide,
637 1398 663 1435 s1
682 1410 841 1450 quoquo
861 1396 981 1434 animi
1002 1395 1112 1440 vitio,
1144 1394 1292 1432 dietum
1310 1393 1380 1432 effe
1399 1392 1546 1445 aliquid
1563 1391 1733 1429 videatur
1748 1408 1760 1434 ς
1791 1396 1857 1427 aut

454 1464 665 1504 hominum
695 1463 915 1507 offenfione,
947 1461 1005 1499 vel
1026 1461 1182 1506 invidia,
1205 1475 1290 1513 quae
1310 1469 1375 1498 aut
1391 1459 1492 1512 justa
1519 1458 1585 1503 est,
1615 1465 1680 1495 aut
1705 1469 1753 1494 ex
1779 1455 1856 1493 cri-

456 1531 668 1570 minatione
689 1538 803 1580 atque
822 1527 948 1571 fama;
980 1536 1045 1564 aut
1080 1540 1136 1564 res
1159 1527 1184 1564 fi
1204 1526 1404 1578 displicet;
1435 1534 1500 1562 aut
1531 1524 1557 1562 fi
1578 1523 1629 1561 est
1659 1523 1699 1560 in
1728 1522 1859 1574 aliquo

457 1606 570 1636 motu
603 1595 675 1633 suae
705 1593 941 1646 cupiditatis,
972 1601 1038 1629 aut
1072 1601 1212 1636 metus,
1244 1590 1483 1629 multitudo:
1529 1588 1664 1640 hisque
1695 1596 1860 1640 quatuor

458 1662 576 1701 CauslS
596 1660 760 1699 totidem
780 1658 981 1696 medicinae
1001 1666 1251 1710 opponuntur
1268 1671 1276 1694 :
1300 1665 1386 1694 tum
1408 1655 1638 1708 objurgatio,
1654 1653 1679 1691 fi
1699 1653 1752 1690 est
1766 1665 1859 1689 auc-

459 1730 590 1767 toritas
609 1743 617 1766 :
651 1737 736 1766 tum
757 1725 984 1768 admonitio,
1006 1723 1109 1776 quasi
1129 1723 1250 1761 lenior
1269 1723 1487 1775 objurgatio
1505 1737 1513 1760 :
1547 1730 1632 1758 tum
1649 1718 1860 1772 promiffiO,

460 1795 487 1834 fi
507 1794 708 1837 audierint,
740 1792 963 1845 probaturos
980 1806 988 1829 :
1021 1800 1107 1828 tum
1128 1790 1357 1842 deprecatio,
1385 1789 1490 1841 quod
1509 1788 1562 1826 est
1581 1786 1778 1830 infimum,
1800 1784 1863 1823 sed

462 1872 740 1912 nonnunquam
776 1858 884 1896 utile.
932 1857 1057 1896 Nullo
1088 1865 1218 1894 autem
1238 1856 1325 1894 loco
1345 1855 1431 1908 plus
1458 1854 1603 1892 facetiae
1623 1852 1793 1906 prosunt,
1823 1859 1863 1889 et

462 1927 649 1971 celeritas,
680 1934 718 1963 et
735 1925 847 1963 breve
867 1923 1023 1976 aliquod
1052 1923 1201 1960 dictum
1223 1936 1292 1960 nec
1314 1922 1388 1960 fine
1409 1921 1607 1973 dignitate,
1636 1928 1673 1956 et
1693 1931 1785 1956 cum
1804 1917 1862 1954 le-

463 2006 567 2045 pore.
601 1990 715 2030 Nihil
736 1991 840 2028 enim
863 2001 940 2028 tam
961 1988 1086 2033 facile,
1109 2002 1226 2040 quam
1243 1987 1469 2030 multitudo,
1487 2000 1507 2023 a
1527 1984 1690 2028 tristitia,
1712 1992 1750 2020 et
1770 1982 1864 2034 saepe

463 2059 510 2096 ab
531 2059 748 2102 acerbitate,
767 2057 983 2101 commode,
1015 2069 1057 2093 ac
1078 2055 1253 2098 breviter,
1276 2063 1313 2091 et
1333 2062 1456 2097 acute,
1478 2062 1515 2090 et
1534 2050 1653 2088 hilare
1673 2049 1775 2087 dicto
1794 2049 1862 2086 de-

465 2124 632 2162 ducitur.

521 2190 750 2228 LXXXIV.
782 2187 952 2240 Exposui
982 2186 1073 2230 sere,
1106 2196 1148 2223 ut
1175 2185 1298 2238 potui,
1333 2184 1454 2227 vobis,
1487 2183 1526 2220 in
1548 2192 1711 2234 utroque
1730 2194 1866 2233 genere
1925 2181 1929 2184 ”

467 2256 665 2294 causarum
686 2268 770 2306 quae
798 2254 901 2306 sequi
929 2253 1100 2296 solerem,
1133 2266 1216 2303 quae
1243 2249 1387 2303 fugere,
1407 2263 1491 2302 quae
1513 2248 1687 2301 spectare,
1714 2260 1869 2299 quaque

467 2322 630 2360 omnino
650 2322 689 2358 in
711 2321 827 2358 caufis
850 2320 990 2357 ratione
1013 2318 1157 2355 versari.
1191 2318 1276 2356 Nec
1293 2316 1391 2354 illud
1410 2316 1581 2359 tertium,
1601 2313 1867 2352 laudationum

468 2402 602 2441 genus,
625 2387 676 2426 est
693 2387 864 2431 difficile,
887 2386 990 2438 quod
1007 2399 1077 2437 ego
1093 2384 1205 2422 initio
1221 2383 1324 2436 quasi
1344 2397 1364 2420 a
1380 2382 1575 2435 praeceptis
1597 2380 1729 2419 nostris
1746 2379 1865 2417 secre-

469 2467 621 2493 veram:
653 2453 717 2491 sed
736 2462 773 2491 et
793 2452 883 2505 quia
902 2452 1025 2490 multa
1045 2450 1132 2489 sunt
1157 2449 1375 2489 orationum
1394 2461 1545 2502 genera,
1567 2456 1605 2487 et
1625 2446 1809 2501 graviora,
1829 2452 1869 2482 et
