2176 2912
414 206 487 256 184
765 210 866 248 DE
950 209 1390 248 ORATORE

405 320 446 343 ea
466 307 667 352 nescirent,
690 322 967 361 nunquamque
988 310 1201 348 didicissent
1214 340 1225 356 ,
1249 310 1444 362 utriusque
1461 310 1513 348 rei
1532 308 1656 348 facilis
1677 308 1743 354 est,
1764 317 1803 347 et

404 383 584 426 prompta
603 374 784 413 defenfio.
816 376 929 414 Nam.
944 390 1067 429 neque
1093 377 1190 415 illud
1221 377 1272 414 est
1293 377 1526 422 mirandum,
1549 377 1631 429 qui,
1658 375 1800 428 quibus

405 440 528 477 verbis
550 441 744 492 coemptio
765 440 843 486 fiat,
865 442 1018 486 nesciat,
1040 443 1202 481 eundem
1225 445 1304 494 ejus
1327 443 1512 488 mulieris,
1535 456 1620 495 quae
1640 455 1801 494 coemp-

405 506 553 543 tionem
583 505 729 551 fecerit,
763 507 912 545 causam
944 507 1045 560 posse
1077 507 1292 546 defendere.
1325 509 1365 546 N
1369 522 1425 553 ec,
1459 509 1485 546 fi
1519 508 1623 561 parvi
1657 506 1800 559 navigii
1844 536 1847 538 .

403 581 441 608 et
463 572 593 624 magni
613 572 744 609 eadem
769 573 820 610 est
840 573 879 610 in
899 574 1149 625 gubernando
1180 574 1346 618 scientia,
1379 574 1523 612 idcirco
1543 574 1626 625 qui,
1658 573 1798 625 quibus

403 638 528 674 verbis
549 637 723 675 heretum
745 639 835 676 cieri
853 648 1038 690 oporteat,
1060 640 1214 684 nesciat,
1242 641 1344 677 idem
1366 639 1622 677 herciscundae
1643 638 1800 676 familiae

403 704 554 742 causam
586 717 694 756 agere
727 718 803 742 non
839 705 964 757 possit.
1015 706 1121 743 Nam
1153 706 1258 757 quod
1286 706 1473 743 maximas
1505 705 1800 743 centumvitales

402 769 529 807 causas
564 771 604 807 in
630 771 716 820 jure
736 770 871 821 positas
892 770 1084 823 protulisti
1099 789 1111 816 ς
1143 785 1227 823 quae
1255 771 1408 809 tandem
1429 785 1559 809 earum
1580 770 1687 808 causa
1706 769 1798 815 fuit,

402 849 487 887 quae
507 835 554 872 ab
574 833 735 872 homine
764 836 975 888 eloquenti,
997 837 1094 888 juris
1126 837 1323 890 imperito,
1356 850 1433 874 non
1467 836 1700 875 ornatiffime
1726 850 1800 889 po-

401 902 516 939 tuerit
535 901 644 939 dici'?
676 901 818 953 quibus
839 903 997 954 quidem
1016 903 1056 940 in
1077 903 1194 941 caufis
1220 904 1419 948 omnibus,
1448 903 1544 941 ficut
1564 903 1604 940 in
1624 903 1702 956 ipsa
1720 903 1800 941 Μ’.

401 967 526 1012 Curii,
555 981 641 1019 quae
670 967 737 1005 abs
771 977 808 1006 te
839 981 959 1021 nuper
989 967 1040 1006 est
1074 969 1187 1014 dista,
1217 978 1256 1007 et
1286 969 1326 1007 in
1359 970 1407 1007 C.
1431 968 1591 1007 Hostilii
1620 968 1800 1006 Mancini

400 1033 666 1078 controverfia,
699 1041 814 1086 atque
839 1034 880 1072 in
900 1048 945 1072 eo
966 1048 1098 1086 puero,
1130 1035 1198 1086 qui
1218 1048 1264 1073 ex
1284 1034 1398 1073 altera
1429 1042 1537 1072 natus
1558 1043 1636 1072 erat
1667 1047 1798 1078 uxore,

399 1112 477 1136 non
499 1097 649 1136 remisso
665 1099 804 1137 nuntio
816 1098 1011 1152 superiori,
1028 1098 1105 1137 fuit
1123 1100 1223 1138 inter
1235 1099 1476 1152 peritissimos
1492 1098 1670 1137 homines
1688 1099 1796 1137 sum-

400 1178 464 1202 ma
483 1165 528 1202 de
543 1166 630 1217 jure
651 1164 834 1204 dissensio.

444 1232 587 1282 Qaero
607 1231 739 1283 igitur,
757 1231 852 1283 quid
872 1231 1058 1284 adjuverit
1076 1240 1264 1270 oratorem
1285 1232 1325 1270 in
1345 1231 1405 1270 his
1422 1231 1539 1270 caufis
1554 1231 1652 1284 juris
1673 1230 1798 1269 scien-

399 1296 464 1341 tia,
496 1310 588 1334 curn
620 1296 685 1334 hic
710 1297 1005 1348 jurisconsultus
1026 1298 1195 1350 superior
1214 1297 1330 1336 fuerit
1349 1297 1587 1343 discessurus,
1622 1297 1691 1350 qui
1710 1296 1799 1335 esset

399 1376 476 1400 non
498 1362 562 1400 suo
582 1362 759 1407 artificio,
791 1362 851 1400 sed
873 1363 1010 1408 alieno,
1042 1363 1117 1401 hoc
1144 1364 1209 1408 est,
1232 1378 1309 1402 non
1324 1364 1421 1417 juris
1441 1365 1610 1409 scientia,
1633 1363 1695 1401 sed
1714 1362 1798 1400 elo-

397 1428 567 1479 quentia,
598 1428 835 1466 sustentatus.
869 1430 1064 1482 Equidem
1084 1429 1160 1468 hoc
1181 1430 1275 1483 saepe
1294 1430 1436 1476 audivi,
1450 1443 1541 1468 cum
1555 1429 1798 1468 AEdilitatem

398 1495 442 1531 P.
467 1494 615 1531 Craffus
646 1503 804 1546 peteret,
835 1509 1002 1547 eumque
1033 1497 1154 1548 major
1179 1505 1285 1541 natu,
1315 1496 1432 1534 etiarn
1464 1495 1684 1539 consularis,
1716 1495 1795 1533 Ser.

399 1560 525 1597 Galba
555 1559 802 1603 affectaretur,
833 1561 938 1611 quod
970 1561 1087 1598 Craffi
1119 1561 1240 1598 filiam
1262 1562 1310 1599 C.
1332 1561 1415 1599 filio
1435 1561 1500 1599 suo
1531 1559 1796 1613 despondisset,

397 1624 578 1663 acceffiffe
599 1625 644 1663 ad
665 1624 838 1663 Crassum
859 1625 1083 1664 consulendi
1104 1627 1210 1665 causa
1230 1627 1424 1679 quendam
1445 1627 1704 1665 rusticanum:
1728 1627 1797 1679 qui

396 1704 489 1729 cum
512 1690 687 1728 Crassum
707 1690 920 1737 seduxisset,
951 1700 1065 1744 atque
1093 1692 1140 1730 ad
1159 1706 1250 1730 eum
1278 1692 1473 1738 retulisset,
1496 1692 1797 1745 responsumque

396 1757 442 1794 ab
463 1769 508 1794 eo
528 1770 662 1794 verum
682 1757 819 1808 magis,
852 1771 969 1809 quam
989 1757 1035 1795 ad
1055 1757 1159 1796 suam
1179 1771 1261 1796 rem
1283 1759 1637 1803 accommodatum,
1665 1757 1795 1796 abstu-

395 1821 493 1859 lisset
508 1840 520 1866 ς
553 1831 595 1859 ut
615 1835 704 1860 eum
725 1822 870 1860 tristem
892 1823 1017 1861 Galba
1036 1824 1147 1869 vidit,
1174 1824 1332 1862 nomine
1351 1824 1570 1877 appellavit,
1601 1824 1795 1876 quaefivit-

394 1901 484 1940 que,
516 1900 591 1943 qua
611 1887 657 1925 de
688 1901 726 1926 re
759 1889 805 1926 ad
826 1889 1001 1927 Crassum
1022 1889 1232 1928 retulisset:
1262 1903 1310 1929 ex
1329 1904 1407 1943 quo
1429 1899 1471 1929 ut
1491 1890 1650 1935 audivit,
1681 1903 1793 1929 com-

393 1962 627 2006 motumque
659 1963 701 1992 ut
727 1954 824 1992 vidit
844 1953 1060 2001 hominem,
1092 1956 1289 2009 Suspenso,
1319 1957 1462 2009 inquit,
1497 1956 1644 2001 animo,
1665 1965 1703 1993 et
1722 1969 1792 1994 oc-

394 2029 534 2072 cupato
554 2020 728 2058 Crassum
760 2021 832 2059 tibi
863 2021 1089 2074 respondisse
1116 2022 1240 2060 video.
1278 2022 1429 2060 Deinde
1459 2022 1586 2075 ipsum
1619 2021 1794 2060 Crassum

395 2098 513 2123 manu
534 2084 750 2137 prehendit,
772 2095 824 2131 et,
847 2087 958 2124 Heus
979 2095 1035 2131 tu,
1059 2087 1207 2138 inquit,
1228 2087 1323 2139 quid
1344 2086 1416 2125 tibi
1436 2087 1475 2124 in
1497 2095 1669 2125 mentem
1690 2087 1795 2126 venit

394 2151 447 2188 ita
467 2150 689 2202 respondere
710 2151 722 2187 ?
744 2153 854 2189 Tum
874 2152 940 2189 ille
961 2151 1136 2196 fidenter,
1158 2151 1278 2190 homo
1297 2151 1560 2205 peritiffimuS,
1582 2151 1792 2190 confirma-

395 2231 448 2262 re,
479 2217 531 2254 ita
550 2216 586 2253 se
617 2230 699 2254 rem
730 2216 884 2262 habere,
916 2227 958 2255 ut
988 2218 1257 2270 respondisset,
1289 2232 1358 2257 nec
1379 2219 1544 2257 dubium
1570 2219 1642 2256 esse
1675 2219 1790 2271 posse.

395 2282 522 2320 Galba
541 2291 670 2320 autem
691 2282 862 2320 alludens
884 2283 982 2321 varie
1012 2293 1050 2322 et
1077 2284 1240 2337 copiose,
1272 2285 1412 2322 multas
1434 2285 1702 2323 similitudines
1732 2284 1792 2323 af-

394 2348 503 2393 ferre,
519 2347 718 2399 multaque
738 2361 807 2400 pro
827 2348 1004 2400 aequitate
1023 2358 1155 2387 contra
1168 2351 1232 2401 jus
1249 2350 1397 2388 dicere:
1420 2359 1533 2403 atque
1553 2351 1681 2395 illurn,
1699 2364 1792 2390 cum

394 2413 605 2452 disserendo
623 2425 687 2465 par
707 2412 777 2450 esse
798 2427 874 2451 non
892 2414 1023 2466 posset,
1044 2415 1284 2467 (quanquam
1305 2415 1380 2454 fuit
1398 2416 1546 2454 Crassus
1567 2417 1607 2454 in
1627 2429 1792 2454 numero

394 2480 637 2524 disertorum,
668 2478 728 2517 sed
749 2493 814 2531 par
831 2480 966 2518 Galbae
998 2482 1105 2519 nullo
1126 2481 1260 2533 modo)
1292 2482 1338 2520 ad
1368 2484 1536 2520 au&orcs
1564 2481 1789 2534 confugisse,

392 2557 429 2585 ct
450 2546 502 2592 id,
535 2545 639 2599 quod
666 2545 742 2598 ipse
772 2545 929 2593 diceret,
961 2556 998 2586 et
1028 2548 1069 2586 in
1091 2549 1134 2587 P.
1157 2549 1288 2587 Mucii
1308 2547 1433 2588 fratris
1454 2549 1508 2587 sui
1528 2548 1651 2595 libris,
1681 2557 1719 2587 et
1748 2548 1790 2586 in
