2176 2912
377 260 451 300 170
646 247 1426 303 ,DEORATORE

429 340 537 392 Qid
557 341 569 378 ?
601 340 647 378 de
667 341 855 386 libertate,
887 355 965 393 quo
980 342 1176 393 judicium
1197 342 1346 393 gravius
1367 341 1437 379 effe
1458 339 1611 378 nullum
1632 340 1774 393 potest3

373 419 500 444 nonne
519 420 564 444 ex
580 407 666 458 jure
687 407 791 444 civili
813 408 933 459 potest
953 408 1021 444 effe
1051 408 1262 453 contentio,
1297 421 1389 445 cum
1410 407 1606 459 quaeritur,
1638 408 1684 451 is,
1706 407 1775 458 qui

373 471 525 509 domini
560 471 753 510 voluntate
783 472 913 510 census
946 473 1002 516 sit,
1034 474 1282 517 continuone,
1313 486 1358 509 an
1390 473 1457 510 ubi
1484 472 1647 510 lustrum
1678 485 1773 510 con-

374 536 515 582 ditum,
538 538 634 576 liber
654 538 727 575 sit?
767 538 889 589 Qid,
921 540 1024 590 quod
1048 539 1128 583 usu,
1161 540 1349 576 memoria
1368 547 1536 590 patrum,
1567 538 1700 576 venit?
1732 546 1775 575 ut

372 602 657 655 paterfamilias,
691 605 756 655 qui
789 617 833 641 ex
868 605 1053 656 Hispania
1085 605 1255 642 Romam
1283 603 1450 648 venisset,
1490 617 1584 641 cum
1616 616 1775 642 uxorem

372 678 633 721 praegnantem
654 671 693 706 in
714 670 909 720 provincia
930 669 1150 720 reliquisset,
1180 670 1394 720 Romaeque
1419 669 1577 706 alteram
1597 669 1776 712 duxiffet,

373 748 498 787 neque
519 735 701 772 nuntium
722 735 837 786 priori
861 735 1067 778 reniiliffet,
1083 735 1332 786 mortuusque
1354 733 1440 772 effet
1460 735 1651 778 intestato,
1672 743 1710 771 et
1729 748 1778 772 cx

374 809 532 851 utraque
560 800 661 837 filius
684 809 792 837 natus
813 800 900 837 esset
919 818 930 844 ς
964 800 1213 838 mediocrisne
1235 813 1289 837 res
1324 801 1361 837 in
1382 800 1677 838 controversiam
1706 799 1774 837 ad-

373 866 485 904 dueta
504 866 584 904 est?
616 880 709 904 cum
743 876 974 918 quaereretur
1004 867 1050 904 de
1078 867 1228 904 duobus
1249 867 1395 904 civium
1426 867 1631 919 capitibus,
1662 875 1701 904 et
1729 866 1779 904 de

372 946 504 985 puero,
527 933 595 985 qui
615 947 662 971 ex
681 932 886 985 posteriore
905 942 1014 971 natus
1035 942 1126 977 erat,
1146 942 1184 970 et
1203 933 1250 970 de
1269 934 1348 985 ejus
1367 942 1512 977 matre3
1544 946 1645 985 quae,
1666 933 1692 971 fi
1705 933 1777 984 ju-

372 999 561 1037 dicaretur
591 1000 702 1036 certis
724 998 952 1051 quibusdam
973 999 1112 1044 verbis,
1145 1013 1221 1037 non
1251 1000 1358 1037 novis
1385 999 1547 1052 nuptiis,
1582 998 1663 1036 fieri
1682 1011 1775 1036 cum

372 1064 562 1118 superiore
583 1065 808 1110 divortium,
841 1065 880 1102 in
901 1065 1128 1103 concubinae
1149 1066 1281 1103 locum
1302 1065 1519 1103 duceretur.
1579 1066 1677 1103 Haec
1698 1065 1774 1117 igi—

372 1141 448 1175 tur,
479 1141 516 1169 et
537 1130 678 1169 horum
699 1131 836 1168 fimilia
860 1132 947 1183 jura
967 1131 1040 1169 suae
1065 1132 1230 1169 civitatis
1262 1132 1518 1183 ignorantem,
1549 1132 1719 1168 ereetum
1738 1138 1777 1168 et

372 1199 533 1242 celsum,
554 1198 665 1236 alacri
687 1207 724 1235 et
743 1207 925 1250 prompto
945 1212 1009 1235 ore
1038 1212 1080 1236 ac
1100 1197 1227 1242 vultu,
1262 1196 1341 1235 huc
1362 1206 1476 1249 atque
1497 1196 1590 1234 illuc
1618 1197 1775 1234 intuen-

373 1275 467 1310 tem,
500 1265 623 1317 vagari
646 1278 785 1316 magna
805 1279 896 1302 cum
915 1274 1062 1302 caterva
1083 1273 1165 1301 toto
1186 1263 1285 1308 foro,
1316 1263 1532 1316 praefidium
1554 1262 1775 1307 clientibus,

372 1342 487 1384 atque
520 1344 634 1383 opem
656 1331 804 1375 amicis,
836 1340 874 1367 et
902 1343 1020 1382 prope
1047 1330 1195 1368 cunetis
1215 1330 1364 1368 civibus
1395 1329 1524 1367 lucem
1555 1329 1713 1381 ingenii,
1739 1337 1778 1367 et

370 1398 518 1436 consilii
539 1397 595 1435 sui
616 1397 874 1450 porrigentem
894 1407 1007 1448 atque
1029 1397 1264 1441 tendentem,
1294 1410 1422 1434 nonne
1443 1397 1482 1434 ‘m
1509 1395 1644 1449 primis
1664 1394 1776 1448 flagi-

370 1465 514 1502 tiosum
535 1463 751 1516 putandum
773 1463 853 1500 est?

428 1531 536 1568 XLI.
570 1530 622 1567 Et
649 1528 834 1580 quoniam
854 1528 900 1565 de
920 1528 1160 1579 impudentia
1180 1528 1275 1572 dixi,
1307 1527 1534 1580 castigemus
1555 1527 1670 1564 etiam
1692 1525 1776 1578 seg-

373 1596 510 1635 nitiem
528 1594 753 1637 hominum,
771 1602 885 1645 atque
904 1594 1096 1631 inertiam.
1130 1594 1236 1631 Nam
1256 1594 1280 1631 fi
1302 1593 1388 1631 effet
1410 1593 1475 1630 ista
1495 1593 1776 1645 cognitiojuris

372 1674 511 1714 magna
530 1674 572 1698 ac
593 1659 777 1704 difficilis,
809 1669 938 1697 tamen
972 1659 1148 1696 utilitatis
1176 1659 1404 1711 magnitudo
1424 1659 1576 1696 deberet
1596 1657 1776 1696 homines

372 1729 417 1766 ad
448 1726 730 1780 suscipiendum
762 1725 930 1763 discendi
959 1725 1128 1762 laborem
1159 1725 1371 1777 impellere.
1432 1725 1516 1769 Sed,
1556 1739 1579 1762 o
1607 1725 1674 1762 Dii
1696 1725 1774 1761 im-

373 1793 576 1832 mortales!
611 1805 688 1830 non
723 1791 890 1829 dicerem
921 1791 996 1828 hoc
1028 1792 1204 1828 audiente
1236 1792 1413 1835 Scaevola,
1445 1791 1512 1828 nisi
1544 1791 1622 1843 ipse
1651 1790 1778 1827 dicere

374 1860 519 1904 soleret,
552 1859 698 1897 nullius
728 1857 796 1895 fibi
817 1858 904 1895 artis
926 1856 1139 1894 faciliorem
1167 1857 1431 1910 cognitionem
1462 1856 1595 1894 videri.
1656 1855 1777 1907 Qod

373 1927 532 1978 quidem
553 1924 665 1962 certis
687 1924 732 1961 de
752 1924 869 1961 caufis
901 1937 920 1960 a
939 1923 1126 1975 plerisque
1151 1923 1260 1960 aliter
1289 1923 1553 1960 existimatur:
1586 1922 1774 1975 primum,

373 1992 462 2043 quia
488 2001 629 2030 veteres
650 1990 722 2034 illi,
753 1990 821 2042 qui
842 1988 934 2027 huic
956 1989 1120 2027 scientiae
1141 1988 1389 2042 praefuerunt‚
1420 1989 1638 2026 obtinendae
1664 1996 1778 2038 atque

374 2060 554 2111 augendae
590 2057 772 2110 potentiae
811 2056 882 2094 suae
920 2056 1041 2100 causa,
1087 2055 1302 2108 pervulgari
1337 2064 1458 2091 artem
1493 2054 1597 2091 suam
1636 2053 1774 2090 nolue-

375 2134 490 2162 runt:
524 2124 674 2168 deinde,
706 2122 950 2175 posteaquam
985 2121 1037 2158 est
1068 2121 1232 2164 editum,
1269 2119 1447 2172 expolitis
1478 2132 1498 2156 a
1531 2120 1606 2157 Cn.
1641 2118 1776 2157 Flavio

376 2192 549 2242 primum
591 2188 818 2231 actionibus,
864 2187 961 2224 nulli
993 2185 1164 2230 fuerunt,
1195 2185 1262 2237 qui
1306 2185 1371 2222 illa
1404 2184 1603 2222 artificiose
1635 2184 1777 2236 digesta

374 2256 586 2310 generatim
616 2262 908 2306 componerent.
959 2251 1074 2291 Nihil
1095 2252 1146 2290 est
1166 2252 1288 2296 enim,
1319 2251 1422 2303 quod
1443 2251 1488 2288 ad
1508 2258 1628 2288 artem
1655 2250 1775 2302 redigi

377 2324 501 2377 poffit‚
521 2322 588 2360 nifi
606 2322 672 2359 ille
691 2321 810 2373 prius,
833 2321 899 2372 qui
922 2320 987 2357 illa
1004 2328 1120 2364 tenet,
1139 2332 1305 2371 quorum
1326 2328 1445 2356 artem
1462 2318 1656 2356 instituere
1677 2318 1774 2362 vult,

376 2390 512 2429 habeat
532 2388 640 2426 illam
661 2387 873 2431 scientiam,
906 2396 947 2423 ut
968 2399 1012 2424 ex
1034 2386 1079 2423 iis
1102 2386 1226 2429 rebus,
1259 2397 1420 2437 quarum
1442 2397 1498 2422 ars
1520 2383 1694 2422 nondum
1715 2383 1774 2427 fit,

376 2465 496 2494 artem
517 2455 666 2493 efficere
686 2452 810 2506 poffit.
871 2453 964 2490 Hoc
985 2452 1107 2496 video,
1130 2451 1225 2489 dum
1246 2451 1409 2489 breviter
1427 2451 1615 2489 voluerim
1636 2449 1773 2494 dicere,

377 2523 525 2560 dietum
545 2534 566 2558 a
585 2533 648 2558 me
667 2518 736 2558 effe
756 2518 871 2572 paulo
889 2517 1086 2557 obscurius
1103 2532 1111 2556 :
1144 2516 1205 2555 sed
1224 2517 1407 2570 experiar,
1438 2526 1476 2555 et
1494 2516 1635 2561 dicam,
1656 2515 1682 2553 s1
1702 2527 1776 2568 po-

378 2599 471 2634 tero,
492 2588 657 2641 planius.
