2176 2912
450 147 526 200 238
807 146 920 183 DE
996 145 1502 182 ORATORE

447 240 631 277 omnibus
644 238 783 282 verbis,
798 252 881 290 quae
894 251 913 274 a
926 251 988 275 me
1001 247 1086 274 tum
1100 237 1184 275 sunt
1199 236 1344 282 habita,
1362 238 1385 275 fi
1403 237 1512 275 dolor
1527 236 1701 275 abfuiffet
1718 250 1841 283 meus,

450 319 526 343 non
544 305 661 343 modo
682 318 756 341 non
779 304 1016 347 miserabilis,
1032 303 1091 341 sed
1105 304 1221 341 etiam
1241 303 1441 348 irridenda,
1464 303 1588 341 fuiffet
1604 304 1723 342 oratio
1744 318 1839 342 mea.

505 371 773 422 Qamobrem
801 369 874 408 hoc
894 384 959 408 vos
984 370 1116 414 doceo,
1149 370 1308 422 Sulpici,
1341 370 1463 408 bonus
1484 384 1554 422 ego
1580 369 1756 408 videlicet
1785 379 1843 407 at·

449 451 524 489 que
555 437 723 474 eruditus
758 436 945 488 magister,
985 446 1025 473 ut
1046 436 1085 472 in
1106 435 1268 474 dicendo
1288 436 1409 480 irasci,
1442 444 1485 473 ut
1505 436 1643 480 dolere,
1678 445 1720 473 ut
1740 435 1841 479 flere,

451 504 594 555 poffitis
618 519 626 540 ;
659 516 880 554 quanquam
903 512 938 539 te
969 502 1127 554 quidem
1156 502 1249 552 quid
1276 500 1349 539 hoc
1370 502 1540 546 doceam,
1575 503 1641 553 qui
1668 502 1707 539 in
1728 515 1864 546 accur

451 569 565 606 fando
598 568 713 605 sodali
743 578 779 604 et
808 568 1003 618 Qaestore
1024 580 1124 610 meo,
1156 576 1307 603 tantum
1328 567 1551 604 incendium
1578 580 1655 604 non
1676 568 1844 605 oratione

451 634 590 678 solum,
622 633 682 671 sed
716 633 843 670 multo
873 633 990 669 etiam
1024 632 1146 683 magis
1178 632 1227 675 vi,
1258 641 1296 668 et
1325 632 1468 675 dolore,
1499 640 1536 668 et
1570 633 1699 669 ardore
1725 632 1844 670 animi

451 700 672 742 concitaras,
705 708 747 735 ut
777 711 847 749 ego
880 698 925 734 ad
957 698 995 734 id
1030 696 1341 748 restinguendum
1371 697 1436 735 vix
1466 710 1618 734 conarer
1637 697 1843 735 accedere?

450 767 651 804 Habueras
670 764 776 801 enim
798 773 881 800 tum
902 763 1033 800 omnia
1049 762 1089 799 in
1109 762 1217 800 causa
1237 762 1450 815 superiora;
1483 763 1578 807 vim,
1606 762 1754 815 fugam,
1788 763 1845 800 la-

450 831 701 883 pidationem,
734 828 1001 867 crudelitatem
1034 828 1292 873 tribunitiam,
1323 829 1362 865 in
1384 828 1576 880 Caepionis
1596 829 1700 881 gravi
1730 828 1851 866 mise-.

451 896 638 948 rabilique
658 895 757 940 casu,
789 896 828 932 in
852 895 1049 947 judicium
1069 894 1226 932 vocabas
1245 909 1253 932 :
1285 894 1422 932 deinde
1442 894 1659 947 principem
1678 904 1716 932 et
1741 894 1846 932 sena-

450 963 526 1008 tus,
557 972 594 1000 et
613 963 793 1007 civitatis,
824 963 887 1000 M.
910 961 1118 999 AEmilium
1137 961 1262 1013 lapide
1281 960 1498 1013 percuffum
1529 961 1600 998 effe
1629 961 1845 999 constabat:

453 1031 489 1067 vi
510 1029 664 1082 pulsum
684 1042 729 1066 ex
751 1028 897 1081 templo
918 1029 965 1066 L.
986 1029 1159 1071 Cottam,
1176 1037 1214 1065 et
1234 1028 1286 1065 T.
1311 1027 1490 1072 Didium,
1509 1041 1601 1065 cum
1617 1027 1848 1065 intercedere

451 1095 593 1132 vellent
615 1094 817 1146 rogationi,
849 1106 963 1130 nemo
983 1102 1131 1145 poterat
1152 1105 1299 1143 negare.
1852 1123 1853 1126 ,

507 1161 697 1199 XLVIII.
730 1160 961 1203 Accedebat,
985 1168 1026 1196 ut
1046 1158 1126 1196 haec
1148 1168 1190 1195 tu
1210 1158 1423 1196 adolescens
1439 1171 1508 1210 pro
1528 1157 1723 1210 republica
1742 1157 1854 1210 queri,

454 1227 603 1264 summa
622 1227 716 1263 dum
731 1226 915 1277 dignitate
930 1225 1182 1262 existimarem
1200 1243 1210 1268 3
1233 1237 1303 1276 ego
1324 1223 1444 1262 homo
1459 1223 1661 1262 Censorius
1678 1224 1742 1263 vix
1763 1223 1848 1261 satis

452 1292 606 1331 honeste
627 1291 770 1329 viderer
790 1291 1009 1328 seditiosum
1029 1291 1169 1334 civem,
1199 1299 1237 1327 et
1269 1291 1308 1328 in
1329 1289 1500 1328 hominis
1520 1289 1725 1328 consularis
1746 1289 1848 1327 cala-

453 1359 587 1396 mitate
607 1357 816 1401 crudelem,
848 1357 947 1409 poffe
967 1355 1180 1395 defendere.
1232 1357 1351 1394 Erant
1383 1356 1525 1408 optimi
1555 1356 1654 1393 cives
1683 1356 1848 1407 judices,

453 1425 646 1462 bonorum
679 1425 849 1461 virorum
874 1423 1034 1475 plenum
1054 1422 1199 1467 forum,
1231 1424 1294 1460 vix
1316 1432 1358 1460 ut
1390 1421 1487 1460 mihi
1521 1422 1643 1459 tenuis
1674 1421 1850 1473 quaedam

453 1491 561 1527 venia
594 1490 745 1527 daretur
779 1489 1046 1532 excusationis,
1078 1488 1182 1539 quod
1213 1497 1341 1526 tamen
1373 1503 1463 1526 eum
1490 1487 1745 1531 defenderem,
1780 1487 1849 1539 qui

455 1555 555 1594 mihi
577 1555 750 1606 Qaestor
769 1554 907 1592 fuiffet.
967 1555 1047 1591 Hic
1067 1568 1138 1606 ego
1169 1554 1263 1605 quid
1283 1554 1409 1591 dicam
1436 1568 1499 1592 me
1529 1563 1649 1591 artem
1680 1554 1850 1605 aliquam

455 1621 691 1659 adhibuiffe?
724 1621 817 1672 quid
837 1619 1010 1664 fecerim,
1043 1620 1214 1658 narrabo.
1261 1620 1299 1657 Si
1316 1620 1515 1672 placuerit,
1546 1633 1612 1657 vos
1633 1633 1760 1657 meam
1780 1619 1848 1657 de·-

456 1687 665 1725 fenfionem
686 1687 725 1723 in
746 1687 875 1738 aliquo
895 1687 982 1724 artis
1003 1686 1089 1724 loco
1110 1686 1314 1738 reponetis.

512 1753 706 1791 Omnium
727 1752 954 1790 seditionum
976 1765 1123 1804 genera,
1156 1752 1260 1796 vitia,
1289 1752 1469 1804 pericula,
1498 1751 1635 1804 collegi
1654 1769 1664 1795 ;
1687 1764 1850 1803 eamque

455 1819 667 1857 orationem
687 1831 733 1855 ex
753 1819 859 1855 omni
892 1817 1110 1870 reipublicae
1131 1817 1263 1855 nostra:
1294 1826 1515 1870 temporum
1534 1818 1711 1855 varietate
1741 1824 1849 1869 repe-

456 1885 525 1922 tivi
542 1903 552 1928 5
585 1883 827 1935 conclusique
848 1885 912 1928 ita,
945 1892 986 1921 ut
1007 1883 1186 1928 dicerem,
1209 1884 1274 1921 etsi
1293 1898 1425 1922 omnes
1441 1883 1608 1922 molestae
1627 1883 1772 1935 semper
1792 1883 1849 1920 se-

455 1942 617 1988 ditiones
638 1950 805 1995 fuissent,
831 1951 947 2003 justas
980 1960 1107 1987 tamen
1128 1950 1236 1988 fuifle
1266 1951 1468 1989 nonnullas
1489 1960 1525 1987 et
1551 1963 1667 2002 prope
1689 1949 1849 1986 necessa-

456 2018 541 2055 rias.
584 2018 692 2055 Tum
714 2017 793 2061 illa,
814 2031 897 2069 quae
919 2016 1035 2054 modo
1057 2017 1204 2054 Craffus
1225 2016 1567 2059 commemorabat,
1589 2016 1649 2067 egi
1667 2033 1677 2059 ς
1710 2015 1850 2067 Neque

459 2096 562 2134 reges
594 2096 639 2120 ex
660 2082 730 2120 hac
750 2083 903 2120 civitate
923 2083 1038 2134 exigi,
1070 2095 1192 2132 neque
1218 2082 1389 2119 tribunos
1411 2081 1531 2132 plebis
1563 2081 1692 2124 creari,
1726 2094 1851 2132 neque

458 2147 665 2200 plebiscitis
686 2148 795 2185 toties
829 2148 1065 2185 consularem
1096 2146 1317 2199 potestatem
1352 2147 1490 2191 minui,
1523 2160 1645 2198 neque
1665 2160 1849 2198 provoca-

458 2215 618 2258 tionem,
647 2223 844 2265 patronam
865 2214 971 2251 illam
993 2213 1170 2257 civitatis,
1206 2226 1247 2250 ac
1268 2213 1460 2251 vindicem
1480 2212 1678 2256 libertatis,
1707 2213 1852 2265 populo

459 2280 638 2316 Romano
658 2278 735 2316 dari
755 2279 829 2316 fine
850 2278 1043 2316 nobilium
1070 2277 1290 2316 diffenfione
1310 2277 1494 2330 potuisse:
1527 2291 1583 2323 ac,
1606 2278 1630 2315 fi
1650 2278 1725 2315 illae
1752 2277 1850 2315 sedi-

459 2346 578 2383 tiones
599 2344 706 2382 saluti
737 2343 828 2382 huic
856 2344 999 2382 civitati
1022 2343 1186 2388 fuiffent,
1219 2358 1294 2382 non
1320 2344 1521 2389 continuo,
1553 2344 1577 2381 fi
1605 2344 1690 2396 quis
1720 2353 1850 2382 motus

458 2409 594 2463 populi
614 2409 734 2448 factus
755 2409 857 2454 esset,
888 2409 927 2447 id
944 2411 990 2448 C.
1014 2410 1201 2448 Norbano
1233 2410 1271 2448 in
1297 2409 1442 2451 vnefario
1460 2410 1637 2454 crimine,
1668 2418 1782 2461 atque
1810 2410 1851 2448 in

458 2475 590 2515 fraude
605 2477 771 2530 capitali,
788 2476 857 2516 effe
873 2477 1108 2530 ponendum.
1140 2476 1259 2530 de
1279 2476 1305 2516 fi
1322 2490 1492 2530 unquam
1513 2477 1657 2530 populo
1674 2477 1853 2516 Romano
