2176 2912
736 175 1266 217 ORATOR.
1625 192 1709 232 429

364 272 459 311 XII.
490 271 555 309 Ab
574 269 646 308 hac
665 280 703 308 et
721 271 926 308 verborum
947 270 1057 322 copia
1075 269 1201 314 alitur,
1232 278 1270 306 et
1299 280 1434 307 eorum
1461 270 1705 317 construfflo,

308 347 347 376 et
367 350 547 376 numerus
567 336 743 374 liberiore
763 335 927 388 quadam
947 335 1087 373 fruitur
1107 334 1274 372 licentia.
1320 335 1447 373 Datur
1463 337 1579 374 etiam
1599 338 1709 376 venia

308 402 561 441 concinnitati
588 401 887 446 sententiarum3
924 411 962 440 et
995 401 1120 454 arguti
1154 401 1325 452 certique
1354 410 1392 439 et
1425 402 1705 456 circumscripti

307 470 513 507 verborum
544 468 711 506 ambitus
742 468 1030 513 conceduntur3
1069 467 1115 505 de
1140 466 1413 519 industriaque,
1450 481 1527 505 non
1548 482 1593 506 ex
1614 469 1705 507 infi-

307 535 394 580 diis,
430 535 492 572 sed
511 544 650 588 aperte,
671 548 714 572 ac
735 534 860 587 palam
881 535 1107 579 elaboratur,
1136 542 1180 571 ut
1209 533 1323 571 verba
1355 533 1478 572 verbis
1500 535 1602 586 quafi
1638 535 1704 574 de-

306 601 449 647 mensa,
485 611 523 639 et
556 601 657 654 paria
677 600 924 653 respondeant
939 619 951 646 5
984 610 1028 639 ut
1053 600 1186 638 crebro
1217 598 1461 638 conferantur
1479 602 1705 653 pugnantia,

305 678 654 720 comparenturque
685 668 897 713 contraria,
930 677 967 706 et
989 677 1032 706 ut
1059 668 1199 720 pariter
1232 676 1403 705 extrema
1436 668 1704 713 terminentur,

305 734 550 786 eundemque
572 732 733 771 referant
754 734 793 771 in
815 734 986 772 cadendo
1006 733 1142 772 sonum
1155 752 1167 779 3
1199 746 1283 785 quae
1314 733 1355 770 in
1388 734 1544 770 veritate
1575 733 1705 771 causa-

305 813 392 838 rum
423 809 462 837 et
492 800 609 837 rarius
631 799 756 836 multo
775 798 956 844 facimus,
988 809 1026 837 et
1056 809 1157 837 certe
1182 798 1386 837 occultius.
1446 799 1492 837 In
1514 798 1705 837 Panathe-

303 866 414 904 naico
434 875 563 903 autem
584 865 761 903 Isocrates
778 879 820 902 ea
838 865 999 903 studiose
1018 865 1278 903 consectatum
1298 864 1451 902 fatetur.
1485 865 1578 903 Non
1599 866 1705 904 enim

303 932 350 970 ad
363 932 602 984 judiciorum
623 941 829 977 certamen,
850 931 912 970 sed
932 932 979 970 ad
998 932 1235 984 voluptatem
1256 932 1421 976 aurium,
1450 931 1656 984 scripserat.

357 998 456 1036 Haec
490 997 655 1035 tradtaffe
685 997 1022 1049 Thrasymachum
1065 996 1388 1042 Chalcedonium,
1441 995 1629 1049 primum,
1665 1007 1703 1036 et

303 1065 544 1102 Leontinum
581 1063 711 1102 ferunt
751 1065 971 1116 Gorgiam:
1021 1062 1279 1102 Theodorum
1327 1063 1416 1101 inde
1454 1063 1703 1114 Byzantium,

302 1129 522 1181 multosque
555 1129 662 1174 alios,
698 1142 794 1181 quos
825 1127 1067 1179 λοφοὸαιδαέλες
1098 1128 1262 1182 appellat
1295 1129 1335 1167 in
1375 1127 1536 1167 Phaedro
1570 1129 1703 1167 Socra-

301 1204 356 1234 tes
377 1210 387 1233 t
418 1209 586 1248 quorum
606 1195 692 1232 satis
713 1204 846 1248 arguta
867 1194 1005 1239 multa,
1040 1194 1104 1233 sed
1136 1204 1179 1233 ut
1199 1195 1317 1233 modo
1344 1195 1597 1247 primumque
1617 1194 1703 1233 nas-

301 1262 438 1307 centia,
481 1262 646 1306 minuta,
681 1270 717 1298 et
748 1260 1020 1299 versiculorum
1060 1261 1196 1299 fimilia
1230 1261 1420 1313 quaedam,
1455 1261 1703 1313 nimiumque

300 1327 462 1381 depi&a.
509 1329 600 1379 Qo
620 1328 742 1380 magis
763 1327 850 1365 sunt
876 1326 1098 1365 Herodotus
1120 1325 1445 1378 Thucydidesque
1480 1326 1673 1364 mirabiles
1685 1345 1700 1371 ς

301 1407 468 1446 quorum
489 1403 575 1432 aetas
601 1407 693 1431 cum
713 1393 753 1430 in
780 1406 914 1430 eorum
935 1402 1121 1445 tempora,
1144 1405 1239 1444 quos
1260 1392 1471 1436 nominavi,
1495 1391 1700 1436 incidisset,

300 1460 517 1512 longiffime
551 1468 677 1497 tamen
713 1459 782 1512 ipsi
822 1472 843 1496 a
884 1459 1024 1496 talibus
1059 1459 1222 1502 deliciis,
1272 1458 1331 1495 vel
1365 1457 1493 1510 potius
1528 1457 1699 1509 ineptiis,

299 1525 520 1564 abfuerunt.
542 1526 653 1563 Alter
671 1526 776 1562 enim
797 1525 872 1562 fine
892 1525 982 1562 ullis
1003 1525 1154 1562 salebris
1171 1525 1271 1576 quasi
1289 1524 1432 1561 sedatus
1453 1524 1575 1561 amnis
1593 1523 1678 1561 fluit
1686 1542 1699 1568 ς

300 1592 393 1630 alter
412 1592 605 1630 incitatior
632 1590 769 1635 fertur,
789 1600 826 1628 et
856 1590 902 1628 de
923 1590 1072 1628 bellicis
1104 1590 1216 1628 rebus
1251 1590 1353 1627 canit
1373 1589 1489 1627 etiam
1509 1589 1700 1641 quodam-

298 1658 418 1697 modo
438 1658 625 1696 bellicum
641 1676 652 1702 3
685 1656 893 1710 primisque
912 1656 958 1693 ab
979 1655 1039 1693 his
1063 1657 1125 1707 (ut
1145 1657 1197 1693 ait
1216 1654 1522 1708 Theophrastus)
1544 1654 1699 1692 historia

300 1733 498 1761 commota
517 1724 584 1768 est,
618 1733 661 1761 ut
685 1723 837 1760 auderet
866 1722 1036 1767 uberius,
1065 1736 1182 1774 quam
1211 1722 1431 1775 superiores,
1467 1730 1504 1758 et
1529 1721 1698 1759 ornatius

300 1789 438 1826 dicere.

344 1855 458 1893 XIII.
482 1855 639 1892 Horum
661 1854 760 1892 aetati
781 1853 950 1892 succeffit
971 1853 1163 1898 Isocrates,
1186 1855 1254 1906 qui
1274 1863 1407 1906 praeter
1425 1862 1578 1891 caeteros
1599 1852 1699 1905 ejus-

299 1921 387 1959 dem
406 1921 551 1973 generis
567 1920 742 1958 laudatur
761 1920 906 1972 semper
925 1933 945 1957 a
964 1920 1089 1964 nobis,
1107 1933 1401 1971 nonnunquam,
1417 1920 1547 1963 Brute,
1566 1919 1697 1956 leviter

298 1998 336 2026 et
355 1988 500 2026 erudite
519 1996 753 2040 repugnante
788 1996 838 2025 te.
888 1986 960 2024 Sed
980 1987 1106 2024 credas
1133 1985 1232 2024 mihi
1263 1985 1423 2030 fortaffe‚
1460 1986 1499 2029 fi,
1533 1985 1626 2037 quid
1656 1985 1697 2022 in

298 2067 344 2093 eo
363 2054 530 2099 laudem,
567 2053 802 2106 cognoveris„
854 2053 960 2091 Nam
995 2067 1088 2090 cum
1122 2052 1295 2090 concisus
1330 2052 1364 2088 ei
1385 2049 1697 2102 Thrasymachus

298 2120 460 2157 minutis
498 2119 667 2157 numeris
701 2119 904 2163 videretur,
949 2127 987 2156 et
1015 2119 1193 2170 Gorgias,
1222 2118 1289 2169 qui
1322 2126 1448 2154 tamen
1480 2116 1597 2169 primi
1617 2125 1694 2153 tra-

298 2185 441 2223 duntur
460 2195 537 2222 arte
557 2185 722 2236 quadam
742 2185 854 2222 verba
867 2183 1031 2236 junxiffe
1047 2203 1058 2229 3
1091 2183 1343 2234 Thucydides
1364 2192 1492 2220 autem
1516 2180 1693 2235 praefrac-

297 2251 386 2295 tior,
417 2264 486 2289 nec
506 2251 590 2288 satis
615 2251 675 2301 (ut
695 2250 747 2287 ita
767 2250 911 2302 dicam)
943 2250 1158 2295 rotundus,
1189 2250 1337 2302 primus
1367 2248 1532 2286 instituit
1557 2247 1693 2285 dilata·

297 2329 337 2354 re
364 2316 501 2360 verbis,
533 2325 570 2352 et
601 2315 842 2353 mollioribus
877 2316 1045 2354 numeris
1077 2316 1229 2368 explere
1263 2315 1476 2352 sententias.
1536 2314 1582 2350 In
1616 2325 1696 2364 quo

297 2396 387 2421 cum
419 2383 568 2420 doceret
601 2395 677 2426 eos,
708 2382 775 2433 qui
795 2383 935 2434 partim
970 2383 1010 2420 in
1041 2382 1216 2426 dicendo,
1247 2382 1387 2433 partim
1422 2381 1461 2417 in
1496 2378 1694 2416 scribendo

297 2447 487 2502 principes
507 2449 727 2492 extiterunt,
763 2447 900 2486 domus
921 2449 1000 2500 ejus
1021 2447 1175 2486 officina
1203 2446 1333 2485 habita
1363 2444 1589 2497 eloquentiae
1622 2442 1688 2480 est.
