2176 2912
633 179 951 218 LIBER
1027 179 1509 219 TERTIUS.
1693 181 1769 235 283

431 275 516 326 Ego
531 285 616 310 vero
638 282 687 317 te,
703 271 842 316 Crasse,
859 269 951 309 cum
973 271 1059 309 vitae
1080 270 1184 316 flore,
1207 280 1293 309 tum
1314 273 1449 310 mortis
1469 273 1770 326 opportunitate,

375 340 507 378 divino
525 339 682 376 consilio
700 347 737 376 et
757 347 887 376 ortum
905 346 944 375 et
963 338 1179 376 extinCtum
1200 337 1269 375 effe
1285 338 1458 376 arbitror.
1489 339 1595 377 Nam
1617 340 1688 377 tibi
1708 349 1773 377 aut

375 419 444 457 pro
475 405 615 441 virtute
645 404 779 448 animi,
815 403 1101 455 constantiaque
1135 413 1200 441 tua
1219 403 1343 441 civilis
1374 402 1464 442 ferri
1485 403 1678 442 subeunda
1697 403 1773 443 fuit

376 470 593 514 crudelitas,
633 479 712 514 aut,
743 470 847 522 siqua
866 479 902 507 te
922 468 1077 507 fortuna
1095 469 1143 507 ab
1163 470 1359 508 atrocitate
1385 470 1519 507 mortis
1540 470 1772 514 vindicafl‘et,

375 537 507 575 eadem
528 535 598 574 effe
619 546 654 575 te
675 536 857 574 funerum
873 536 1001 588 patriae
1017 535 1264 588 spectatorem
1284 535 1485 589 coegiffet:
1508 549 1632 588 neque
1650 536 1774 573 solum

376 603 447 642 tibi
469 603 738 656 improborum
757 603 989 646 dominatus,
1007 602 1068 640 sed
1083 604 1214 647 etiam,
1236 612 1390 656 propter
1408 602 1610 640 admistam
1628 602 1775 640 civium

376 670 534 714 caedem,
558 670 748 707 bonorum
769 669 925 706 victoria
945 669 1102 706 moerori
1122 667 1260 707 fuisset.

432 737 504 774 IV.
537 735 646 775 Mihi
665 736 838 788 quidem,
870 735 1018 786 Qinte
1036 734 1164 780 frater,
1194 745 1231 773 et
1251 749 1386 773 eorum
1416 734 1535 779 casus,
1565 734 1612 772 de
1633 733 1775 787 quibus

378 813 465 841 ante
499 804 594 848 dixi,
629 812 668 840 et
700 815 754 847 ea,
786 816 880 862 quae¹
899 802 1116 854 nosmetipfi
1143 802 1193 840 ob
1228 816 1400 840 amorem
1425 802 1465 840 in
1492 801 1777 855 rempublicam

377 868 647 907 incredibilem
667 877 705 905 et
730 867 961 919 fingularem
996 867 1240 919 pertulimus,
1272 881 1314 905 ac
1345 867 1542 911 senfimus,
1574 866 1776 920 cogitanti,

377 934 563 973 sententia
580 934 675 986 saepe
708 942 774 972 tua
803 946 888 971 vera
920 945 964 970 ac
994 932 1138 985 sapiens
1159 933 1278 970 videri
1298 933 1404 978 solet,
1437 933 1505 985 qui
1522 942 1676 986 propter
1704 941 1776 977 tot,

378 1010 519 1046 tantos,
553 1010 712 1053 tamque
742 1000 955 1053 praecipites
975 999 1078 1038 casus
1105 999 1398 1038 clariffimorum
1417 998 1643 1044 hominum,
1665 1008 1780 1051 atque

378 1068 620 1120 optimorum
641 1067 827 1111 virorum,
858 1079 922 1104 me
939 1065 1087 1118 semper
1115 1066 1161 1104 ab
1187 1067 1298 1105 omni
1318 1066 1569 1105 contentione
1594 1079 1637 1104 ac
1657 1064 1779 1104 dimi-

379 1135 530 1172 catione
549 1132 742 1171 revocasti.
785 1131 856 1170 Sed
875 1132 1062 1183 quoniam
1080 1130 1162 1171 haec
1187 1133 1271 1185 jam
1289 1146 1415 1185 neque
1438 1132 1478 1170 in
1498 1132 1648 1185 integro
1668 1131 1780 1170 nobis

380 1199 453 1238 effe
471 1197 636 1252 poffunt,
668 1207 707 1236 et
733 1197 880 1236 summi
899 1197 1044 1236 labores
1075 1198 1205 1243 nostri,
1232 1212 1372 1250 magna
1389 1197 1625 1250 compensati
1644 1197 1779 1251 gloria,

381 1266 623 1319 mitigantur,
643 1277 846 1316 pergamus
867 1264 912 1301 ad
932 1276 975 1300 ea
993 1263 1135 1309 solatia,
1152 1278 1236 1316 quae
1257 1278 1334 1302 non
1354 1264 1473 1302 modo
1486 1264 1618 1302 sedatis
1638 1262 1780 1301 moles-

379 1333 445 1371 tiis
460 1331 647 1385 jucunda,
678 1331 739 1369 sed
758 1331 877 1369 etiam
906 1329 1154 1375 haerentibus,
1182 1330 1354 1368 salutaria
1373 1330 1484 1368 nobis
1512 1329 1582 1368 effe
1600 1330 1752 1382 poffunt
1766 1347 1781 1374 5

382 1399 674 1450 sermonemque
693 1398 742 1436 L.
767 1396 884 1435 Crasfi
905 1396 1113 1449 reliquum,
1145 1410 1187 1435 ac
1211 1410 1307 1450 pene
1327 1397 1564 1449 postremum
1585 1395 1784 1435 memoriae

382 1464 588 1519 prodamus
601 1482 614 1508 5
643 1472 759 1516 atque
778 1463 826 1507 ei,
848 1462 913 1501 etfi
933 1476 1176 1515 nequaquam
1196 1476 1327 1515 parem
1342 1462 1447 1500 illius
1468 1461 1638 1514 ingenio,
1659 1471 1697 1500 at
1713 1474 1785 1514 pro

379 1532 508 1572 nostro
539 1540 667 1569 tamen
698 1529 823 1568 studio
852 1529 1033 1567 meritam
1061 1529 1238 1582 gratiam,
1281 1528 1529 1580 debitamque
1558 1527 1782 1567 referamus.

382 1600 525 1651 Neque
543 1598 649 1636 enim
678 1596 882 1649 quisquam
907 1595 1092 1640 nostrum,
1114 1609 1207 1634 cum
1226 1594 1344 1633 libros
1366 1595 1537 1633 Platonis
1557 1594 1786 1634 mirabiliter

386 1664 543 1717 scriptos
565 1663 673 1716 legit,
704 1663 744 1701 in
765 1662 907 1715 quibus
927 1662 1109 1700 omnibus
1128 1660 1207 1699 fere
1227 1662 1397 1700 Socrates
1418 1661 1663 1713 exprimitur,
1690 1673 1785 1706 non,

387 1743 610 1783 quanquam
640 1729 707 1766 illa
732 1729 868 1781 scripta
899 1728 986 1766 sunt
1005 1727 1204 1773 divinitus,
1234 1737 1363 1767 tamen
1393 1729 1515 1780 majus
1534 1727 1720 1780 quiddam
1740 1727 1787 1766 de

388 1796 471 1842 illo,
492 1796 540 1834 de
568 1808 647 1847 quo
667 1795 802 1847 scripta
820 1794 920 1839 sunt,
942 1794 1163 1846 suspicatur.
1207 1795 1326 1847 Qod
1345 1795 1440 1833 item
1461 1807 1529 1833 nos
1549 1794 1786 1848 postulamus

389 1875 467 1900 non
498 1875 519 1899 a
539 1870 575 1898 te
595 1859 767 1912 quidem,
799 1859 868 1911 qui
901 1859 1012 1897 nobis
1044 1859 1194 1898 summa
1212 1860 1344 1898 omnia
1363 1860 1516 1904 tribuis,
1552 1859 1614 1898 sed
1633 1873 1654 1897 a
1673 1868 1786 1897 caete-

389 1929 454 1973 ris,
477 1927 545 1980 qui
563 1925 646 1964 haec
676 1927 716 1964 in
737 1939 873 1964 manus
894 1925 1057 1970 sument,
1090 1934 1132 1964 ut
1152 1927 1276 1978 majus
1297 1926 1482 1978 quiddam
1503 1927 1549 1964 de
1569 1927 1618 1964 L.
1643 1925 1787 1970 Craffo,

389 2007 507 2047 quam
529 2001 718 2045 quantum
738 2006 759 2029 a
780 1992 889 2031 nobis
908 1992 1157 2045 exprimetur,
1181 1991 1427 2044 suspicentur.
1474 1992 1560 2030 Nos
1580 1991 1700 2036 enim,
1720 1990 1789 2043 qui

388 2060 458 2114 ipfi
476 2059 642 2098 sermoni
662 2072 739 2097 non
760 2057 1071 2103 interfuiffemus‚
1093 2067 1131 2096 et
1151 2058 1292 2110 quibus
1315 2058 1362 2096 C.
1383 2059 1499 2096 Cotta
1517 2057 1790 2096 tantummodo

390 2126 509 2171 locos,
538 2139 580 2164 ac
601 2125 800 2164 sententias
821 2123 936 2177 hujus
957 2124 1222 2177 disputationis
1247 2123 1466 2168 tradidiffet,
1495 2137 1573 2176 quo
1592 2124 1633 2162 in
1653 2136 1791 2176 genere

391 2192 572 2230 orationis
606 2200 816 2244 utrumque
845 2200 1033 2229 oratorem
1055 2204 1370 2244 cognoveramus,
1401 2189 1571 2243 idipsum
1591 2189 1722 2228 sumus
1749 2189 1791 2227 in

391 2270 525 2295 eorum
544 2256 716 2295 sermone
735 2257 962 2295 adumbrare
981 2257 1122 2296 conati.
1169 2256 1287 2308 Qod
1306 2256 1332 2294 fi
1353 2256 1438 2308 quis
1458 2256 1544 2300 erit,
1567 2256 1635 2307 qui
1655 2255 1790 2292 duetus

392 2323 575 2376 opinione
600 2323 722 2374 vulgi,
753 2333 818 2361 aut
837 2324 1058 2362 Antonium
1076 2323 1323 2375 jejuniorem,
1355 2331 1420 2360 aut
1441 2321 1615 2361 Craffum
1641 2320 1790 2373 plenio-

392 2402 473 2427 rem
493 2387 603 2426 fuiffe
622 2399 745 2442 putet,
775 2403 892 2442 quam
913 2391 1111 2442 quomodo
1140 2403 1160 2426 a
1180 2390 1291 2428 nobis
1312 2399 1472 2442 uterque
1501 2389 1678 2427 induetus
1709 2385 1761 2423 est
1776 2402 1788 2429 ς

391 2456 422 2493 is
443 2455 514 2493 erit
533 2468 581 2493 ex
610 2456 670 2501 iis,
701 2456 770 2508 qui
789 2466 854 2494 aut
873 2457 961 2496 illos
982 2471 1060 2496 non
1080 2456 1255 2501 audierit,
1286 2465 1351 2494 aut
1365 2456 1537 2508 judicare
1567 2467 1644 2493 non
1664 2451 1789 2504 poffit.

394 2522 501 2562 Nam
521 2521 599 2561 fuit
617 2532 778 2576 uterque
807 2524 868 2574 (ut
886 2524 1042 2578 exposui
1061 2524 1186 2575 antea)
1219 2521 1310 2561 cum
1331 2522 1467 2567 studio,
1487 2531 1600 2573 atque
1619 2518 1791 2571 ingenio,

1192 2589 1233 2627 N
1252 2602 1277 2627 n
1308 2601 1330 2626 2
