2176 2912
475 211 552 261 463
915 217 1446 258 ORATOR.

532 306 650 357 Qod
672 306 696 344 fi
716 315 753 345 et
773 308 927 360 angusta
947 311 1121 362 quaedam
1142 321 1255 364 atque
1276 311 1438 357 concisa,
1472 319 1509 350 et
1529 311 1601 349 alia
1620 309 1672 349 est
1700 310 1880 350 coll‘atata:

475 380 513 409 et
533 372 669 411 diffusa
686 375 807 412 oratio
823 393 834 420 ;
866 376 1007 414 necesse
1038 378 1090 415 est
1117 378 1156 415 id
1187 392 1265 416 non
1297 378 1495 417 literarum
1529 377 1698 416 accidere
1728 377 1877 422 natura,

478 437 539 475 sed
574 439 863 479 intervallorum
897 441 1104 495 longorum
1136 452 1173 481 et
1200 444 1375 482 brevium
1409 444 1599 488 varietate,
1630 443 1771 495 quibus
1798 443 1880 481 im·-

478 503 617 556 plicata
649 514 763 557 atque
795 507 973 558 permista
1006 509 1140 553 oratio,
1172 510 1357 561 quoniam
1389 519 1473 547 tum
1509 509 1650 547 stabilis
1684 509 1750 554 est,
1793 517 1879 546 tum

479 569 675 615 volubilis,
698 571 841 609 neceffe
860 572 912 610 est
932 573 1119 624 ejusmodi
1141 583 1315 611 naturam
1336 574 1504 611 numeris
1522 574 1725 612 contineri.
1771 574 1879 612 Nam

479 634 662 673 circuitus
694 636 773 680 ille,
806 650 924 688 quem
956 637 1048 689 saepe
1072 639 1156 690 jam
1178 639 1363 683 diximus,
1393 639 1585 677 incitatior
1617 652 1778 677 numero
1797 638 1881 691 ipso

479 700 601 739 fertur
613 711 650 740 et
665 702 818 746 labitur,
834 703 960 754 quoad
976 704 1170 755 perveniat
1183 704 1229 742 ad
1246 703 1379 749 finem,
1396 714 1433 742 et
1453 705 1607 743 insistat.
1630 704 1882 756 Perspicuum

479 768 531 805 est
550 768 682 820 igitur,
717 768 886 806 numeris
907 769 1121 808 adstriffitam
1140 771 1353 810 orationem
1373 771 1443 809 effe
1469 771 1615 818 debere,
1646 784 1769 809 carere
1795 783 1881 809 ver-

479 833 595 871 fibus.

536 900 607 938 Sed
626 899 669 938 hi
687 902 840 940 numeri
859 902 1051 955 poeticine
1072 904 1156 948 sint,
1185 918 1232 942 an
1252 918 1298 943 ex
1318 903 1393 942 alio
1409 918 1544 958 genere
1564 904 1748 957 quodam,
1769 902 1883 941 dein-

480 979 567 1019 ceps
598 967 651 1004 est
683 967 907 1006 videndum.
968 969 1114 1007 Nullus
1134 970 1189 1008 est
1216 971 1336 1024 igitur
1355 984 1539 1009 numerus
1570 980 1675 1009 extra
1695 970 1880 1023 poeticos,

479 1042 678 1086 propterea
710 1034 818 1085 quod
846 1034 1002 1073 definita
1022 1036 1108 1073 sunt
1141 1050 1279 1088 genera
1308 1051 1573 1075 numerorum.
1616 1037 1722 1075 Nam
1753 1035 1882 1074 omnis

480 1100 567 1137 talis
588 1100 653 1145 est,
685 1109 728 1137 ut
749 1113 846 1138 unus
867 1102 912 1139 s1t
932 1115 952 1138 e
982 1102 1118 1140 tribus.
1170 1104 1240 1141 Pes
1261 1103 1381 1147 enim,
1414 1103 1482 1154 qui
1503 1101 1707 1140 adhibetur
1726 1102 1773 1139 ad
1804 1115 1881 1140 nu·-

478 1179 619 1211 meros,
654 1166 815 1218 partitur
834 1167 873 1204 in
896 1168 978 1212 tria,
1013 1177 1055 1206 ut
1075 1167 1217 1206 neceffe
1236 1169 1280 1206 fit
1300 1177 1448 1222 partem
1469 1168 1575 1221 pedis
1610 1177 1674 1205 aut
1694 1166 1881 1219 aequalem

480 1232 552 1270 effe
571 1233 679 1270 alteri
697 1233 809 1284 parti,
832 1242 896 1271 aut
915 1234 1033 1272 altero
1055 1244 1173 1280 tanto,
1195 1244 1260 1273 aut
1282 1234 1401 1287 sesqui
1421 1234 1491 1272 effe
1511 1235 1710 1287 majorem.
1762 1234 1819 1271 Ita
1838 1232 1883 1270 fit

480 1299 634 1352 aequalis
655 1298 841 1350 daetylus‚
863 1299 1006 1353 duplex
1026 1301 1192 1346 iambus,
1207 1301 1329 1354 sesqui
1348 1315 1481 1354 paeon;
1515 1301 1583 1353 qui
1603 1300 1716 1353 pedes
1736 1300 1776 1337 in
1796 1312 1881 1337 ora-

481 1366 628 1404 tionem
649 1379 726 1404 non
743 1365 874 1404 cadere
895 1367 963 1419 qui
982 1368 1135 1420 poffunt
1153 1369 1165 1406 ?
1188 1369 1330 1421 quibus
1350 1368 1482 1407 ordine
1502 1367 1650 1412 locatis,
1671 1366 1777 1419 quod
1796 1365 1888 1404 effi«

479 1433 595 1478 citur,
618 1432 867 1471 numerosum
887 1433 932 1472 fit
952 1435 1096 1474 neceffe
1116 1434 1182 1474 est.

538 1499 610 1538 Sed
630 1499 830 1551 quaeritur,
862 1513 941 1552 quo
970 1515 1151 1547 numere„
1178 1511 1242 1541 aut
1275 1502 1417 1555 quibus
1440 1501 1679 1555 potiffimum
1698 1500 1743 1538 fit
1768 1507 1884 1538 utens

480 1566 590 1604 dum.
650 1565 824 1602 Incidere
843 1579 932 1603 vero
965 1580 1098 1605 omnes
1130 1568 1171 1605 in
1201 1569 1415 1606 orationem
1447 1569 1564 1606 etiam
1591 1582 1637 1606 ex
1667 1567 1743 1605 hoc
1762 1565 1881 1603 intel-

481 1632 551 1683 ligi
584 1630 719 1684 potest,
768 1630 872 1682 quod
901 1631 1025 1669 versus
1062 1632 1155 1684 saepe
1195 1633 1231 1670 in
1265 1634 1434 1671 oratione
1474 1647 1542 1686 per
1578 1632 1882 1686 imprudentiam

480 1697 681 1741 dicimus3
714 1696 818 1748 quod
852 1695 1099 1735 vehementer
1132 1698 1184 1735 est
1204 1698 1407 1737 vitiosum:
1440 1698 1502 1736 sed
1533 1712 1610 1736 non
1630 1699 1881 1742 attendimus,

480 1752 607 1814 neque
641 1762 867 1801 exaudimus
890 1763 1153 1816 nosmetipsos.
1206 1765 1375 1802 Senarios
1397 1778 1499 1809 ver0,
1531 1773 1568 1802 et
1589 1764 1880 1817 Hipponacsteos

480 1828 648 1881 effugere
668 1829 732 1867 vix
763 1828 975 1882 poffumus.
1023 1831 1211 1883 Magnam
1239 1831 1345 1868 enim
1365 1840 1514 1884 partem
1533 1845 1580 1869 ex
1600 1831 1739 1869 iambis
1760 1830 1884 1868 nostra

481 1895 625 1933 constat
655 1896 802 1933 oratio:
847 1895 909 1934 sed
941 1906 1069 1934 tamen
1100 1911 1164 1935 eos
1193 1897 1317 1935 versus
1352 1897 1464 1935 facile
1499 1897 1669 1950 agnoscit
1702 1897 1879 1942 auditor5

483 1961 569 1999 sunt
600 1961 705 2000 enim
734 1961 974 2001 ufitatiffimi.
1036 1964 1281 2002 Inculcamus
1314 1973 1443 2002 autem
1477 1978 1545 2017 per
1579 1963 1881 2016 imprudentiam

482 2027 574 2080 saepe
594 2028 710 2066 etiam
741 2028 871 2067 minus
907 2029 1075 2075 ufitatos‚
1106 2029 1167 2069 sed
1198 2039 1328 2068 tamen
1356 2029 1513 2074 versu83
1546 2029 1725 2068 vitiosum
1745 2041 1881 2082 genus,

481 2103 518 2132 et
544 2094 658 2147 longa
691 2095 811 2133 animi
845 2095 1057 2148 provisione
1090 2095 1335 2149 fugiendum.
1396 2096 1527 2148 Elegit
1557 2109 1603 2134 ex
1634 2095 1768 2133 multis
1800 2095 1881 2134 Iso,

481 2160 591 2197 cratis
613 2160 721 2198 libris
743 2161 900 2213 triginta
919 2161 1069 2200 fortaffe
1088 2163 1212 2200 versus
1234 2162 1513 2213 Hierodymus,
1545 2162 1820 2215 Peripateticus
1841 2162 1881 2199 in
1930 2202 1932 2204 ,

480 2225 616 2278 primis
651 2226 806 2271 nobilis,
848 2227 1047 2279 plerosque
1084 2227 1259 2273 senarios,
1301 2227 1363 2265 sed
1400 2229 1514 2266 etiam
1550 2228 1729 2280 anapaesta
1745 2246 1756 2273 3
1803 2240 1883 2280 quo

481 2291 575 2344 quid
596 2290 716 2344 potest
737 2291 806 2329 effe
827 2293 1003 2345 turpius?
1035 2293 1099 2332 etsl
1119 2294 1160 2331 in
1186 2293 1364 2346 eligendo
1391 2293 1485 2333 fecit
1506 2294 1708 2332 malitiose.
1751 2293 1882 2332 Prima

481 2359 587 2395 enim
607 2357 748 2409 syllaba
781 2357 939 2411 dempta
972 2360 1011 2397 in
1032 2360 1161 2412 primo
1194 2360 1308 2398 verbo
1329 2360 1532 2406 sententiae,
1567 2360 1804 2413 postremum
1834 2359 1881 2398 ad

481 2424 642 2462 verbum
663 2423 829 2476 prImam
849 2425 972 2464 rursus
994 2426 1177 2477 syllabam
1197 2426 1372 2479 adjunxit
1392 2426 1638 2479 insequentis.
1682 2427 1739 2464 Ita
1758 2424 1880 2464 faCtus

482 2490 533 2529 est
549 2489 743 2543 anapestus
763 2490 808 2538 is,
833 2492 899 2544 qui
921 2492 1219 2547 Aristophaneus
1240 2494 1489 2535 nominatur:
1512 2492 1630 2547 quod,
1652 2506 1699 2532 ne
1719 2491 1879 2537 accidat,
