2176 2912
490 195 808 236 LIBER
884 194 1461 233 SECUNDUS
1633 195 1683 245 89

285 292 339 330 est
353 310 364 336 ;
387 298 424 328 et
439 289 621 327 auditoris
642 287 794 326 animus
815 295 880 324 aut
900 295 1102 324 renovatur
1117 286 1163 324 ad
1179 299 1221 323 ea
1241 300 1325 338 quse
1347 286 1497 329 restant,
1515 294 1580 322 aut
1595 300 1684 324 orn-

286 357 398 395 nibus
409 357 491 407 jam
504 355 615 393 dictis
628 353 890 392 exsuscitatur.
923 353 1071 390 Omnia
1082 353 1189 390 enim
1205 361 1429 390 ornamenta
1440 352 1682 395 elocutionis,

284 423 325 460 in
345 422 486 474 quibus
512 430 550 459 et
580 420 772 459 suavitatis
794 428 832 458 et
851 419 1046 472 gravitatis
1074 419 1291 471 plurimum
1322 417 1503 461 consistit,
1539 427 1576 454 et
1596 432 1683 455 om-

284 488 360 532 nia,
392 502 477 540 quae
509 488 549 525 in
583 487 805 525 inventione
834 486 1042 524 verborum
1070 494 1108 523 et
1128 485 1403 523 sententiarum
1434 483 1581 535 aliquid
1614 483 1684 521 ha-

284 554 377 593 bent
398 554 611 607 dignitatis,
634 555 673 592 in
695 567 924 592 communes
946 552 1051 590 locos
1072 551 1340 590 conferuntur.

340 623 482 673 Qare,
515 635 592 659 non
625 629 668 658 ut
696 620 908 664 causarum,
950 619 1000 657 fic
1031 628 1228 657 oratorum
1262 631 1419 670 quoque
1452 616 1684 661 multorum,

283 700 513 726 communes
531 687 607 725 loci
623 687 709 725 sunt
724 702 733 725 :
757 700 846 724 nam
864 685 933 724 nisi
949 686 995 724 ab
1012 686 1072 730 iis,
1092 686 1160 738 qui
1180 684 1305 723 multa
1316 683 1588 722 exercitatione
1601 697 1684 720 ma-

284 768 402 806 gnam
436 753 505 792 fibi
536 754 742 791 verborum
780 762 818 790 et
858 753 1134 791 sententiarum
1172 752 1326 805 copiam
1364 750 1684 803 comparaverint,

284 820 433 858 tractari
453 833 531 858 non
551 827 734 872 poterunt
763 828 894 857 ornate
924 828 962 856 et
981 819 1158 871 graviter,
1189 817 1524 870 quemadmodum
1554 824 1688 854 natura

283 886 454 938 ipsorum
475 886 669 923 defiderat.
720 886 852 937 Atque
871 883 948 923 hoc
969 886 1013 923 fit
1033 886 1144 924 nobis
1172 885 1322 922 dietum
1341 883 1607 922 communiter
1640 882 1687 920 de

282 952 391 989 omni
410 965 549 1004 genere
568 951 744 990 locorum
760 944 1051 989 communium.

338 1019 449 1057 XVI.
482 1018 603 1057 Nunc
623 1031 876 1071 exponemus,
898 1019 940 1056 in
960 1018 1261 1070 conjecturalem
1281 1015 1597 1054 constitutionem
1619 1014 1687 1066 qui

281 1084 360 1123 loci
380 1098 609 1123 communes
631 1085 798 1123 incidere
819 1085 984 1123 soleant:
1017 1084 1298 1137 suspicionibus
1319 1083 1423 1121 credi
1443 1092 1631 1135 oportere,
1650 1090 1688 1118 et

284 1163 362 1188 non
382 1160 580 1202 oportere:
604 1151 825 1189 rumoribus
846 1151 950 1189 credi
968 1160 1160 1203 oportere,
1183 1159 1221 1188 et
1246 1164 1323 1187 non
1343 1158 1519 1202 oportere
1537 1163 1546 1186 :
1580 1148 1686 1186 testi·-

284 1216 356 1253 bus
377 1216 480 1253 credi
500 1225 688 1269 oportere,
710 1225 748 1254 et
768 1231 845 1255 non
865 1226 1064 1270 oportere:
1088 1216 1361 1269 quaestionibus
1376 1216 1479 1253 credi
1496 1224 1686 1268 oportere,

283 1291 322 1319 et
342 1295 418 1319 non
433 1292 627 1334 oportere:
650 1283 770 1321 vitam
788 1291 874 1319 ante
895 1285 1017 1320 actam
1030 1282 1186 1334 spectari
1200 1291 1388 1334 oportere,
1411 1290 1449 1318 et
1470 1294 1548 1318 non
1569 1293 1685 1332 opor-

284 1356 362 1385 tere
380 1362 389 1385 :
422 1347 593 1399 ejusdem
613 1348 697 1393 effe,
727 1349 795 1400 qui
816 1349 855 1386 in
878 1348 942 1386 illa
963 1362 1001 1386 re
1028 1347 1209 1400 peccarit,
1230 1357 1267 1384 et
1287 1346 1362 1385 hoc
1382 1359 1539 1399 quoque
1559 1346 1686 1383 admi-

284 1413 377 1458 sisse,
411 1423 450 1451 et
480 1428 557 1452 non
579 1414 649 1453 effe
669 1415 863 1466 ejusdem:
901 1415 1072 1452 maxime
1094 1413 1249 1467 spectari
1269 1413 1421 1451 causam
1437 1420 1625 1465 oportere,
1649 1421 1686 1450 et

283 1493 361 1517 non
381 1488 568 1532 oportere.
592 1482 723 1532 Atque
744 1479 785 1518 hi
807 1480 980 1532 quidem,
998 1489 1035 1517 et
1054 1481 1077 1517 fi
1097 1480 1166 1531 qui
1185 1478 1373 1531 ejusmodi
1390 1492 1437 1515 ex
1455 1478 1610 1531 proprio
1625 1491 1685 1515 ar-

283 1555 472 1598 gumento
487 1560 716 1585 communes
737 1546 813 1585 loci
835 1546 1048 1591 nascentur,
1066 1546 1107 1584 in
1127 1545 1332 1584 contrarias
1351 1554 1477 1598 partes
1497 1543 1685 1582 diducen-

286 1621 361 1651 tur.

338 1680 478 1717 Certus
498 1688 628 1717 autem
646 1679 755 1718 locus
777 1679 829 1717 est
849 1679 1090 1723 accusatoris,
1112 1692 1179 1731 per
1198 1692 1318 1731 quem
1338 1687 1451 1730 auget
1471 1676 1562 1715 facti
1581 1686 1684 1716 atro-

283 1745 441 1783 citatem
457 1763 468 1790 ;
501 1755 539 1783 et
559 1746 665 1790 alter,
698 1760 765 1799 per
785 1760 902 1798 quem
937 1755 1049 1798 negat
1078 1745 1271 1783 malorum
1307 1744 1473 1782 misereri
1495 1754 1684 1796 oportere.

285 1809 520 1855 Defensoris‚
557 1825 623 1863 per
652 1826 770 1863 quem
793 1812 988 1849 calumnia
1007 1811 1270 1849 accusatorum
1300 1824 1393 1848 cum
1422 1810 1685 1862 indignatione

283 1876 494 1914 ostenditur
510 1895 521 1921 5
544 1886 581 1914 et
597 1890 663 1929 per
678 1891 795 1929 quem
815 1891 908 1914 cum
927 1877 1201 1928 conquestione
1222 1877 1481 1915 misericordia
1495 1885 1683 1929 captatur.

284 1943 342 1980 Hi
363 1952 400 1980 et
420 1943 546 1980 czeteri
566 1956 700 1981 omnes
720 1943 797 1981 loci
818 1956 1046 1981 communes
1068 1956 1113 1980 ex
1142 1943 1274 1980 iisdem
1302 1944 1501 1995 praeceptis
1522 1943 1685 1981 sumun-

285 2018 360 2053 tur,
372 2008 513 2060 quibus
536 2018 678 2046 caeterae
696 2008 1071 2061 argumentationes:
1094 2008 1155 2045 sed
1178 2008 1252 2045 illae
1274 2009 1440 2052 tenuius,
1463 2017 1500 2045 et
1520 2010 1684 2053 acutius,

283 2084 321 2112 et
341 2075 517 2112 subtilius
541 2077 773 2120 tractantum
792 2075 833 2112 hi
856 2085 983 2112 autem
1006 2075 1156 2127 gravius
1173 2084 1210 2112 et
1226 2075 1409 2118 ornatius,
1432 2084 1468 2111 et
1487 2088 1578 2112 cum
1600 2089 1684 2113 ver-

285 2141 357 2185 bis,
380 2150 466 2179 tum
487 2142 604 2179 etiam
620 2142 815 2179 sententiis
837 2141 1129 2179 excellentibus.
1166 2142 1207 2178 Iu
1227 2141 1301 2178 illis
1323 2142 1428 2178 enim
1450 2141 1536 2178 finis
1553 2141 1619 2185 est,
1642 2150 1685 2178 ut

283 2207 337 2252 id,
359 2207 463 2260 quod
485 2208 640 2253 dicitur,
671 2222 805 2246 verum
826 2207 896 2245 effe
919 2208 1114 2251 videatur5
1148 2208 1186 2244 in
1208 2207 1283 2251 his,
1317 2207 1462 2244 tametli
1488 2206 1563 2245 hoc
1584 2221 1683 2259 quo-

284 2287 359 2325 que
393 2274 511 2311 videri
546 2284 711 2327 oportet,
744 2284 871 2312 tamen
894 2274 980 2312 finis
1001 2274 1053 2312 est
1073 2274 1305 2327 amplitudo.
1357 2274 1477 2312 Nunc
1504 2274 1550 2311 ad
1570 2274 1682 2311 aliam

284 2340 601 2378 constitutionem
622 2341 867 2379 transeamuS.

330 2407 461 2445 XVII.
483 2409 588 2445 Cum
601 2408 653 2446 est
670 2409 838 2446 nominis
852 2408 1116 2452 controversia,
1133 2408 1221 2460 quia
1236 2408 1289 2445 vis
1305 2407 1478 2445 vocabuli
1495 2406 1683 2445 definien-

285 2473 331 2510 da
348 2473 472 2510 verbis
492 2473 558 2518 est,
576 2474 800 2512 constitutio
820 2475 1016 2512 definitiva
1036 2474 1191 2512 dicitur.
1226 2475 1320 2525 Ejus
1341 2475 1489 2525 generis
1505 2472 1685 2523 exemplo

285 2538 396 2577 nobis
406 2539 575 2591 positafit
587 2539 668 2579 haec
681 2541 807 2585 causan
824 2542 871 2579 C.
883 2541 1113 2584 Flaminius,
1130 2541 1158 2577 is
1173 2541 1239 2591 qui
1250 2540 1393 2578 Consul
1405 2538 1683 2589 rempublicam

341 2610 378 2647 T
394 2623 416 2647 ο
434 2622 484 2648 Μ.
518 2610 550 2649 1.
1158 2610 1207 2648 M
