2176 2912
465 205 547 246 470
910 185 1442 226 ORATOR.

468 288 509 325 in
529 284 711 328 oratione,
743 281 792 320 fic
823 280 866 319 hi
896 281 983 319 sunt
1016 280 1183 319 evitandi
1204 279 1419 317 continuati
1439 278 1566 331 pedes.
1626 278 1748 317 Aliud
1767 279 1874 319 enim

468 353 653 407 quiddam
675 350 727 388 est
753 350 888 394 oratio,
906 362 976 387 nec
998 348 1214 400 quidquam
1234 347 1432 384 inimicius
1457 360 1574 398 quam
1606 346 1672 384 illa
1691 347 1872 385 verfibus.

470 422 585 459 Paeon
606 426 734 457 autem
767 416 931 455 minime
951 415 1003 453 est
1030 424 1139 467 aptus
1171 414 1218 451 ad
1249 413 1400 451 versum
1416 431 1427 457 ;
1460 426 1538 464 quo
1570 412 1753 452 libentius
1784 427 1876 451 eum

470 487 614 538 recepit
633 485 768 523 oratio.
807 481 988 535 Ephorus
1009 495 1098 519 vero
1118 494 1164 518 ne
1180 480 1392 533 spondeum
1413 479 1586 531 quidem,
1617 493 1737 531 quem
1757 478 1875 532 fugit,

471 552 655 604 intelligit
695 549 765 588 esse
799 548 985 601 aequalem
1017 547 1180 598 da&ylo‚
1217 560 1336 598 quem
1370 546 1520 597 probat.
1581 545 1744 597 Syllabis
1771 539 1895 583 enim¹

472 618 685 658 metiendos
706 616 833 669 pedes,
866 627 943 653 non
964 612 1188 656 intervallis,
1224 612 1413 649 existimat
1430 629 1441 654 ;
1475 611 1578 662 quod
1598 611 1704 649 idem
1723 610 1817 650 facit
1836 612 1877 649 in

472 684 652 727 trochaeo,
676 684 743 734 qui
776 680 1015 732 temporibus
1036 687 1073 715 et
1093 677 1301 715 intervallis
1322 677 1374 714 est
1394 690 1459 728 par
1479 676 1609 714 iambo
1627 691 1636 714 t
1671 677 1732 714 sed
1754 677 1798 714 eo
1817 677 1877 714 vi-

473 751 589 789 tiosus
612 750 651 786 in
672 748 855 790 oratione,
878 746 903 783 fi
924 753 1088 797 ponatur
1108 753 1317 786 extremus,
1332 742 1437 794 quod
1453 742 1566 780 verba
1584 742 1723 780 melius
1742 742 1782 779 in
1803 741 1879 793 syl-

473 817 576 855 labas
599 814 790 866 longiores
812 811 967 849 cadunt.
1018 813 1150 862 Atque
1165 808 1261 853 haec,
1283 823 1368 861 quae
1387 808 1474 846 sunt
1494 809 1595 861 apud
1615 807 1878 852 Aristotelem,

473 883 605 920 eadem
626 894 646 918 a
659 877 942 931 Theophrasto,
965 876 1264 928 TheodeCoeque
1285 875 1330 913 de
1351 888 1482 927 paeone
1503 875 1699 913 dicuntur.

530 949 617 1000 Ego
652 955 782 984 autem
802 944 936 988 sentio,
966 956 1101 981 omnes
1124 942 1164 979 in
1193 942 1363 980 oratione
1393 940 1464 978 effe
1495 940 1597 993 quafi
1624 940 1823 993 permistos
1844 949 1881 978 et

474 1013 653 1054 confusos
675 1011 802 1065 pedes.
863 1010 949 1048 Nec
970 1009 1077 1047 enim
1097 1007 1265 1060 effugere
1291 1006 1479 1060 possemus
1501 1006 1881 1051 animadversionem,

476 1081 502 1118 fi
524 1080 671 1131 semper
692 1077 826 1114 iisdem
847 1084 1043 1113 uteremur
1056 1093 1066 1118 3
1100 1074 1191 1126 quia
1222 1086 1290 1110 nec
1318 1072 1519 1110 numerosa
1537 1071 1622 1116 effe,
1654 1081 1697 1109 ut
1716 1084 1880 1124 poema;

478 1159 602 1197 neque
624 1153 728 1181 extra
760 1155 983 1184 numerum,
1006 1149 1049 1178 ut
1070 1139 1193 1177 sermo
1213 1139 1321 1190 vulgi
1353 1138 1418 1182 est,
1450 1137 1563 1176 debet
1589 1138 1722 1175 oratio.
1770 1137 1883 1175 Alte-

479 1226 566 1250 rum
598 1210 714 1249 nimis
750 1208 801 1246 est
821 1208 1010 1251 vinetum,
1043 1215 1086 1244 ut
1117 1206 1162 1243 de
1183 1205 1368 1243 industria
1386 1204 1533 1242 saelum
1553 1212 1754 1257 appareat3
1787 1203 1885 1241 alte-

478 1293 566 1321 rum
599 1276 715 1314 nimis
751 1274 989 1317 diffolutum,
1023 1281 1066 1311 ut
1088 1282 1349 1327 pervagatum,
1371 1285 1415 1310 ac
1433 1271 1587 1324 vulgare
1613 1270 1809 1309 videatur:
1843 1278 1886 1309 ut

478 1345 525 1382 ab
559 1344 677 1381 altero
710 1355 787 1379 non
818 1340 1016 1384 destitere,
1047 1339 1211 1377 alterum
1241 1338 1379 1377 oderis.
1441 1338 1496 1376 Sit
1527 1338 1659 1390 igitur,
1700 1346 1744 1375 ut
1776 1336 1887 1389 supra

479 1411 575 1455 dixi,
607 1408 786 1463 permista
805 1416 843 1445 et
864 1415 1072 1459 temperata
1091 1406 1276 1450 numeris,
1308 1419 1377 1443 nec
1398 1404 1587 1449 dissoluta,
1619 1417 1690 1442 nec
1711 1412 1792 1441 tota
1809 1417 1887 1442 nu-

480 1477 636 1521 merosa,
659 1489 790 1528 paeone
811 1474 995 1518 maxime,
1021 1473 1225 1525 (quoniam
1246 1473 1418 1526 optimus
1439 1473 1569 1510 auetor
1590 1472 1642 1509 ita
1661 1470 1803 1523 censet)
1827 1470 1889 1509 sed

480 1543 637 1594 reliquis
659 1543 775 1579 etiam
796 1540 981 1583 numeris,
1014 1553 1110 1591 quos
1132 1539 1196 1577 ille
1216 1539 1397 1591 praeterit,
1419 1547 1641 1589 temperata.

535 1608 686 1647 LVIII.
720 1608 829 1658 Qos
853 1614 984 1642 autem
1004 1617 1199 1648 numeros,
1232 1617 1324 1642 cum
1344 1603 1500 1656 quibus,
1533 1611 1717 1655 tanquam
1736 1615 1886 1655 purpu-

482 1690 577 1720 ram,
611 1674 762 1712 misceri
790 1680 976 1725 oporteat,
1007 1684 1110 1708 nunc
1131 1670 1340 1708 dicendum
1359 1669 1424 1715 est,
1456 1678 1571 1722 atque
1597 1669 1715 1707 etiam
1745 1669 1888 1721 quibus

482 1741 664 1780 orationis
685 1739 888 1792 generibus
910 1739 981 1776 fint
1000 1738 1140 1789 cuique
1161 1735 1561 1775 accommodatiffimi.
1605 1736 1762 1774 Iambus
1783 1735 1890 1773 enim

482 1807 808 1860 frequentiffimus
840 1806 891 1843 est
921 1806 961 1843 in
989 1805 1050 1849 iis,
1081 1819 1166 1857 quae
1198 1803 1358 1842 demiffo
1391 1812 1506 1856 atque
1539 1802 1684 1841 humili
1718 1801 1891 1840 sermone

483 1875 666 1912 dicuntur
682 1891 693 1917 ;
725 1886 833 1925 paeon
854 1881 984 1910 autem
1005 1872 1044 1909 in
1065 1871 1318 1924 amplioribus
1334 1888 1346 1915 3
1369 1870 1409 1908 in
1430 1878 1595 1922 utroque
1614 1868 1800 1921 dadrylus.
1833 1870 1891 1907 Ita

484 1943 525 1979 in
559 1938 659 1978 varia
681 1948 718 1977 et
748 1947 930 1992 perpetua
959 1938 1128 1976 oratione
1156 1937 1199 1976 hi
1219 1937 1306 1975 sunt
1338 1937 1438 1975 inter
1456 1936 1492 1974 se
1512 1936 1698 1975 miscendi
1717 1944 1756 1973 et
1787 1943 1890 1973 tem-

486 2006 654 2060 perandi.
715 2006 776 2044 Sic
819 2005 983 2044 minime
1016 2004 1338 2043 animadvertetur
1368 2002 1630 2041 delestationis
1660 2000 1889 2054 aucupium,

485 2083 523 2112 et
554 2072 780 2125 quadrandae
811 2071 994 2110 orationis
1025 2070 1235 2115 industria;
1274 2083 1359 2122 quae
1384 2068 1518 2106 latebit
1547 2081 1592 2105 eo
1624 2067 1762 2120 magis,
1791 2066 1818 2105 fi
1852 2075 1891 2105 et

486 2139 693 2177 verborum
722 2147 760 2176 et
791 2137 1062 2175 sententiarum
1092 2135 1326 2189 ponderibus
1355 2142 1524 2173 utemur.
1583 2134 1690 2173 Nam
1721 2133 1791 2186 qui
1820 2146 1891 2171 au-

487 2205 614 2248 diunt,
645 2202 727 2241 haec
761 2203 839 2241 duo
872 2202 1194 2246 animadvertunt,
1226 2210 1264 2239 et
1278 2200 1453 2253 jucunda
1481 2200 1552 2238 fibi
1571 2199 1739 2245 censent,
1779 2199 1894 2237 verba
1948 2186 1952 2188 ’

488 2271 576 2309 dico
595 2280 633 2307 et
654 2269 854 2308 sententias
870 2288 882 2314 ς
914 2282 1033 2322 eaque
1066 2268 1160 2306 dum
1181 2268 1320 2306 animis
1340 2267 1494 2305 attentis
1525 2266 1756 2305 admirantes
1782 2265 1891 2304 exci-

489 2338 616 2391 piunt,
646 2335 749 2390 fugit
768 2349 846 2381 eos,
881 2345 919 2374 et
938 2335 1176 2389 praetervolat
1195 2348 1375 2373 numerus
1391 2353 1404 2380 5
1440 2335 1507 2387 qui
1528 2343 1657 2372 tamen
1685 2333 1712 2372 fi
1738 2331 1890 2378 abesset,

490 2403 555 2443 illa
575 2403 653 2455 ipsa
672 2402 914 2441 deledhirent.

545 2469 632 2509 Nec
663 2482 751 2509 vero
784 2469 929 2508 nimius
965 2469 997 2509 is
1028 2467 1157 2509 cursus
1189 2467 1242 2508 est
1274 2481 1541 2514 numerorum,
1573 2465 1755 2507 orationis
1789 2463 1889 2509 dico,
