2176 2912
566 229 890 269 LIBER
966 229 1382 268 PRIMUS.
1635 234 1683 273 61

285 326 331 365 id
360 332 403 364 ut
428 321 690 376 perspiciatur,
720 331 787 361 aut
817 322 1042 367 scribamus,
1073 331 1138 360 aut
1167 322 1207 360 in
1238 322 1415 375 quolibet
1435 325 1613 377 exemplo
1641 325 1689 363 de

281 393 345 436 iis,
366 405 451 443 quae
469 389 660 444 proposita
679 389 780 435 sunt,
807 388 883 428 hoc
903 389 1008 427 idem
1028 402 1287 434 exerceamus,
1310 398 1353 428 ut
1373 402 1491 442 quam
1511 389 1623 429 facile
1644 392 1688 430 sit

280 456 399 495 fastu.

336 525 398 562 Ac
418 522 464 561 de
484 522 657 575 partibus
677 522 836 575 quidem
855 521 1197 574 argumentationis
1219 521 1304 560 satis
1331 522 1442 560 nobis
1463 521 1611 560 dictum
1630 523 1688 560 vi-

282 590 407 628 detur.
466 589 573 629 Illud
604 598 734 627 autem
764 588 946 627 volumus
977 588 1159 641 intelligi,
1193 602 1261 627 nos
1282 588 1403 641 probe
1435 598 1575 633 tenere,
1607 589 1689 628 aliis

278 669 440 709 quoque
459 656 673 694 rationibus
695 655 844 694 traetari
864 656 1213 708 argumentationes
1234 656 1275 693 in
1296 653 1539 708 philosophia
1555 655 1689 694 multis

281 732 321 761 et
340 722 524 768 obscuris,
547 723 593 761 de
613 722 756 775 quibus
777 731 927 760 certum
947 722 1000 760 est
1020 721 1229 761 artificium
1249 721 1518 760 constitutum.
1541 721 1689 760 Verum

281 789 349 828 illa
366 790 480 829 nobis
501 788 702 828 abhorrere
721 789 768 827 ab
789 788 857 827 usu
876 789 1041 826 oratorio
1061 789 1253 827 videntur.
1290 789 1390 840 Qae
1409 788 1601 841 pertinere
1620 801 1689 826 au-

282 864 364 894 tem
384 856 431 894 ad
460 855 672 894 dicendum
698 864 895 908 putamu8‚
927 868 969 893 ea
989 868 1058 893 nos
1089 854 1351 900 commodius,
1373 868 1492 907 quam
1518 863 1689 898 caeteros,

277 921 477 960 attendiffe
496 935 575 960 non
587 921 840 966 affirmamus,
855 920 916 959 sed
932 920 1174 974 perquisitius
1194 929 1233 959 et
1248 920 1472 973 diligentius
1493 919 1690 972 conscrip-

279 987 359 1026 fiffe
378 988 625 1042 pollicemur.
685 988 820 1033 Nunc,
854 997 897 1026 ut
916 987 1169 1033 instituimus,
1201 986 1392 1040 proficisci
1411 987 1544 1026 ordine
1564 986 1610 1024 ad
1630 1000 1690 1024 re-

279 1053 387 1107 liqua
405 1068 625 1108 pergemus.

326 1121 461 1160 XLII.
484 1120 744 1175 Reprehensio
759 1121 826 1166 est,
848 1134 916 1174 per
931 1135 1050 1173 quam
1070 1120 1376 1174 argumentando
1395 1118 1691 1158 adversariorum

281 1187 528 1225 confirmatio
547 1188 724 1233 diluitur,
755 1196 820 1225 aut
840 1187 1072 1233 infirmatur,
1093 1196 1158 1226 aut
1179 1187 1337 1226 levatur.
1384 1187 1482 1225 Haec
1500 1184 1609 1224 fonte
1628 1186 1691 1223 in-

283 1254 476 1292 ventionis
497 1254 633 1292 eodem
654 1262 797 1297 utetur,
828 1267 907 1306 quo
928 1255 1051 1293 utitur
1070 1253 1329 1298 confirmatio,
1352 1262 1552 1306 propterea
1571 1252 1689 1304 quod,

280 1319 426 1372 quibus
447 1333 493 1357 ex
513 1320 607 1358 locis
629 1320 756 1372 aliqua
776 1332 833 1357 res
853 1320 1072 1358 confirmari
1089 1320 1224 1372 potest,
1239 1319 1375 1357 iisdem
1394 1319 1517 1371 potest
1534 1332 1580 1356 ex
1595 1318 1690 1356 locis

282 1385 482 1424 infirmari.
526 1385 643 1424 Nihil
669 1387 773 1424 enim
795 1386 1115 1424 considerandum
1134 1385 1186 1423 est
1205 1386 1245 1423 in
1266 1384 1327 1423 his
1349 1384 1532 1423 omnibus
1553 1384 1689 1422 inven-

281 1452 469 1497 tionibus,
490 1452 560 1490 nifi
578 1452 632 1497 id,
650 1452 755 1504 quod
771 1452 938 1504 personis
957 1461 1022 1489 aut
1039 1452 1204 1504 negotiis
1221 1451 1455 1488 attributum
1470 1449 1535 1488 est.
1562 1451 1691 1502 Qare

280 1518 548 1557 inventionem
584 1527 623 1556 et
657 1518 1038 1571 argumentationum
1080 1517 1360 1570 expolitionem
1393 1529 1441 1554 ex
1473 1516 1565 1560 illis,
1607 1529 1692 1568 quae

280 1584 369 1624 ante
403 1594 594 1639 praecepta
611 1585 711 1630 sunt,
741 1583 841 1622 hanc
873 1598 1031 1637 quoque
1059 1584 1099 1622 in
1120 1593 1269 1637 partem
1289 1582 1471 1621 orationis
1499 1581 1692 1621 transferri

282 1652 491 1705 oportebit.
523 1652 802 1696 Veruntamen,
838 1659 881 1689 ut
902 1650 1079 1704 quaedam
1099 1651 1306 1704 praeceptio
1325 1650 1437 1688 detur
1456 1648 1573 1701 hujus
1589 1662 1689 1702 quo-

279 1732 358 1770 que
377 1719 510 1772 partis,
528 1731 767 1772 exponemus
788 1718 925 1756 modos
946 1716 1245 1771 reprehenfionis
1263 1735 1274 1762 3
1307 1729 1404 1769 quos
1425 1715 1494 1768 qui
1513 1714 1690 1754 observa-

282 1785 395 1830 bunt,
416 1785 568 1824 facilius
589 1799 643 1830 ea,
671 1799 756 1838 quae
776 1793 910 1823 contra
928 1785 1119 1829 dicentur,
1151 1784 1296 1822 diluere
1316 1793 1381 1821 aut
1402 1781 1598 1821 infirmare
1616 1796 1690 1836 po-

281 1860 426 1889 terunt.

340 1918 483 1956 Omnis
504 1917 785 1970 argumentatio
806 1916 1110 1970 reprehenditur,
1142 1916 1168 1954 fi
1189 1926 1253 1954 aut
1272 1930 1319 1954 ex
1339 1916 1401 1961 iis,
1434 1930 1519 1968 quae
1540 1915 1691 1968 sumpta

284 1985 384 2030 sunt,
406 1998 483 2023 non
510 1984 735 2022 conceditur
754 1984 911 2037 aliquod
932 1998 1069 2028 unum,
1089 1984 1244 2036 plurave
1262 1997 1271 2021 :
1304 1992 1383 2027 aut,
1411 1981 1471 2020 his
1493 1982 1689 2028 conceffis,

283 2051 502 2104 complexio
522 2050 663 2089 confici
683 2064 730 2089 ex
751 2050 811 2088 his
833 2060 1017 2103 negatur:
1050 2059 1115 2088 aut
1143 2050 1167 2087 fi
1188 2063 1308 2102 genus
1330 2048 1455 2101 ipsum
1482 2062 1689 2101 argumen-

281 2119 437 2156 tationis
459 2117 640 2156 vitiosum
660 2117 894 2155 ostenditur:
927 2127 991 2156 aut
1012 2117 1037 2155 fi
1059 2126 1192 2155 contra
1211 2116 1365 2154 firmam
1382 2116 1688 2167 argumentatio-

281 2198 373 2222 nem
393 2184 465 2221 alia
485 2197 591 2236 aeque
612 2183 736 2228 firma,
754 2193 818 2222 aut
839 2183 986 2221 firmior
1007 2184 1176 2236 ponitur.
1210 2183 1271 2220 Ex
1288 2182 1347 2226 iis,
1366 2196 1451 2234 quae
1469 2181 1686 2225 sumuntur,

281 2251 429 2303 aliquid
450 2265 527 2289 non
549 2251 786 2296 conceditur,
821 2264 912 2288 cum
935 2260 999 2288 aut
1020 2251 1072 2294 id,
1104 2249 1209 2302 quod
1231 2249 1417 2286 credibile
1437 2248 1586 2292 dicunt,
1619 2261 1687 2285 ne-

280 2327 392 2369 gatur
425 2317 496 2355 effe
530 2317 716 2369 ejusmodi
733 2333 741 2355 ;
788 2326 852 2354 aut
883 2317 988 2369 quod
1023 2315 1285 2369 comparabile
1317 2324 1468 2368 putant,
1511 2314 1689 2352 diffimile

278 2383 515 2422 ostenditur:
539 2394 602 2421 aut
616 2384 836 2436 judicatum
849 2385 962 2423 aliam
978 2385 1018 2423 in
1040 2394 1187 2436 partem
1204 2383 1429 2427 traducitur,
1447 2391 1511 2419 aut
1527 2381 1688 2419 omnino

277 2449 473 2501 judicium
494 2451 735 2503 improbatur
754 2466 762 2489 :
785 2460 864 2496 aut,
888 2451 992 2504 quod
1013 2451 1166 2503 signum
1186 2449 1257 2487 effe
1276 2449 1471 2487 adversarii
1495 2448 1685 2489 dixerunt,

281 2515 322 2552 id
343 2515 529 2567 ejusmodi
549 2526 708 2569 negatur
728 2517 799 2556 effe
817 2532 826 2556 ι
857 2526 922 2555 aut
942 2517 967 2555 fi
989 2515 1312 2569 complexio,.aut
1332 2528 1420 2558 una,
1442 2523 1507 2551 aut
1529 2522 1687 2563 utraque

284 2595 330 2620 ex
349 2591 455 2635 parte
476 2582 767 2636 reprehenditur
785 2599 793 2623 :
827 2593 893 2623 aut
914 2584 939 2622 fi
960 2584 1198 2623 enumeratio
1225 2581 1313 2620 falsa
1332 2580 1554 2624 ostenditur,
1577 2587 1640 2615 aut
1661 2577 1686 2615 fi
