2176 2912
803 135 1332 178 ORATOR.
1693 130 1769 183 465

430 236 586 274 Horum
621 242 782 285 uterque
813 231 1016 269 Isocratem
1049 237 1155 267 aetate
1176 226 1398 281 praecurrit,
1431 234 1474 262 ut
1493 238 1554 263 eos
1586 223 1652 261 ille
1682 237 1772 260 mo-

371 302 581 344 deratione,
604 313 681 336 non
702 297 934 340 inventione,
958 295 1104 333 vicerit.
1138 293 1205 332 Est
1225 293 1345 336 enim,
1364 300 1405 329 ut
1426 291 1465 328 in
1488 289 1770 332 transferendis,

373 365 629 416 faciendisque
663 363 786 401 verbis
823 360 1079 413 tranquillior,
1122 359 1170 397 fic
1204 359 1245 396 in
1277 357 1362 411 ipsis
1398 356 1565 394 numeris
1597 355 1769 393 sedatior-

373 432 537 484 Gorgias
559 440 686 468 autem
709 429 853 467 avidior
882 428 935 466 est
965 427 1111 479 generis
1131 426 1227 477 ejus,
1259 432 1295 461 et
1328 422 1389 461 his
1410 422 1691 465 festivitatibus,
1723 420 1772 458 sic

368 498 479 535 enim
514 496 591 549 ipse
629 495 768 539 censet,
814 493 1037 532 insolentius
1076 491 1272 534 abutitur3
1318 501 1411 541 quas
1447 488 1625 525 Isocrates
1662 487 1772 537 (cum

372 573 502 601 tamen
536 561 732 600 audivisset
766 561 806 598 in
833 558 1025 598 Thessalia
1057 556 1271 596 adolescens
1293 555 1420 593 senem
1446 554 1529 606 jam
1564 553 1769 604 Gorgiam)

372 629 606 668 moderatius
642 627 880 680 temperavit.
941 624 1168 676 Qinetiam
1206 622 1240 660 se
1274 621 1351 675 ipse
1385 629 1551 664 tantum,
1582 627 1772 670 quantum

374 705 480 734 aetate
499 695 741 748 procedebat,
776 694 911 745 (prope
929 692 1035 729 enim
1056 699 1215 728 centum
1235 686 1404 726 confecit
1423 686 1558 736 annos)
1591 684 1773 723 relaxarat

373 775 393 798 a
413 762 534 798 nimia
553 759 766 798 neceffitate
787 770 1036 795 numerorum
1053 774 1064 800 ς
1097 754 1201 808 quod
1221 753 1385 791 declarat
1405 752 1445 789 in
1465 764 1510 789 eo
1536 750 1635 788 libro
1655 763 1773 802 quem

323 833 328 836 '
373 827 419 864 ad
440 826 670 878 Philippum
691 824 948 863 Macedonem
970 821 1126 874 scripsit,
1161 834 1253 858 cum
1271 820 1353 871 jam
1374 817 1587 856 admodum
1607 815 1695 854 esset
1713 816 1772 854 se-

372 906 446 930 nex
463 911 474 936 3
507 893 547 930 in
568 905 646 944 quo
667 891 760 929 dicit
780 889 853 927 sese
874 889 1001 927 minus
1017 888 1100 939 jam
1121 886 1254 924 servire
1285 884 1469 928 numeris,
1497 897 1614 936 quam
1641 883 1772 921 solitus

372 958 473 997 esset.
506 959 565 997 Ita
582 971 660 996 non
680 956 798 995 modo
818 955 1040 1008 superiores,
1063 953 1123 991 sed
1143 953 1259 990 etiam
1280 951 1315 988 se
1334 950 1411 1003 ipse
1430 959 1655 988 correxerat.

428 1025 541 1063 LIII.
574 1023 773 1076 Qoniam
792 1022 911 1075 igitur
943 1019 1132 1058 habemus
1162 1027 1257 1071 aptae
1278 1016 1458 1056 orationis
1479 1029 1542 1054 eos
1564 1015 1773 1069 principes,

373 1091 627 1143 auctoresque,
650 1103 745 1142 quos
770 1089 950 1132 dicimus,
978 1096 1015 1124 et
1035 1087 1143 1138 origo
1162 1085 1315 1123 inventa
1333 1083 1385 1122 est
1400 1102 1412 1128 ;
1443 1082 1551 1121 causa
1570 1092 1772 1135 quaeratur.

376 1158 475 1209 Qae
504 1158 553 1195 fic
573 1166 698 1210 aperta
716 1155 782 1200 est,
813 1164 857 1193 ut
887 1154 1016 1198 mirer,
1046 1162 1188 1191 veteres
1219 1165 1297 1189 non
1317 1150 1387 1188 effe
1414 1157 1646 1194 commotos,
1676 1163 1773 1202 prae-

374 1223 504 1262 sertim
523 1237 630 1268 cum,
663 1232 706 1260 ut
726 1221 783 1266 fit,
819 1220 979 1258 fortuito
999 1219 1093 1271 saepe
1126 1217 1273 1270 aliquid
1299 1215 1490 1261 concluse,
1521 1224 1682 1268 apteque
1713 1215 1774 1253 di-

374 1299 528 1328 cerent:
575 1289 680 1343 quod
714 1302 807 1326 cum
840 1287 987 1324 animos
1014 1285 1223 1323 hominum
1258 1282 1438 1335 auresque
1472 1281 1685 1334 pepulisset,
1731 1290 1776 1320 ut

374 1357 542 1409 intelligi
561 1355 693 1409 poffet,
725 1355 777 1399 id,
808 1353 911 1406 quod
931 1352 1035 1390 casus
1055 1350 1255 1394 effudisset,
1287 1347 1460 1387 cecidisse
1487 1347 1673 1400 jucunde,
1700 1360 1774 1385 no·-

374 1423 538 1462 tandum
568 1432 669 1460 certe
701 1434 836 1474 genus,
858 1429 972 1472 atque
1006 1418 1074 1472 ipsi
1107 1417 1176 1456 fibi
1210 1415 1390 1454 imitandi
1421 1414 1593 1452 fuerunt.
1652 1416 1775 1452 Aures

373 1489 494 1534 enim,
525 1488 585 1525 vel
617 1488 768 1526 animus
789 1486 939 1524 aurium
960 1484 1098 1522 nuntio
1119 1482 1330 1521 naturalem
1351 1480 1543 1533 quandam
1563 1480 1603 1516 in
1624 1479 1659 1516 se
1679 1493 1775 1517 con-

374 1555 474 1593 tinet
492 1567 634 1592 vocum
654 1553 833 1591 omnium
854 1551 1102 1589 mensionem.
1147 1550 1281 1599 Itaque
1300 1556 1337 1584 et
1357 1546 1529 1598 longiora
1548 1554 1586 1582 et
1605 1545 1777 1582 breviora

368 1621 530 1674 judicat,
560 1629 598 1658 et
618 1619 783 1673 perfecta
803 1632 845 1657 ac
872 1617 1067 1656 moderata
1084 1615 1232 1668 semper
1252 1615 1436 1666 exped’tat.
1497 1611 1644 1650 Mutila
1663 1611 1776 1650 sentit

374 1688 566 1739 quaedam,
597 1696 635 1724 et
655 1686 755 1739 quasi
777 1686 997 1728 decurtata;
1029 1683 1185 1734 quibus,
1207 1691 1392 1732 tanquam
1413 1679 1544 1717 debito
1563 1677 1773 1723 fraudetur,

375 1752 609 1791 offenditur:
642 1751 882 1805 productiora
901 1750 986 1793 alia,
1016 1758 1053 1786 et
1079 1748 1180 1800 quasi
1210 1746 1502 1785 immoderatius
1522 1744 1774 1788 excurrentia,

375 1832 461 1871 quae
496 1818 617 1872 magis
651 1818 767 1855 etiam
799 1816 1042 1869 aspernantur
1067 1827 1171 1851 aures
1189 1832 1200 1858 ;
1233 1812 1338 1864 quod
1370 1825 1462 1850 cum
1497 1811 1537 1848 in
1572 1809 1774 1863 plerisque,

375 1895 462 1924 tum
481 1885 521 1922 in
542 1884 617 1922 hoc
637 1897 774 1937 genere
794 1882 961 1920 nimium
978 1880 1082 1933 quod
1101 1879 1165 1924 est,
1183 1878 1346 1917 offendit
1359 1877 1640 1921 vehementius,
1658 1889 1776 1928 quam

376 1951 430 1996 id,
452 1951 556 2003 quod
590 1950 739 1987 videtur
769 1962 919 2001 parum.
979 1948 1036 1984 Ut
1056 1946 1174 1998 igitur
1206 1944 1356 1997 poetica
1388 1952 1426 1980 et
1447 1942 1571 1980 versus
1598 1942 1774 1979 inventus

376 2017 429 2055 est
448 2017 719 2055 terminatione
753 2015 918 2059 aurium,
950 2011 1208 2051 observatione
1242 2009 1521 2063 prudentium;
1554 2008 1602 2045 sic
1630 2008 1669 2044 in
1689 2020 1774 2045 ora-

376 2083 481 2121 tione
510 2080 815 2120 animadversum
849 2080 914 2125 est,
945 2078 1072 2116 multo
1092 2076 1189 2115 illud
1217 2075 1376 2128 quidem
1402 2074 1530 2118 serius,
1562 2072 1623 2110 sed
1643 2072 1775 2110 eadem

377 2150 511 2187 natura
529 2149 773 2192 admonente,
804 2146 876 2185 effe
896 2145 1078 2199 quosdam
1113 2152 1236 2182 certos
1267 2141 1410 2186 cursus,
1443 2138 1775 2191 conclusionesque

377 2215 596 2253 verborum.

434 2281 631 2332 Qoniam
652 2280 770 2333 igitur
801 2279 950 2317 causam
971 2291 1127 2331 quoque
1153 2276 1412 2320 ostendimus,
1444 2283 1619 2313 naturam
1654 2283 1771 2314 nunc,

382 2345 439 2396 (id
470 2346 575 2383 enim
605 2355 682 2382 erat
717 2345 892 2395 tertium)
925 2344 950 2381 si
984 2344 1121 2396 placet,
1156 2341 1421 2394 explicemus:
1454 2353 1539 2392 quae
1569 2335 1775 2388 disputatio

382 2424 457 2449 non
477 2409 593 2462 hujus
614 2409 779 2449 instituti
798 2409 978 2448 sermonis
999 2408 1064 2453 est,
1096 2406 1157 2446 sed
1186 2407 1274 2445 artis
1296 2406 1456 2444 intimae.
1560 2400 1647 2439 uaeri
1667 2399 1772 2438 enim

480 2477 624 2516 TOM.
657 2476 690 2515 Ῑ.
1341 2471 1473 2510 Nun
