2176 2912
636 155 955 196 LIBER
1030 154 1513 195 TERTIUS.
1699 169 1775 211 307

377 254 444 299 rei,
475 251 707 302 scientiaque
726 248 975 302 perquiritur,
1004 256 1061 292 ut,
1083 247 1215 285 Virtus
1248 247 1403 285 suamne
1423 257 1576 300 propter
1605 248 1773 300 dignita-2

376 329 468 364 tem,
486 332 532 369 an
552 326 707 370 propter
721 315 867 353 fructus
886 314 1049 365 aliquos,
1071 322 1270 366 expetatur
1288 329 1296 351 :
1329 323 1393 350 aut
1413 315 1549 366 agendi
1569 314 1774 352 confilium

373 385 602 437 exquiritur,
625 392 681 428 ut,
715 382 819 420 Sitne
839 381 996 433 sapienti
1018 379 1235 433 capessenda
1253 379 1479 433 respublica.
1526 380 1772 433 Cognitionis

372 460 503 488 autem
525 459 598 488 tres
619 449 739 493 modi,
762 448 989 498 conjectura,
1022 445 1209 491 definitio,
1241 454 1292 490 et,
1329 454 1372 483 ut
1391 446 1444 482 ita
1464 445 1605 491 dicam,
1640 445 1772 484 conse-

371 517 491 555 cutio.
538 515 658 560 Nam,
682 513 776 567 quid
795 513 835 550 in
853 526 893 550 re
912 512 970 556 fit,
993 512 1211 564 conjecturfi
1231 511 1441 564 quaeritur,
1473 520 1516 549 ut
1536 511 1648 555 illud,
1670 512 1774 549 Sitne.

370 582 413 622 in
432 582 606 621 humano
625 594 761 634 genere
781 579 975 633 sapientia.
1028 579 1158 630 Qam
1185 587 1313 616 autem
1333 578 1414 615 vim
1442 591 1604 630 quaeque
1624 591 1680 614 res
1701 576 1770 614 ha-

373 650 470 694 beat,
487 648 663 687 definitio
681 647 847 700 explicat
863 664 875 690 ;
908 654 964 689 ut,
987 645 1013 683 si
1034 654 1235 697 quaeratur,
1258 644 1352 697 quid
1372 644 1417 682 fit
1438 643 1630 696 sapientia.
1663 644 1772 681 Con-

373 714 516 753 secutio
536 723 665 752 autem
686 714 878 756 tractatur,
911 724 1016 755 cum,
1050 710 1143 763 quid
1164 723 1359 762 quamque
1385 723 1467 747 rem
1488 709 1677 762 sequatur,
1709 709 1769 747 in-

373 781 565 833 quiritur,
598 788 640 818 ut
658 779 771 823 illud,
794 778 899 816 Sitne
919 776 1124 828 aliquando
1144 776 1301 815 mentiri
1319 776 1410 814 boni
1432 775 1517 813 viri.

421 847 606 885 Redeunt
639 844 764 882 rursus
798 843 844 881 ad
878 843 1151 894 conjedturam,
1182 856 1343 894 eamque
1376 842 1416 879 in
1442 850 1606 893 quatuor
1637 853 1773 894 genera

370 911 610 965 dispertiunt.
656 910 764 948 Nam
784 918 862 953 aut,
891 908 986 961 quid
1007 908 1064 952 fit,
1096 909 1292 960 quaeritur,
1314 907 1389 946 hoc
1409 908 1527 946 modo
1538 926 1550 953 ς
1573 905 1774 945 Naturane

368 977 414 1016 fit
426 979 492 1031 jus
509 978 608 1017 inter
625 975 817 1021 homines,
839 989 887 1013 an
903 974 1150 1027 opinionibus
1169 988 1177 1012 ε
1201 984 1279 1019 aut,
1301 988 1386 1026 quae
1402 974 1447 1012 fit
1464 973 1572 1026 origo
1587 973 1772 1026 cujusque

370 1044 423 1081 rei
437 1062 450 1089 5
483 1054 540 1090 ut,
578 1042 696 1095 Qod
716 1042 760 1080 fit
779 1042 940 1080 initium
961 1040 1107 1093 legum,
1143 1050 1209 1079 aut
1240 1054 1368 1078 rerum
1395 1039 1642 1092 publicarum
1665 1054 1674 1077 ι
1707 1047 1772 1077 aut

369 1109 478 1148 causa
497 1118 536 1150 et
554 1108 650 1147 ratio
665 1127 677 1153 ς
701 1116 757 1152 ut,
778 1107 805 1145 fi
827 1115 1028 1160 quaeratur,
1052 1107 1135 1145 Cur
1154 1106 1358 1146 doffiffimi
1378 1103 1556 1144 homines
1577 1105 1624 1143 de
1645 1106 1768 1144 maxi-

364 1180 445 1217 mis
477 1179 590 1217 rebus
626 1177 867 1216 dissentiant:
903 1186 968 1215 aut
1002 1178 1048 1214 de
1073 1177 1344 1216 immutatione
1360 1194 1371 1222 ς
1405 1185 1460 1221 ut,
1497 1176 1523 1214 fi
1544 1175 1769 1229 disputetur,

370 1245 483 1284 Num
500 1245 652 1283 interire
666 1244 785 1282 virtus
802 1244 843 1281 in
854 1240 1028 1287 homine,
1046 1252 1111 1281 aut
1124 1257 1220 1281 num
1234 1243 1275 1281 in
1295 1242 1435 1281 vitium
1454 1241 1567 1295 possit
1583 1242 1769 1280 converti.

423 1311 673 1351 Definitionis
694 1319 824 1349 autem
844 1310 929 1348 sunt
949 1309 1251 1363 disceptationes,
1283 1318 1340 1354 ut,
1361 1322 1453 1348 curn
1475 1309 1657 1360 quaeritur
1674 1307 1771 1360 quid

365 1378 409 1417 in
442 1379 646 1417 communi
666 1387 796 1427 mente
816 1377 918 1431 quasi
948 1375 1174 1430 impressum
1194 1376 1266 1421 sit,
1299 1385 1356 1420 ut,
1385 1375 1411 1413 fi
1436 1374 1644 1419 differatur,
1675 1374 1772 1413 Idne

368 1444 413 1485 fit
427 1446 506 1497 jus,
539 1444 643 1498 quod
663 1445 841 1493 maximae
860 1443 959 1497 parti
974 1442 1020 1481 fit
1040 1442 1135 1481 utile
1153 1457 1162 1480 ε
1199 1451 1264 1480 aut
1283 1455 1389 1486 cum,
1412 1440 1506 1494 quid
1526 1439 1710 1493 cujusque
1725 1439 1771 1479 fit

365 1512 582 1565 proprium,
604 1512 842 1563 exquiritur;
866 1518 922 1554 ut,
946 1510 1092 1546 Ornate
1112 1509 1250 1552 dicere,
1273 1508 1520 1560 propriumne
1536 1507 1581 1544 fit
1596 1496 1769 1550 oratoris,

362 1591 414 1617 an
434 1578 473 1615 id
493 1579 610 1616 etiam
631 1577 770 1629 aliquis
790 1584 968 1629 praeterea
986 1574 1099 1627 poffit
1119 1589 1127 1612 :
1159 1582 1238 1618 aut,
1271 1587 1363 1611 cum
1385 1587 1441 1611 res
1470 1572 1709 1610 distribuitur
1727 1571 1769 1609 in

366 1653 490 1696 partes
507 1662 519 1688 3
551 1652 608 1688 ut,
641 1643 667 1681 fi
687 1650 890 1695 quaeratur‚
913 1642 1024 1694 Qot
1042 1640 1116 1678 sint
1134 1653 1271 1693 genera
1291 1652 1417 1677 rerum
1438 1638 1737 1692 expetendarum
1752 1655 1766 1681 ς

365 1718 427 1754 ut,
464 1710 596 1748 Sintne
631 1710 716 1754 tria,
752 1708 937 1761 corporis,
973 1706 1107 1751 animi,
1148 1715 1469 1757 externarumque
1507 1717 1661 1742 rerum:
1703 1711 1769 1741 aut

362 1788 474 1819 cum,
496 1788 581 1827 quae
610 1773 748 1818 forma,
770 1783 807 1811 et
827 1773 930 1825 quasl
950 1772 1131 1810 naturalis
1161 1781 1251 1810 nota
1279 1771 1462 1824 cujusque
1491 1770 1549 1815 fit,
1583 1768 1766 1809 describi-

364 1850 430 1880 tur
445 1859 456 1885 ;
489 1850 546 1886 ut,
564 1841 590 1878 fi
610 1849 798 1893 quaeratur
814 1838 913 1876 avari
933 1838 1089 1891 species,
1106 1837 1282 1883 seditiosi,
1303 1836 1471 1890 gloriosl.

422 1908 716 1947 Consecutionis
751 1917 880 1945 autem
914 1906 991 1943 duo
1018 1905 1141 1956 prima
1171 1903 1423 1957 quaestionum
1441 1915 1580 1955 genera
1609 1915 1765 1955 ponun-

365 1983 442 2014 tur.
473 1974 580 2015 Nam
599 1983 663 2012 aut
682 1974 845 2026 simplex
863 1972 916 2010 est
935 1972 1171 2024 disceptatio,
1204 1980 1258 2015 ut,
1290 1970 1317 2008 fi
1337 1969 1544 2013 differatur,
1565 1969 1765 2021 Expeten-

363 2041 461 2081 dane
482 2040 527 2078 sit
544 2040 666 2093 gloria
685 2055 693 2078 :
720 2049 783 2077 aut
805 2053 851 2077 ex
871 2038 1170 2090 comparatione,
1193 2037 1309 2080 Laus,
1327 2048 1373 2073 an
1394 2034 1537 2073 divitiae
1557 2033 1679 2086 magis
1695 2046 1765 2071 ex-

363 2106 535 2159 petendae
555 2106 640 2144 sint.
673 2105 920 2159 Simplicium
949 2113 1077 2141 autem
1096 2103 1185 2142 sunt
1216 2112 1287 2140 tres
1311 2101 1447 2146 modi;
1479 2100 1525 2138 de
1544 2099 1764 2153 expetendis

364 2171 601 2224 fugiendisve
619 2173 747 2217 rebus,
779 2181 835 2217 ut,
866 2170 1133 2224 Expetendine
1153 2169 1317 2208 honores
1339 2169 1409 2206 slnt
1422 2186 1433 2213 ;
1466 2181 1564 2206 num
1582 2165 1765 2219 fugienda

364 2247 592 2290 paupertas:
634 2239 680 2277 de
713 2253 822 2291 oequo
852 2248 917 2276 aut
948 2238 1098 2290 iniquo,
1130 2238 1356 2289 AEquumne
1376 2235 1420 2275 fit
1451 2233 1583 2272 ulcisci
1608 2231 1763 2284 injurias

365 2303 481 2342 etiarn
502 2305 837 2357 propinquorum:
870 2305 916 2342 de
945 2302 1104 2342 honesto
1135 2312 1199 2341 aut
1221 2301 1336 2355 turpi,
1367 2310 1410 2339 ut
1439 2299 1530 2345 hoc,
1561 2299 1666 2337 Sitne
1688 2295 1762 2333 ho-

366 2369 530 2414 nestum,
551 2370 680 2422 gloriae
700 2370 820 2416 causa,
842 2380 1009 2410 mortem
1029 2369 1149 2408 obire.
1189 2366 1498 2421 Comparationis
1527 2373 1658 2404 autem
1685 2362 1763 2400 duo

366 2435 452 2474 sunt
473 2435 594 2475 modi:
637 2449 750 2481 unuS,
785 2450 891 2484 curn,
922 2436 1076 2475 idemne
1102 2435 1160 2479 sit,
1191 2448 1236 2472 an
1264 2433 1410 2486 aliquid
1431 2431 1589 2475 interfit,
1621 2426 1762 2481 quaeri-

367 2511 430 2541 tur
444 2520 457 2549 5
490 2510 533 2542 ut
551 2511 716 2548 metuere,
746 2512 784 2542 et
803 2504 927 2544 vereri
938 2522 950 2550 ς
983 2511 1025 2543 ut
1041 2516 1118 2548 rex,
1149 2510 1186 2540 et
1206 2510 1382 2555 tyrqnnus
1393 2518 1406 2546 3
1438 2507 1480 2537 ut
1499 2496 1704 2552 affirmator,
1725 2501 1764 2533 et

1212 2567 1351 2619 qu
