2176 2912
748 216 1250 264 TOPICA.
1621 235 1704 277 497

298 319 354 357 At
384 329 476 356 cum
506 316 548 355 in
582 316 712 368 Ajacis
746 317 878 354 navim
908 317 1152 369 crispg'ficlccms
1183 317 1323 370 igneum
1338 316 1482 370 ficlmen
1514 315 1702 369 injectum

293 383 363 428 est,
382 382 646 421 inflammatur
664 383 770 420 navis
791 382 1005 420 necessario.

351 450 483 500 Atque
506 448 623 485 etiam
657 448 709 486 est
739 447 935 486 causarum
966 447 1247 493 diffimilitud0‚
1278 449 1383 500 quod
1414 448 1494 486 aliae
1528 448 1626 492 sunt,
1657 456 1702 486 ut

294 514 371 553 fine
391 514 469 553 ulla
488 514 723 567 appetitione
742 514 877 560 animi,
908 514 984 552 fine
1013 514 1224 559 voluntate,
1254 514 1331 553 fine
1361 515 1557 567 opinione,
1588 514 1702 553 suum

294 581 399 633 quafi
433 594 530 634 opus
564 581 745 626 efficiant,
776 581 896 626 velut,
925 590 969 619 ut
1002 594 1119 620 omne
1153 582 1326 625 intereat,
1357 580 1463 632 quod
1483 589 1613 618 ortum
1633 580 1700 618 est.

293 646 394 685 Aliae
412 656 543 685 autem
563 656 628 685 aut
649 647 845 685 voluntate
864 647 1053 692 efficiunt,
1083 656 1149 685 aut
1167 647 1455 700 perturbatione
1475 646 1609 691 animi,
1637 655 1703 684 aut

292 711 445 758 habitu,
479 722 545 752 aut
564 723 710 758 natura,
742 722 807 752 aut
824 701 919 759 arte,
949 722 1014 752 aut
1040 714 1139 752 casu.
1199 714 1423 758 Voluntate,
1456 722 1499 751 ut
1519 721 1576 758 tu,
1607 726 1703 750 cum

292 777 400 817 hune
420 779 601 818 libellum
621 780 730 832 legis.
789 780 1094 825 perturbatione,
1126 788 1169 818 ut
1199 780 1225 818 fi
1246 781 1332 832 quis
1354 789 1538 818 eventum
1558 778 1702 817 horum

292 853 516 898 temporum
539 846 685 884 timeat.
732 846 899 890 Habitu,
931 855 975 884 ut
994 845 1105 884 facile
1125 856 1164 884 et
1183 846 1261 884 cito
1281 846 1473 884 irascatur.
1533 844 1700 890 Natura,

292 919 337 948 ut
352 911 492 949 vitium
512 912 553 949 in
573 912 653 949 dies
675 911 827 950 crescat.
878 913 988 957 Arte,
1021 921 1065 950 ut
1084 912 1180 949 bene
1201 912 1348 965 pingat.
1396 911 1509 957 Casu,
1532 921 1575 949 ut
1591 911 1701 965 pros-

289 991 380 1031 pere
399 979 564 1031 naviget.
624 977 741 1016 Nihil
772 977 915 1016 horum
936 979 1012 1017 fine
1032 977 1155 1024 causa,
1186 992 1259 1017 nec
1278 978 1494 1031 quidquam
1520 979 1699 1024 omnino,

290 1044 352 1083 sed
372 1043 596 1097 hujusmodi
615 1045 732 1083 causae
752 1059 830 1084 non
852 1045 1072 1085 neceffariae.

349 1112 547 1150 Omnium
567 1121 695 1150 autem
716 1111 913 1150 causarum
933 1112 973 1150 in
994 1111 1077 1150 aliis
1098 1112 1194 1150 inest
1212 1111 1434 1157 constantia,
1456 1112 1496 1149 in
1517 1111 1599 1150 aliis
1621 1125 1699 1150 non

291 1177 400 1217 inest.
448 1179 495 1216 In
512 1187 658 1222 natura,
681 1186 718 1216 et
738 1177 779 1215 in
799 1186 876 1215 arte
896 1178 1107 1216 constantia
1126 1178 1192 1222 est,
1215 1178 1255 1215 in
1275 1178 1419 1216 caeteris
1440 1178 1559 1216 nulla.

345 1243 480 1283 XVII.
513 1243 583 1281 Sed
614 1252 743 1281 tamen
763 1256 893 1281 earum
913 1243 1123 1289 causarum,
1151 1257 1236 1296 quae
1263 1257 1341 1282 non
1361 1243 1449 1281 sunt
1468 1243 1695 1290 constantes,

289 1310 371 1348 aliae
397 1310 484 1348 sunt
501 1310 720 1364 perspicuae,
752 1309 832 1348 aliae
853 1309 984 1348 latent.
1017 1310 1230 1363 Perspicuae
1250 1310 1350 1355 sunt,
1381 1324 1466 1362 quae
1487 1311 1697 1363 appetitio-

289 1390 381 1415 nem
400 1377 535 1422 animi,
566 1376 841 1428 judiciumque
875 1385 1050 1429 tangunt.
1111 1377 1266 1421 Latent,
1299 1390 1383 1428 quae
1405 1376 1578 1428 subjeetae
1609 1376 1697 1415 sunt

288 1437 466 1476 fortunae.
499 1439 604 1476 Cum
625 1438 731 1476 enim
753 1436 851 1475 nihil
868 1439 944 1475 fine
961 1437 1070 1475 causa
1085 1437 1178 1482 fiat;
1211 1436 1286 1476 hoc
1313 1437 1441 1490 ipsum
1461 1437 1514 1475 est
1531 1436 1697 1476 fortunae

288 1514 460 1549 eventus,
482 1504 640 1542 obscura
660 1503 781 1548 causa,
803 1517 888 1555 quae
909 1503 1070 1541 latenter
1088 1503 1223 1549 efficit.

342 1571 475 1609 Etiam
495 1583 550 1614 ea,
573 1584 657 1621 quae
676 1569 789 1613 fiunt,
822 1570 964 1621 partim
984 1569 1070 1607 sunt
1090 1569 1274 1621 ignorata,
1302 1569 1444 1622 partim
1464 1569 1693 1610 voluntaria.

287 1637 477 1689 Ignorata‚
500 1649 585 1688 quae
605 1634 818 1673 necestitate
837 1634 970 1672 effe<fta
988 1635 1089 1673 sunt.
1133 1634 1374 1679 Voluntaria,
1406 1649 1491 1687 quae
1518 1635 1691 1675 consilio.

288 1704 386 1755 Qae
406 1712 535 1740 autem
556 1701 725 1746 fortuna,
757 1701 816 1739 vel
847 1702 1032 1754 ignorata,
1063 1701 1121 1739 vel
1149 1701 1375 1739 voluntaria.
1437 1701 1543 1739 Nam
1566 1702 1693 1753 jacere

286 1769 423 1814 telum,
454 1768 661 1806 voluntatis
682 1767 760 1812 est3
792 1766 905 1805 ferire
934 1781 1053 1819 quem
1074 1768 1254 1813 nolueris,
1287 1767 1462 1806 fortunae.
1523 1768 1585 1805 Ex
1613 1781 1692 1820 quo

286 1835 379 1874 aries
406 1835 473 1872 ille
502 1834 705 1886 subjicitur
734 1834 774 1871 in
806 1833 933 1872 vestris
965 1834 1207 1879 actionibus;
1241 1834 1278 1872 Si
1300 1834 1420 1872 telum
1442 1847 1559 1872 manu
1588 1833 1691 1886 fugit

286 1901 422 1954 magis,
454 1913 571 1953 quam
598 1899 708 1951 jecit.
769 1899 923 1937 Cadunt
954 1899 1071 1937 etiam
1103 1900 1143 1937 in
1174 1900 1469 1952 ignorationem,
1500 1909 1614 1952 atque
1649 1901 1689 1938 in

285 1967 589 2020 imprudentiam
609 1965 912 2019 perturbationes
933 1965 1077 2009 animi3
1111 1979 1195 2017 qua:
1216 1979 1436 2017 quanquam
1460 1966 1531 2004 fint
1548 1966 1688 2004 volun-

284 2033 399 2078 tariae,
444 2032 728 2085 (objurgatione
757 2032 877 2076 enim,
914 2040 951 2068 et
985 2030 1247 2068 admonitione
1274 2031 1524 2082 dejiciuntur)
1559 2040 1688 2070 tamen

284 2098 426 2137 habent
457 2108 581 2137 tantos
604 2107 746 2143 motus,
780 2108 821 2137 ut
852 2111 894 2135 ea
922 2111 1006 2149 quae
1026 2097 1240 2135 voluntaria
1266 2097 1366 2143 sunt,
1395 2106 1459 2135 aut
1491 2098 1688 2136 neceffaria

284 2165 493 2209 interdum,
511 2173 576 2202 aut
597 2173 697 2202 certe
718 2165 900 2216 ignorata,
923 2164 1135 2202 videantur.

342 2227 449 2264 Toto
483 2227 602 2278 igitur
637 2226 722 2263 loco
756 2225 954 2263 causarum
988 2225 1192 2277 explicato,
1231 2239 1277 2263 ex
1307 2238 1437 2263 earum
1471 2224 1685 2263 differentia

283 2292 322 2330 in
344 2292 493 2344 magnis
514 2291 673 2343 quidem
693 2291 809 2328 causis
827 2291 886 2329 vel
907 2300 1116 2336 oratorum,
1148 2291 1207 2329 vel
1229 2290 1552 2343 Philosophorum
1572 2305 1681 2342 mag-

282 2371 330 2396 na
358 2366 675 2409 argumentorum
703 2357 871 2408 suppetit
904 2357 1039 2409 copia:
1073 2357 1112 2394 in
1134 2357 1260 2394 vestris
1280 2366 1409 2394 autem
1430 2357 1455 2394 fi
1487 2370 1563 2393 non
1586 2356 1681 2393 ube-

282 2424 371 2467 rior,
402 2432 440 2460 at
457 2421 605 2460 fortaffe
625 2422 811 2460 subtilior.
855 2423 1004 2460 Privata
1023 2423 1128 2459 enim
1143 2422 1292 2474 judicia
1312 2423 1568 2461 maximarum
1590 2421 1679 2473 qui-

281 2489 371 2528 dem
405 2502 546 2534 rerum,
580 2488 621 2527 in
650 2488 1009 2541 jurisconsultorum
1041 2487 1142 2527 mihi
1170 2488 1346 2527 videntur
1377 2487 1445 2526 effe
1464 2487 1678 2541 prudentia.

383 2556 421 2595 T
436 2569 459 2594 o
476 2568 527 2594 M.
560 2554 593 2594 Ι.
1269 2556 1304 2592 R
1321 2568 1342 2594 i·
1363 2568 1379 2591 r
