2176 2912
435 201 512 243 322
781 190 894 229 DE
973 188 1489 229 ORATORE.

482 286 529 323 In
549 296 628 336 quo
646 282 745 321 illud
765 282 817 321 est
835 283 894 321 vel
915 283 1148 327 maximum,
1164 282 1282 335 quod,
1307 281 1433 321 versus
1454 282 1494 319 in
1511 280 1680 322 oratione
1700 281 1726 320 fi
1746 282 1832 320 effi-

432 351 534 389 citur
554 349 824 401 conjunetione
842 349 1063 393 verborum,
1080 349 1221 387 vitium
1237 348 1290 387 est
1304 367 1317 393 5
1338 357 1375 386 et
1396 357 1524 387 tamen
1540 361 1625 387 eam
1641 348 1831 400 conjunc-

433 419 594 462 tionem,
625 416 735 454 ficuti
755 415 919 460 versum,
951 415 1150 453 numerose
1178 415 1321 460 cadere,
1353 424 1389 452 et
1416 415 1610 467 quadrare,
1641 424 1679 453 et
1697 414 1832 467 perfici

431 482 626 521 volumus.
669 482 811 534 Neque
830 480 883 518 est
909 495 956 518 ex
976 481 1110 518 multis
1131 495 1188 519 res
1209 494 1296 525 una,
1328 494 1411 533 quae
1432 481 1553 533 magis
1574 490 1763 519 oratorem
1782 479 1830 518 ab

431 548 611 600 imperito
644 547 796 585 dicendi
830 547 1039 598 ignaroque
1070 547 1290 598 distinguat,
1335 560 1452 598 quam
1486 546 1592 598 quod
1624 545 1691 585 ille
1724 545 1830 584 rudis
1877 553 1881 555 '

429 614 628 651 incondite
647 612 790 655 fundit,
814 622 1003 664 quantum
1024 612 1159 663 potest,
1190 622 1228 648 et
1248 611 1301 655 id,
1325 612 1430 662 quod
1449 612 1558 656 dicit,
1579 611 1728 664 spiritu,
1750 625 1830 649 non

429 689 520 724 arte,
557 679 785 716 determinat
800 695 812 721 ;
844 687 967 715 orator
997 686 1127 714 autem
1146 677 1195 714 sic
1226 676 1352 728 illigat
1370 677 1596 715 sententiam
1616 677 1754 720 verbis,
1785 686 1832 714 ut

429 758 514 784 eam
534 757 696 782 numero
717 743 886 795 quodam
906 742 1198 795 complectatur,
1220 751 1258 780 et
1277 742 1466 787 adstricto,
1487 751 1526 780 et
1545 742 1682 780 soluto.
1720 742 1829 780 Nam

428 823 520 848 cum
540 810 665 848 vinxit
683 808 809 847 modis
831 818 869 846 et
887 807 1025 853 forma,
1056 809 1198 847 relaxat
1217 818 1254 846 et
1274 808 1409 846 liberat
1429 808 1702 846 immutatione
1721 807 1829 847 ordi-

427 876 501 921 nis,
534 885 577 914 ut
610 875 723 913 verba
750 888 875 927 neque
894 875 1047 927 alligata
1076 875 1148 913 fint
1168 874 1270 927 quasi
1301 883 1402 913 certa
1431 875 1558 927 aliqua
1582 875 1666 928 lege
1685 873 1827 919 versus,

427 955 552 995 neque
570 942 628 979 ita'
642 941 776 986 soluta,
794 950 838 978 ut
855 951 1054 993 vagentur.

473 1008 602 1046 XLV.
636 1008 819 1057 Qonam
840 1007 959 1059 igitur
978 1007 1097 1045 modo
1117 1016 1270 1046 tantum
1289 1021 1433 1045 munus
1452 1005 1681 1051 insistemus,
1701 1015 1744 1044 ut
1763 1020 1824 1044 ar-

426 1072 615 1111 bitremur
645 1085 713 1110 nos
744 1070 844 1109 hanc
875 1073 957 1110 vim
977 1072 1174 1110 numerose
1194 1072 1347 1110 dicendi
1367 1071 1549 1123 consequi
1567 1071 1698 1123 poffe?
1729 1072 1827 1110 Non

424 1138 477 1176 est
496 1151 552 1176 res
572 1147 653 1176 tam
680 1137 864 1183 difficilis,
899 1151 1016 1190 quam
1039 1137 1250 1176 neceffaria.
1283 1136 1400 1175 Nihil
1420 1137 1474 1175 est
1493 1137 1598 1174 enim
1615 1145 1694 1175 tam
1715 1145 1825 1175 tene-

425 1218 527 1249 rum,
559 1218 683 1256 neque
703 1213 783 1242 tam
804 1203 988 1248 flexibile,
1011 1217 1134 1256 neque
1154 1203 1259 1256 quod
1279 1213 1360 1242 tam
1378 1202 1492 1241 facile
1511 1202 1701 1255 sequatur,
1723 1216 1824 1255 quo-

423 1283 577 1323 cunque
597 1271 726 1315 ducas,
755 1283 873 1322 quam
900 1270 1035 1308 oratio.
1080 1271 1143 1308 Ex
1162 1269 1235 1308 hac
1254 1269 1394 1315 versus,
1430 1283 1477 1308 ex
1496 1269 1630 1308 eadem
1660 1268 1824 1321 dispares

422 1337 590 1381 numeri,
626 1335 887 1377 conficiuntur
902 1354 914 1380 ς
945 1349 991 1374 ex
1025 1335 1097 1374 hac
1131 1335 1212 1375 haec
1233 1336 1350 1374 etiam
1382 1335 1502 1374 soluta
1536 1335 1646 1373 variis
1679 1334 1822 1378 modis,

420 1403 716 1455 multorumque
735 1416 919 1455 generum
941 1403 1075 1441 oratio.
1094 1403 1189 1441 Non
1209 1404 1314 1441 enim
1334 1402 1422 1441 sunt
1440 1402 1513 1440 alia
1532 1401 1728 1445 sermonis,
1749 1401 1824 1440 alia

420 1469 694 1513 contentionis,
716 1469 831 1506 verba
844 1487 856 1513 3
883 1482 1007 1521 neque
1027 1483 1073 1508 ex
1093 1469 1167 1507 alio
1187 1483 1322 1522 genere
1341 1469 1387 1507 ad
1403 1468 1515 1507 usum
1532 1467 1819 1520 quotidianum,

420 1534 494 1572 alio
514 1534 559 1572 ad
579 1533 732 1571 scenam
751 1547 1014 1586 pompamque
1034 1534 1239 1572 sumuntur
1250 1552 1262 1578 ;
1294 1533 1356 1572 sed
1377 1547 1419 1572 ea
1451 1547 1520 1572 nos
1541 1546 1633 1574 cum
1654 1533 1822 1585 jacentia

419 1600 640 1638 sustulimus
670 1612 690 1637 e
711 1599 855 1644 medio,
886 1599 980 1637 ficut
1000 1598 1266 1637 molliffimam
1284 1613 1425 1643 ceram,
1455 1599 1502 1637 ad
1522 1599 1695 1638 nostrum
1709 1599 1818 1640 arbi—

419 1667 539 1704 trium
559 1664 772 1703 formamus
791 1674 829 1702 et
862 1664 1062 1717 fingimus.
1109 1666 1244 1717 Itaque
1278 1675 1364 1704 tum
1390 1678 1519 1717 graves
1551 1664 1696 1709 sumus,
1731 1674 1820 1704 tum

417 1731 589 1777 subtiles,
612 1740 698 1770 tum
717 1730 894 1770 medium
914 1730 1098 1782 quiddam
1119 1740 1294 1769 tenemus
1314 1746 1322 1768 :
1346 1730 1394 1769 fic
1415 1730 1630 1768 institutam
1650 1730 1819 1769 nostram

416 1797 644 1836 sententiam
676 1797 848 1848 sequitur
877 1797 1058 1834 orationis
1099 1810 1246 1848 genus3
1292 1797 1408 1849 idque
1434 1797 1480 1834 ad
1509 1809 1669 1834 omnem
1698 1797 1815 1835 ratio-

415 1878 520 1908 nem,
551 1873 588 1902 et
621 1864 774 1901 aurium
793 1864 1046 1917 voluptatem,
1076 1873 1113 1901 et
1133 1863 1353 1902 animorum
1374 1872 1543 1908 motum,
1575 1872 1748 1902 mutatur
1777 1871 1817 1901 et

415 1929 594 1968 vertitur.'

470 1997 554 2040 Sed,
577 2006 620 2034 ut
640 1996 680 2033 in
700 1995 890 2048 plerisque
910 1995 1021 2034 rebus
1042 1995 1318 2033 incredibiliter
1338 1995 1413 2033 hoc
1434 2005 1566 2032 natura
1585 1994 1637 2032 est
1657 1993 1734 2046 ipsa
1753 1993 1812 2032 fa·

415 2063 571 2107 bricam,
604 2063 654 2100 fic
684 2063 724 2100 in
745 2063 915 2100 oratione
931 2080 942 2107 ;
974 2071 1018 2100 ut
1050 2075 1105 2106 ea,
1142 2075 1226 2113 quae
1253 2062 1467 2100 maximam
1487 2060 1694 2098 utilitatem
1714 2060 1755 2098 in
1776 2060 1813 2098 se

412 2129 667 2172 continerent,
702 2128 834 2165 eadem
864 2127 1048 2165 haberent
1078 2127 1295 2180 plurimum
1315 2127 1372 2164 vel
1394 2126 1605 2178 dignitatis,
1633 2125 1691 2164 vel
1718 2126 1812 2178 saepe

413 2195 529 2232 etiam
546 2194 761 2231 venustatis.
795 2193 1080 2231 Incolumitatis
1100 2206 1143 2230 ac
1164 2192 1291 2230 salutis
1312 2192 1491 2230 omnium
1509 2191 1616 2230 causa
1636 2192 1810 2230 videmus

412 2261 517 2299 hunc
534 2260 673 2298 statum
693 2259 762 2297 esse
776 2258 891 2312 hujus
908 2260 1026 2297 totius
1043 2259 1195 2304 mundi,
1216 2268 1329 2311 atque
1350 2269 1515 2303 naturae,
1538 2258 1749 2297 rotundum
1766 2268 1811 2296 ut

412 2328 565 2371 caelum,
588 2336 757 2378 terraque
780 2335 821 2363 ut
841 2325 965 2363 media
986 2325 1044 2370 fit,
1066 2338 1184 2378 eaque
1203 2325 1266 2363 sua
1281 2326 1319 2363 vi
1334 2335 1509 2378 nutuque
1531 2334 1701 2364 teneatur
1714 2343 1726 2369 ς
1754 2324 1809 2363 sol

412 2402 455 2430 ut
474 2390 779 2436 circumferatur,
814 2401 856 2429 ut
876 2391 1029 2429 accedat
1049 2391 1096 2428 ad
1116 2391 1289 2429 brumale
1309 2391 1475 2444 fignum,
1509 2400 1547 2429 et
1567 2390 1654 2429 inde
1673 2390 1810 2429 senfim

412 2458 583 2496 ascendat
605 2459 643 2495 in
660 2457 842 2496 diversam
863 2466 1010 2509 partem
1028 2476 1039 2503 5
1074 2466 1115 2496 ut
1135 2457 1224 2495 luna
1245 2456 1386 2495 acceffu
1407 2466 1445 2495 et
1466 2455 1605 2496 receffu
1634 2456 1700 2496 suo
1720 2455 1807 2496 solis
