2176 2912
730 159 1453 217 ORATORIBUS.
1720 201 1797 243 393

380 244 556 284 assecuti.
618 249 694 288 Cn.
730 261 860 291 autem
887 256 1079 297 Lentulus
1107 261 1376 313 Marcellinus,
1408 283 1477 308 nec
1500 285 1669 326 unquam
1690 278 1793 318 indi-

380 308 520 356 sertus,
551 322 589 350 et
609 313 650 350 in
670 317 871 356 consulatu
904 323 1156 376 pereloquens
1177 329 1276 368 visus
1298 332 1364 378 est,
1396 348 1473 374 non
1493 339 1621 378 tardus
1641 342 1792 383 senten-

384 375 463 420 tiis,
488 390 563 414 non
584 378 696 432 inops
718 383 857 429 verbis,
880 400 972 425 voce
991 402 1141 437 canora,
1172 393 1317 435 facetus
1338 398 1438 439 satis.
1486 404 1534 442 C.
1557 405 1790 455 Memmius,

379 440 429 478 L.
453 441 570 488 filius,
592 445 782 497 perfectus
803 449 938 498 literis,
974 455 1037 493 sed
1059 457 1233 506 Graecis;
1266 462 1478 505 fastidiosus
1513 469 1598 508 sane
1629 474 1787 515 Latina-

378 519 470 545 rum
487 526 498 552 ;
531 521 686 562 argutus
707 525 846 561 orator,
884 520 1084 574 verbisque
1110 526 1248 573 dulcis,
1280 529 1341 568 sed
1372 530 1525 586 fugiens
1561 550 1637 575 non
1671 543 1789 580 modo

378 571 550 620 dicendi,
573 590 707 617 verum
727 581 846 620 etiam
866 586 1062 638 cogitandi
1083 589 1267 640 laborem,
1286 604 1437 637 tantum
1458 600 1527 639 fibi
1547 602 1593 640 de
1608 602 1788 645 facultate

378 638 557 686 detraxit,
580 655 772 695 quantum
792 649 995 692 imminuit
1014 655 1220 699 industriae.

434 707 586 748 LXXI.
619 712 710 750 Hoc
731 713 818 755 loco
838 717 993 766 Brutus,
1026 723 1158 774 Qam
1178 727 1332 775 vellem,
1354 730 1497 784 inquit,
1528 735 1575 774 de
1590 735 1650 775 his
1668 739 1785 779 etiam

371 774 600 821 oratoribus,
633 779 700 830 qui
732 779 850 820 hodie
869 784 968 831 sunt,
1001 788 1073 827 tibi
1106 791 1231 831 dicere
1262 795 1425 837 luberet.
1485 801 1552 846 Et,
1584 803 1611 841 fi
1631 803 1679 842 de
1698 806 1780 845 aliis

373 838 521 884 minus,
553 841 600 879 de
619 842 770 884 duobus
792 857 934 895 tamen,
967 866 1064 905 quos
1095 870 1116 893 a
1147 866 1184 896 te
1202 859 1280 898 scio
1300 861 1444 902 laudari
1475 865 1605 913 solere,
1637 871 1782 910 Caesare

370 913 410 942 et
443 905 649 954 Marcello,
695 912 867 953 audirem
905 930 983 956 non
1014 921 1144 960 minus
1186 924 1376 974 lubenter,
1421 945 1539 982 quam
1573 936 1701 975 audivi
1734 938 1782 976 de

370 969 432 1015 iis,
464 973 533 1024 qui
552 972 725 1015 fuerunt.
765 980 848 1018 Cur
867 983 1038 1030 tandem,
1069 987 1231 1041 inquam
1250 993 1264 1030 ?
1294 1007 1342 1032 an
1362 996 1566 1049 exspectas,
1594 1002 1689 1053 quid
1708 1016 1779 1056 ego

361 1035 539 1086 judicem
571 1040 617 1078 de
648 1042 740 1088 istis,
772 1046 840 1097 qui
862 1048 934 1086 tibi
965 1050 1053 1090 sunt
1072 1067 1179 1106 aeque
1198 1058 1296 1104 noti,
1327 1073 1369 1098 ac
1389 1061 1491 1101 mihi
1510 1065 1523 1102 ?
1562 1066 1671 1105 Mihi
1692 1082 1776 1108 me-
1796 1095 1806 1103 ι

368 1101 539 1150 hercule,
571 1106 713 1160 inquit,
745 1110 957 1153 Marcellus
977 1115 1062 1156 satis
1086 1121 1139 1159 est
1157 1133 1272 1163 notus
1285 1144 1298 1171 ;
1331 1128 1453 1168 Caesar
1472 1140 1602 1171 autem
1622 1147 1774 1187 parum.

368 1168 491 1208 Illum
512 1172 618 1211 enim
639 1174 733 1228 saepe
752 1178 879 1217 audivi
896 1199 907 1225 5
930 1180 1010 1229 hic,
1032 1198 1125 1225 cum
1145 1201 1216 1241 ego
1229 1191 1401 1243 judicare
1414 1196 1498 1248 jam
1518 1198 1666 1252 aliquid
1684 1202 1774 1255 pos-

367 1234 462 1280 sem,
484 1237 622 1278 abfuit.

419 1302 530 1355 Qid
553 1305 673 1358 igitur
703 1309 750 1347 de
784 1311 853 1350 illo
879 1313 1045 1365 judicas,
1077 1333 1194 1372 quem
1225 1322 1319 1377 saepe
1349 1327 1516 1367 audisti?
1549 1331 1658 1383 Qid
1678 1346 1770 1372 cen-

364 1366 433 1413 ses,
465 1369 608 1422 inquit‚
640 1373 708 1412 nifi
734 1375 789 1421 id,
820 1379 926 1431 quod
956 1380 1158 1424 habiturus
1188 1401 1227 1426 es
1260 1390 1427 1431 fimilem
1458 1395 1544 1432 tui?
1576 1397 1650 1436 Nae
1683 1413 1769 1452 ego,

361 1432 539 1486 inquam,
571 1438 597 1476 fi
618 1438 670 1477 ita
689 1441 754 1487 est,
786 1444 905 1484 velim
936 1448 1008 1486 tibi
1038 1464 1129 1490 eum
1158 1454 1306 1506 placere
1326 1462 1644 1510 quammaxime.
1690 1467 1768 1504 At-

358 1500 429 1550 qui
463 1511 501 1539 et
535 1503 587 1541 ita
625 1505 691 1550 est,
736 1508 878 1561 inquit,
920 1522 958 1551 et
989 1515 1236 1558 vehementer
1268 1522 1421 1574 placet;
1466 1540 1535 1565 nec
1570 1542 1659 1567 vero
1692 1531 1769 1570 fine

357 1565 479 1605 causa.
539 1569 647 1609 Nam
677 1582 716 1611 et
751 1574 901 1622 didicit,
946 1588 999 1625 et,
1030 1583 1174 1624 omiffis
1203 1588 1348 1627 caeteris
1382 1590 1530 1638 studiis,
1567 1608 1691 1634 unum
1726 1597 1767 1635 id

355 1631 449 1683 egit,
481 1633 632 1688 seseque
661 1640 896 1690 quotidianis
929 1652 1323 1693 commentationibus
1359 1658 1540 1696 acerrime
1575 1663 1762 1701 exercuit.

355 1696 490 1749 Itaque
526 1711 563 1739 et
594 1702 700 1741 lectis
736 1708 858 1745 utitur
894 1712 1031 1758 verbis,
1077 1724 1114 1753 et
1146 1716 1445 1771 frequentibus5
1495 1734 1533 1763 et
1566 1726 1764 1779 splendore

354 1764 474 1809 vocis,
505 1775 544 1804 et
577 1768 762 1821 dignitate
797 1775 925 1814 motus
954 1778 998 1816 fit
1029 1779 1238 1833 speciosum
1272 1797 1311 1825 et
1332 1789 1489 1836 illustre,
1521 1793 1625 1845 quod
1659 1794 1759 1833 dici-

354 1837 444 1874 tur;
477 1833 687 1887 omniaque
707 1836 755 1874 fic
776 1838 996 1893 suppetunt,
1029 1856 1071 1884 ut
1090 1849 1123 1885 ei
1156 1851 1302 1890 nullam
1324 1855 1443 1894 deefl'e
1470 1857 1653 1898 virtutem
1673 1874 1757 1899 ora-

353 1896 446 1934 toris
479 1907 643 1949 putem;
676 1904 923 1959 maximeque
959 1910 1168 1953 laudandus
1203 1917 1269 1962 est,
1300 1921 1367 1972 qui
1390 1920 1464 1961 hoc
1495 1933 1669 1977 ternpore
1694 1928 1758 1980 ip-

349 1959 403 2005 so,
435 1975 527 2001 cum
560 1965 684 2013 liceat,
716 1969 755 2006 in
783 1970 857 2010 hoc
887 1980 1090 2017 communi
1122 1982 1262 2028 nostro,
1293 1994 1330 2022 et
1362 1988 1463 2038 quasi
1499 1989 1603 2028 fatali
1637 1994 1754 2038 malo,

348 2026 567 2068 consoletur
586 2031 622 2070 se
642 2046 734 2072 cum
755 2038 986 2080 conscientia
1015 2046 1173 2097 optimae
1194 2050 1348 2096 mentis,
1385 2061 1470 2092 tum
1504 2056 1620 2094 etiam
1645 2058 1753 2096 usur-

348 2093 501 2143 patione
531 2105 568 2134 et
600 2102 844 2141 renovatione
878 2106 1071 2149 doctrinae.
1132 2113 1224 2151 Vidi
1258 2116 1365 2154 enim
1393 2118 1596 2170 Mytilenis
1633 2137 1753 2177 nuper

346 2157 488 2204 virum,
519 2171 633 2215 atque
657 2165 718 2216 (ut
738 2168 837 2221 dixi)
860 2172 937 2210 vidi
956 2175 1067 2226 plane
1088 2177 1231 2218 virum.
1264 2182 1399 2235 Itaque
1420 2199 1511 2224 cum
1534 2201 1623 2226 eum
1644 2199 1752 2227 antea

344 2223 404 2260 tui
424 2224 587 2266 similem
608 2230 648 2268 in
665 2231 827 2274 dicendo
843 2238 1020 2286 viderim,
1039 2251 1124 2281 tum
1145 2259 1233 2284 vero
1254 2261 1357 2286 nunc
1378 2264 1397 2287 a
1418 2252 1632 2291 dodtiffimo
1654 2255 1746 2301 virO,

344 2288 506 2342 tibique,
536 2304 578 2332 ut
599 2296 787 2345 intellexi,
819 2305 1047 2346 amiciffimo
1080 2311 1267 2366 Cratippo
1299 2316 1527 2357 instruc‘tum
1549 2322 1657 2358 omni
1678 2334 1745 2359 co-

342 2354 419 2406 pia,
452 2359 578 2397 multo
599 2362 774 2403 videbam
792 2368 1029 2413 fimiliorem.

396 2423 477 2461 Hic
497 2438 581 2479 ego,
615 2429 709 2478 Etfi,
742 2432 915 2487 inquam,
947 2440 993 2479 de
1022 2443 1163 2496 optimi
1184 2446 1269 2492 viri,
1308 2450 1492 2503 nobisque
1527 2451 1742 2491 amiciffimi

1264 2514 1300 2551 D
1320 2515 1342 2554 d
1364 2516 1387 2553 d
1420 2529 1440 2554 2
