2176 2912
465 220 545 259 410
808 206 1527 247 DE.CLARIS

524 297 797 337 LXXXVIII.
842 298 1072 336 Hortensius
1103 298 1236 351 igitur,
1277 312 1371 337 cum
1414 297 1626 337 admodum
1656 297 1877 337 adolescens

468 364 574 403 orsus
599 363 688 402 effet
718 364 759 402 in
789 362 874 402 foro
904 364 1046 410 dicere,
1074 365 1247 403 celeriter
1275 365 1323 403 ad
1352 366 1512 417 majores
1543 364 1668 403 causas
1698 363 1875 404 adhiberi

469 440 620 484 coeptus
641 431 709 469 est.
753 432 989 483 Qanquam
1020 431 1204 470 inciderat
1235 432 1275 469 in
1296 433 1435 477 Cottae,
1465 440 1503 470 et
1523 432 1685 485 Sulpicii
1706 440 1874 476 aetatem,

469 498 539 550 qui
570 498 678 536 annis
709 497 843 536 decem
873 499 1049 550 majores,
1084 498 1294 536 excellente
1324 508 1410 536 tum
1431 498 1575 543 Craffo,
1615 507 1653 536 et
1682 498 1899 546 Antonio„

470 563 608 602 deinde
628 562 826 616 Philippo,
855 563 940 616 post
958 565 1080 615 julio,
1112 578 1205 602 cum
1225 564 1271 602 iis
1292 564 1379 617 ipfis
1399 564 1551 602 dicendi
1570 564 1693 617 gloria
1711 577 1873 617 compa-

470 629 639 668 rabatur.
688 630 868 667 Primum
888 630 1076 667 memoria
1107 638 1223 679 tanta,
1254 637 1439 681 quantam
1459 629 1499 667 in
1520 630 1628 667 nullo
1659 629 1878 682 cognoviss‘e

470 709 535 734 me
555 683 731 740 arbitror,
763 703 821 739 ut,
851 708 937 746 quae
967 695 1098 732 secum
1124 703 1409 733 commentatus
1429 695 1531 739 estet,
1559 708 1602 733 ea
1626 695 1703 733 fine
1733 695 1879 747 scripto

469 762 594 801 verbis
633 761 774 799 eisdem
814 760 1000 806 redderet,
1039 761 1180 814 quibus
1218 761 1464 813 cogitaviffet.
1524 762 1616 800 Hoc
1649 762 1877 813 adjumento

469 827 538 866 ille
558 837 663 866 tanto
683 827 732 865 fic
753 827 944 873 utebatur,
967 836 1012 865 ut
1030 828 1094 866 sua
1113 837 1150 865 et
1170 837 1444 873 commentata,
1476 837 1514 866 et
1533 828 1688 881 scripta,
1711 837 1763 873 et,
1782 827 1875 866 nul-

468 895 509 932 lo
538 893 738 939 referente,
769 895 903 933 omnia
935 894 1233 933 adversariorum
1266 895 1365 933 dicta
1397 895 1646 934 meminisset.
1703 894 1884 934 Ardebatv

470 971 600 1000 autem
620 961 830 1014 cupiditate
850 961 915 1006 fic,
943 969 986 999 ut
1006 961 1046 999 in
1066 961 1175 998 nullo
1196 975 1369 1013 unquam
1389 960 1606 1014 flagrantius
1627 961 1797 999 studium
1812 961 1879 999 vi·-

470 1028 610 1067 derim.
656 1028 829 1066 Nullum
850 1028 955 1066 enirn
982 1028 1195 1080 patiebatur
1215 1028 1285 1066 effe
1306 1028 1423 1073 diem,
1446 1029 1541 1081 quin
1561 1037 1627 1066 aut
1646 1028 1686 1066 in
1706 1027 1792 1066 foro
1811 1027 1879 1066 di-

470 1103 588 1140 ceret,
617 1103 683 1132 aut
709 1094 958 1132 meditaretur
991 1103 1095 1132 extra
1132 1093 1278 1133 forum..
1337 1094 1543 1147 Saepiffime
1576 1103 1707 1132 autem
1739 1094 1879 1132 eodem

471 1160 533 1200 die
553 1170 764 1212 utrumque
782 1158 960 1198 faciebat.
1019 1161 1291 1212 Attuleratque
1311 1160 1477 1198 minime
1497 1160 1653 1212 vulgare
1672 1173 1791 1212 genus
1813 1159 1876 1197 di·

470 1222 610 1260 cendi:
643 1222 734 1259 duas
768 1221 929 1273 quidem
950 1235 1021 1267 res,
1053 1235 1153 1274 quas*
1180 1235 1297 1260 nemo
1317 1221 1412 1259 alius
1431 1240 1443 1267 3
1474 1221 1710 1274 partitiones,
1733 1220 1877 1274 quibus

470 1288 516 1326 de
550 1288 662 1326 rebus
697 1287 867 1326 djourus
901 1287 1003 1332 effet,
1034 1296 1072 1325 et
1101 1288 1361 1333 collectiones,
1392 1301 1544 1326 memor
1577 1297 1616 1325 et
1648 1302 1732 1340 quae
1758 1287 1879 1326 effent

469 1355 571 1393 dicta
589 1364 740 1400 contra,
767 1369 929 1407 quaeque
955 1355 1034 1408 ipse
1053 1355 1217 1394 dixiffet.
1278 1356 1373 1394 Erat
1390 1355 1430 1393 in
1452 1356 1658 1394 verborum
1678 1354 1884 1407 splendore·

470 1421 635 1473 elegans,
677 1421 955 1473 compositione
987 1430 1113 1474 aptus,
1164 1421 1346 1459 facultate
1389 1421 1592 1474 copiosus;
1641 1434 1760 1473 eaque
1797 1429 1881 1458 erat·

470 1500 562 1527 cum
583 1487 736 1525 summo
756 1487 926 1539 ingenio,
949 1496 1035 1525 tum
1055 1488 1390 1526 exercitationibus
1412 1487 1608 1532 maximis,
1631 1487 1878 1526 consecutus..

470 1553 574 1591 Rem
604 1553 932 1604 complectebatur
965 1554 1202 1597 memoriter,
1234 1554 1431 1591 dividebat
1461 1563 1590 1598 acute„
1628 1567 1698 1590 nec
1718 1561 1883 1605 praeter-m

470 1617 651 1657 mittebat
670 1617 749 1654 fere
769 1617 998 1669 quidquam,
1033 1617 1139 1669 quod
1158 1617 1245 1656 efi'et
1264 1618 1304 1655 in
1325 1618 1447 1663 causa,
1482 1627 1547 1656 aut
1571 1618 1617 1656 ad
1637 1617 1881 1655 confirmatu*

469 1684 582 1730 dum,
603 1692 669 1722 aut
687 1683 734 1722 ad
753 1682 1021 1722 refellendum.
1055 1684 1143 1722 Vox
1158 1697 1294 1722 canora
1309 1694 1347 1722 et
1366 1684 1501 1722 suavis.
1540 1685 1676 1722 Motus
1696 1693 1734 1721 et
1749 1683 1875 1736 gestus

470 1751 589 1789 etiam
608 1750 694 1804 plus
714 1750 803 1789 artis
837 1748 1017 1795 habebat,
1048 1763 1165 1801 quam
1195 1759 1274 1788 erat
1302 1751 1441 1789 oratori
1472 1750 1572 1789 satis.
1632 1751 1724 1789 Hoc
1755 1749 1876 1802 igitur

469 1816 703 1861 florescente,
736 1815 884 1854 Crassus
904 1815 957 1854 est
976 1825 1165 1861 mortuus,
1195 1817 1311 1855 Cotta
1330 1816 1474 1870 pulsus,
1500 1816 1648 1869 judicia
1666 1815 1885 1855 intermissa*

470 1883 588 1928 bello,
614 1896 688 1937 *nos
708 1882 749 1920 in
769 1880 899 1920 forum
920 1882 1110 1920 venimus.

526 1949 759 1988 LXXXIX.
791 1949 884 1986 Erat
904 1949 1132 1987 Hortensius
1153 1949 1193 1986 in
1214 1949 1329 1993 bello,
1348 1949 1475 2002 primo
1495 1962 1596 1987 anno
1614 1948 1741 1993 miles,
1757 1947 1885 1986 altero<

470 2015 649 2054 tribunus
670 2015 869 2053 militum:
903 2015 1095 2068 Sulpicius
1116 2015 1262 2067 legatus
1284 2015 1423 2060 aberat,
1441 2016 1556 2052 etiam
1573 2015 1636 2052 M.
1652 2014 1873 2052 Antonius:

471 2082 717 2120 exercebatur
750 2081 827 2119 una
860 2081 944 2134 lege
972 2082 1169 2133 judicium
1192 2082 1318 2125 Varia,
1363 2081 1504 2119 caeteris
1539 2089 1694 2133 propter
1725 2080 1876 2119 bellum

471 2147 690 2185 intermiffis
708 2162 717 2185 ε
750 2147 819 2199 qui
838 2146 1057 2198 frequentes
1089 2146 1241 2184 aderant
1264 2147 1501 2198 (quanquam
1523 2159 1590 2199 pro
1621 2146 1656 2182 se
1678 2146 1746 2199 ipsi
1767 2146 1873 2184 dice-

473 2214 582 2265 bant)
614 2221 777 2251 oratores
809 2226 888 2250 non
915 2212 973 2250 illi
1004 2212 1163 2264 quidem
1197 2213 1389 2265 principes
1416 2213 1465 2251 L.
1489 2212 1722 2257 Memmius,
1758 2221 1796 2250 et
1817 2213 1886 2266 Q

474 2278 698 2330 Pompeius,
730 2278 790 2315 sed
825 2286 989 2315 oratores
1025 2286 1173 2321 tamen,
1201 2277 1289 2315 teste
1310 2277 1446 2315 diserto
1483 2288 1642 2330 uterque
1674 2276 1874 2331 Philippo,

475 2345 584 2396 cujus
619 2344 659 2382 in
694 2343 914 2381 testimonio
943 2343 1141 2381 contentio
1174 2352 1211 2380 et
1247 2344 1325 2381 vim
1357 2343 1579 2381 accusato-ris
1614 2343 1790 2389 habebat,
1836 2352 1874 2381 et

474 2411 642 2463 copiam.
680 2409 853 2461 Reliqui,
875 2410 943 2462 qui
965 2418 1049 2447 tum
1069 2410 1260 2462 principes
1281 2410 1592 2454 numerabantur,
1614 2410 1654 2448 in
1675 2409 1874 2463 magistra-

474 2476 577 2516 tibus
608 2485 727 2522 erant,
759 2476 1008 2529 quotidieque
1029 2475 1106 2513 fere
1135 2489 1154 2513 a
1175 2476 1285 2514 nobis
1315 2476 1355 2514 in
1390 2476 1642 2514 concionibus
1663 2475 1872 2514 audieban-

476 2555 551 2585 tur.
611 2543 704 2582 Erat
738 2543 843 2582 enim
880 2543 1056 2582 tribunus
1090 2542 1214 2595 plebis
1237 2535 1397 2582 tum'C.
1423 2542 1569 2589 Curio,
1601 2554 1821 2595 quanquam
1841 2540 1874 2578 is
