2176 2912
781 142 1311 182 ORATOR.
1674 154 1752 194 443

346 234 639 278 admirarentur,
661 249 778 287 quam
800 235 834 272 se
855 235 995 288 affequi
1016 235 1117 288 poffe
1143 234 1374 273 diffiderent.
1412 235 1544 287 Hujus
1565 234 1752 286 eloquen-

347 301 410 339 tiae
430 300 483 337 est
503 302 658 338 tractare
678 301 842 344 animos,
861 299 926 352 huj
935 315 977 339 us
992 301 1101 339 omni
1124 300 1241 338 modo
1254 314 1486 352 permovere.
1520 302 1617 339 Haec
1637 300 1754 338 modo

347 365 565 418 perfringit,
587 365 705 403 modo
726 366 857 418 irrepit
877 367 916 404 in
938 365 1062 405 sensus
1075 385 1087 412 3
1120 367 1251 404 inserit
1271 380 1385 405 novas
1406 367 1621 419 opiniones,
1649 366 1752 404 evel-

346 430 393 468 lit
414 430 555 468 inlitas.

401 496 474 534 Sed
507 496 682 534 multum
716 497 869 535 interest
900 498 998 536 inter
1028 497 1104 537 hoc
1135 498 1290 536 dicendi
1320 511 1455 550 genus,
1486 506 1523 535 et
1550 497 1750 550 superiora.

347 562 430 615 Qi
465 563 505 601 in
540 563 609 602 illo
643 563 774 602 subtili
814 573 852 602 et
886 574 999 603 acuto
1033 564 1255 610 elaboravit,
1298 574 1341 603 ut
1374 564 1512 603 callide
1544 573 1754 616 arguteque

345 629 502 674 diceret,
524 643 595 668 nec
616 630 832 683 quidquam
858 631 972 669 altius
990 632 1175 684 cogitaret
1191 650 1202 676 ς
1234 630 1310 670 hoc
1331 645 1409 670 uno
1437 629 1621 684 perfecto,
1642 643 1752 682 mag-

346 707 418 732 nus
438 704 565 734 orator
585 695 651 740 est,
684 696 711 734 fi
731 710 807 734 non
829 697 1024 735 maximus
1040 715 1052 743 ς
1084 697 1328 749 minimeque
1353 697 1394 734 in
1415 696 1567 734 lubrico
1587 694 1752 733 versabi-

344 768 422 805 tur,
452 770 505 806 et‚
527 760 553 798 fi
574 760 690 799 semel
710 762 935 807 constiterit,
957 776 1160 815 nunquam
1180 762 1302 800 cadet.
1340 762 1500 800 Medius
1520 761 1587 798 ille
1607 769 1751 805 autem,

345 839 466 877 quem
497 826 701 865 modicum
731 837 767 865 et
788 837 1045 880 temperatum
1066 841 1176 873 voco,
1208 827 1374 866 simodo
1403 827 1516 865 suum
1536 826 1635 864 illud
1666 826 1753 865 satis

343 892 580 938 instruxerit,
610 906 689 932 non
709 894 927 932 extimescit
946 894 1132 947 ancipites
1163 894 1317 932 dicendi
1348 893 1589 946 incertosque
1617 892 1751 939 casus3

342 958 474 1005 etiam,
510 959 693 1013 siquando
726 961 857 1000 minus
887 961 1078 1007 succedet,
1110 971 1153 999 ut
1184 961 1278 1014 saepe
1308 960 1367 1007 fit,
1403 974 1592 1013 magnum
1623 970 1753 1000 tamen

344 1025 565 1077 periculum
586 1040 663 1064 non
694 1027 829 1066 adibit.
890 1027 981 1065 Alte
1001 1027 1108 1066 enim
1127 1027 1259 1066 cadere
1287 1040 1364 1066 non
1385 1027 1521 1080 potest.
1580 1027 1638 1064 At
1666 1040 1755 1066 vero

344 1089 411 1130 hic
442 1092 580 1138 noster,
622 1106 740 1145 quem
770 1094 988 1147 principem
1019 1094 1217 1147 ponimus,
1248 1094 1388 1147 gravis,
1420 1107 1517 1138 acer,
1548 1093 1696 1138 ardens,
1727 1093 1753 1131 fi

346 1158 394 1195 ad
423 1156 500 1197 hoc
533 1173 659 1197 unum
692 1159 745 1197 est
765 1169 891 1206 natus,
923 1169 989 1199 aut
1024 1153 1171 1199 in'hoc
1192 1160 1271 1199 solo
1292 1160 1327 1198 se
1347 1160 1532 1205 exercuit,
1564 1168 1630 1198 aut
1659 1159 1754 1198 huic

344 1226 475 1278 generi
495 1225 618 1264 studet
639 1226 721 1271 uni,
754 1240 824 1265 nec
844 1226 950 1265 suam
970 1227 1123 1280 copiam
1144 1241 1236 1265 cum
1268 1227 1346 1265 illis
1376 1227 1527 1265 duobus
1547 1226 1753 1280 generibus

344 1293 586 1345 temperavit,
617 1294 787 1331 maxime
812 1293 865 1332 est
894 1294 1217 1333 contemnendus.
1278 1293 1348 1332 Ille
1376 1294 1483 1332 enim
1518 1293 1753 1340 summissus,

345 1359 452 1411 quod
482 1369 593 1398 acute
626 1369 665 1398 et
696 1361 915 1399 veteratorie
946 1361 1055 1405 dicit,
1091 1360 1235 1414 sapiens
1264 1360 1372 1412 jam,
1405 1360 1570 1405 medius,
1602 1360 1751 1405 suavis,

344 1423 410 1463 hic
431 1435 560 1464 autem
581 1426 871 1479 copiofiffimus,
903 1427 929 1465 s1
961 1427 1060 1465 nihil
1082 1427 1135 1465 est
1154 1427 1272 1472 aliud,
1302 1427 1367 1465 vix
1388 1427 1473 1464 satis
1495 1426 1604 1465 sanus
1632 1427 1753 1466 videri

343 1490 452 1529 solet.
513 1492 595 1544 Qi
616 1493 721 1530 enim
743 1491 840 1530 nihil
862 1493 985 1545 potest
1005 1492 1224 1545 tranquille,
1253 1491 1352 1532 nihil
1374 1492 1523 1537 leniter,
1543 1491 1643 1530 nihil
1664 1506 1752 1545 par-

343 1557 429 1602 tite,
466 1557 636 1602 definite,
682 1557 872 1603 distincte,
914 1557 1035 1596 facete
1073 1558 1211 1602 dicere,
1256 1557 1465 1610 praesertim
1504 1571 1597 1595 cum
1636 1558 1753 1596 causae

342 1624 486 1676 partim
516 1633 605 1662 totae
626 1624 698 1662 sint
728 1638 773 1662 eo
794 1625 925 1670 modo,
958 1625 1100 1677 partim
1120 1624 1248 1676 aliqua
1267 1638 1313 1662 ex
1344 1633 1449 1677 parte
1470 1623 1669 1662 tractandae
1682 1644 1693 1670 ς
1726 1625 1751 1663 fi

343 1689 375 1726 is
405 1703 484 1727 non
519 1691 735 1742 praeparatis
769 1691 923 1728 auribus
959 1690 1198 1728 inflammare
1219 1704 1301 1728 rem
1332 1690 1466 1742 coepit,
1497 1688 1622 1727 furere
1651 1690 1752 1742 apud

346 1754 465 1800 sanos,
496 1765 533 1793 et
564 1755 667 1807 quafi
688 1756 787 1793 inter
807 1756 950 1794 sobrios
972 1755 1148 1794 bacchari
1168 1756 1386 1794 vinolentus
1408 1756 1571 1794 videtur.
1618 1757 1750 1794 Tene-

346 1834 433 1859 mus
455 1821 588 1873 igitur,
611 1821 742 1865 Brute,
771 1835 889 1873 quem
910 1823 1144 1874 quaerimus;
1176 1822 1239 1860 sed
1259 1823 1401 1861 animo.
1454 1823 1561 1860 Nam
1586 1835 1704 1859 manu
1724 1823 1750 1861 fi

345 1885 641 1939 prehendflsmn,
675 1901 723 1925 ne
743 1887 821 1940 ipse
841 1888 1000 1939 quidem
1030 1887 1094 1925 sua
1114 1887 1217 1925 tanta
1236 1887 1457 1941 eloquentia
1476 1887 1576 1926 mihi
1595 1888 1751 1942 persua-

344 1952 454 1998 sisset,
476 1961 518 1990 ut
539 1953 574 1990 se
595 1953 848 1991 dimitterem.

382 2019 536 2057 XXIX.
561 2020 632 2057 Sed
652 2019 829 2057 inventus
846 2019 1016 2073 profecto
1037 2019 1090 2058 est
1110 2020 1175 2057 ille
1194 2019 1392 2071 eloquenS,
1409 2033 1527 2072 quem
1548 2033 1750 2072 nunquam

344 2084 442 2122 vidit
461 2085 672 2124 Antonius.
733 2086 833 2137 Qis
854 2086 906 2123 est
937 2086 1056 2138 igitur
1087 2086 1117 2123 is
1137 2086 1149 2122 ?
1181 2085 1414 2137 complectar
1435 2085 1555 2131 brevi,
1575 2085 1750 2125 differam

343 2150 536 2202 pluribus.
595 2151 633 2189 Is
668 2151 774 2189 enim
805 2151 857 2189 est
887 2152 1083 2204 eloquens,
1116 2151 1184 2204 qui
1214 2160 1251 2189 et
1282 2150 1449 2189 humilia
1476 2151 1681 2197 subtiliter,
1712 2161 1749 2190 et

344 2229 483 2268 magna
501 2217 679 2268 graviter,
700 2228 737 2255 et
757 2217 966 2256 mediocria
988 2227 1208 2270 temperate,
1231 2217 1353 2270 pote'st
1373 2217 1512 2257 dicere.

400 2282 533 2321 Nemo
553 2283 600 2327 is,
631 2283 796 2335 inquies,
818 2298 991 2336 unquam
1011 2283 1102 2322 fuit.
1141 2284 1205 2322 Ne
1224 2282 1355 2322 fuerit.
1395 2285 1481 2337 Ego
1500 2285 1620 2328 enim,
1652 2282 1748 2335 quid

345 2347 566 2393 desiderem,
598 2362 689 2394 non,
712 2349 806 2401 quid
827 2351 1003 2395 viderim,
1031 2350 1207 2403 disput03
1239 2351 1427 2403 redeoque
1447 2351 1493 2389 ad
1518 2351 1626 2388 illam
1656 2349 1746 2386 Pla-

344 2414 461 2459 tonis,
491 2414 538 2453 de
557 2427 632 2468 qua
651 2415 836 2462 dixeram,
864 2417 918 2457 rei
938 2416 1121 2462 formam,
1153 2425 1192 2455 et
1212 2415 1403 2470 speciem;
1435 2429 1553 2468 quam
1573 2414 1638 2453 etsi
1669 2427 1747 2453 non

1257 2483 1390 2523 Kkk
1422 2495 1444 2522 2
