2176 2912
740 189 1452 232 ORATORIBUS.
1723 197 1793 247 361

403 285 654 330 Consulibus,
674 285 848 336 Qaestor
865 284 1080 329 Gracchus,
1103 286 1280 323 tribunus
1299 287 1465 330 Pennus,
1485 286 1585 324 illius
1601 286 1663 325 M.
1680 286 1796 332 filius,

403 354 471 402 qui
491 365 583 388 cum
605 351 781 402 Qf'fflio
796 350 938 388 Consul
962 349 1059 388 fuit:
1083 350 1144 388 sed
1163 351 1295 388 omnia
1310 352 1340 388 is
1358 351 1506 389 summa
1525 351 1682 403 sperans,
1706 354 1796 390 :rdi-

402 415 509 453 litius
530 415 582 453 est
603 425 792 453 mortuus.
825 416 930 453 Nam
952 415 997 453 de
1018 417 1070 453 T.
1091 416 1326 461 Flaminino,
1349 430 1467 468 quem
1488 417 1564 470 ipse
1584 418 1674 462 vidi,
1698 417 1794 456 nihil

401 481 546 532 accepi,
568 481 635 518 nifi
656 481 792 518 Latine
812 481 1016 533 diligenter
1032 482 1221 520 locutum.

457 545 609 584 XXIX.
643 547 693 584 Iis
714 547 883 598 adjuncti
903 546 989 584 sunt
1010 548 1058 585 C.
1082 548 1216 592 Curio,
1247 548 1308 585 M.
1333 549 1506 592 Scaurus,
1540 549 1584 585 P.
1611 548 1796 593 Rutilum,

403 612 452 649 C.
471 611 686 650 Gracchus.
720 613 782 650 De
795 613 933 650 Scauro
953 621 989 649 et
1010 613 1163 650 Rutilio
1184 613 1345 651 breviter
1366 614 1456 651 licet
1472 613 1608 658 dicere,
1629 627 1798 666 quorum

403 686 536 714 neuter
555 677 699 715 summi
718 678 875 715 oratoris
895 676 1031 715 habuit
1051 678 1217 723 laudem,
1238 688 1274 716 et
1292 687 1450 731 uterque
1471 680 1509 716 in
1528 680 1660 717 multis
1681 679 1796 717 causis

402 741 580 781 versatus.
612 744 705 781 Erat
725 743 765 780 in
785 743 1014 795 quibusdam
1035 743 1230 782 laudandis
1252 745 1355 789 viris,
1371 745 1487 782 etiam
1503 745 1529 782 fi
1551 745 1710 782 maximi
1735 745 1797 782 in*

401 809 506 860 genii
523 822 599 847 non
615 809 742 853 essent,
757 809 966 861 probabilis
982 818 1110 847 tamen
1124 809 1328 855 industria,
1347 824 1567 862 quanquam
1581 811 1625 848 iis
1640 811 1799 863 quidem

401 887 479 912 non
501 876 661 913 omnino
681 875 894 926 ingenium,
923 874 985 911 sed
1004 875 1212 913 oratorium
1232 876 1448 927 ingenium,
1476 875 1611 914 defuit.
1658 877 1799 929 Neque

401 939 508 976 enim
529 939 642 977 refert
660 939 798 984 videre,
821 940 915 992 quid
935 940 1145 978 dicendum
1161 940 1218 985 fit,
1241 941 1308 978 nis]
1331 941 1370 978 id
1384 955 1497 993 queas
1518 942 1638 980 solute
1657 952 1694 980 et
1714 942 1796 980 sua-

401 1006 498 1043 viter
518 1006 654 1045 dicere.
688 1007 752 1045 Ne
768 1007 807 1044 id
823 1007 982 1059 quidem
1003 1006 1087 1044 satis
1109 1007 1174 1052 est,
1197 1007 1263 1045 nifi
1278 1007 1330 1052 id,
1345 1008 1450 1060 quod
1467 1008 1620 1054 dicitur,
1636 1009 1678 1046 fit
1691 1023 1797 1053 voce,

400 1071 527 1116 vultu,
558 1081 746 1124 motuque
766 1073 972 1110 conditius.
1015 1073 1124 1123 Qid
1143 1073 1270 1111 dicam
1289 1087 1385 1126 opus
1405 1074 1475 1112 effe
1493 1073 1692 1112 doeh-ina?
1724 1074 1799 1112 fine

401 1151 479 1189 qua
498 1139 615 1176 etiarn
636 1139 661 1176 fi
681 1139 775 1190 quid
796 1139 891 1176 bene
911 1138 1052 1176 dicitur
1071 1139 1271 1192 adjuvante
1295 1151 1441 1185 natura,
1471 1148 1601 1179 tamen
1626 1142 1680 1186 id,
1711 1142 1801 1194 quia

402 1203 565 1243 fortuito
585 1205 642 1250 s1t,
674 1205 820 1258 semper
839 1214 1014 1258 paratum
1032 1205 1102 1243 effe
1121 1220 1198 1244 non
1219 1207 1354 1259 potest.
1402 1209 1445 1245 In
1467 1208 1595 1245 Scauri
1615 1209 1798 1253 oratione,

403 1270 578 1323 sapientis
609 1271 795 1317 hominis,
826 1281 864 1310 et
891 1272 995 1317 teeti,
1026 1273 1186 1325 gravitas
1214 1273 1376 1319 summa,
1412 1282 1450 1311 et
1480 1275 1660 1312 naturalis
1692 1288 1798 1327 quae-

401 1337 490 1375 dam
511 1339 632 1377 inerat
651 1339 866 1383 auotoritas,
888 1352 966 1376 non
986 1348 1029 1377 ut
1048 1339 1213 1385 causam,
1244 1339 1305 1377 sed
1328 1350 1371 1378 ut
1392 1340 1655 1378 testimonium
1675 1341 1801 1378 dicere

402 1413 567 1455 putares,
600 1419 692 1443 cum
713 1419 782 1458 pro
802 1418 864 1442 reo
884 1404 1038 1444 diceret.
1085 1407 1176 1444 Hoc
1195 1406 1347 1444 dicendi
1374 1420 1491 1459 genus
1518 1407 1565 1444 ad
1592 1407 1801 1459 patrocinia

402 1471 646 1510 mediocriter
675 1481 809 1524 aptum
844 1471 1066 1516 videbatur3
1112 1472 1158 1510 ad
1184 1472 1408 1510 senatoriam
1436 1486 1524 1510 vero
1558 1472 1798 1518 sententiam,

402 1537 512 1588 cujus
532 1546 609 1575 erat
639 1537 704 1575 ille
723 1538 914 1590 princeps,
936 1537 993 1575 vel
1015 1538 1198 1576 maxime.
1235 1538 1481 1590 Significabat
1493 1539 1596 1576 enim
1613 1552 1689 1577 non
1705 1553 1800 1592 pru-

401 1601 574 1640 dentiam
594 1603 732 1647 solum,
755 1603 829 1648 sed,
861 1603 965 1654 quod
986 1603 1155 1646 maxime
1177 1617 1256 1642 rem
1270 1604 1507 1649 continebat,
1530 1604 1661 1643 fidem.
1712 1605 1799 1643 Ha-

404 1668 516 1706 bebat
536 1668 610 1707 hoc
631 1683 650 1706 a
670 1678 802 1707 natura
820 1669 910 1721 ipsa,
925 1669 1029 1721 quod
1049 1655 1069 1706 a
1089 1669 1258 1708 doctrina
1278 1684 1355 1708 non
1375 1669 1488 1708 facile
1508 1670 1625 1722 poffet
1643 1686 1651 1709 :
1675 1685 1799 1723 quan-

402 1746 520 1784 quam
551 1734 667 1786 hujus
698 1747 853 1786 quoque
884 1734 997 1786 ipfius
1024 1735 1090 1779 rei,
1135 1736 1466 1787 quemadmodum
1499 1736 1583 1780 scis,
1614 1746 1801 1790 praecepta

404 1799 504 1837 sunt.
537 1801 666 1851 Hujus
687 1810 724 1837 et
743 1801 930 1838 orationes
950 1801 1050 1845 sunt,
1071 1810 1109 1838 et
1130 1810 1202 1839 tres
1223 1802 1269 1840 ad
1285 1804 1333 1841 L.
1349 1802 1549 1841 Fufidium
1566 1803 1654 1841 libri
1671 1803 1801 1856 scripti

404 1865 450 1902 de
470 1866 545 1904 vita
565 1866 678 1918 ipfius
698 1868 791 1911 aeta,
823 1866 906 1903 sane
926 1866 1052 1911 utiles,
1084 1880 1179 1918 quos
1201 1881 1315 1906 nemo
1334 1868 1442 1921 legit.
1493 1869 1548 1907 At
1568 1871 1661 1921 Cyri
1681 1870 1802 1909 vitam

403 1940 441 1968 et
473 1932 714 1984 disciplinam
745 1932 892 1984 legunt,
922 1932 1140 1984 praeclaram
1162 1933 1268 1972 illam
1296 1935 1468 1986 quidem,
1496 1934 1557 1972 sed
1578 1949 1701 1988 neque
1721 1945 1801 1974 tam

404 1997 515 2035 rebus
537 1997 669 2036 nostris,
689 2006 831 2049 aptam,
863 2011 933 2035 nec
965 2007 1093 2035 tamen
1127 2000 1254 2036 Scauri
1275 2000 1450 2037 laudibus
1482 2002 1798 2053 anteponendam.

404 2062 487 2114 Ipse
505 2063 620 2101 etiam
644 2062 818 2101 Fufidius
839 2064 878 2100 in
899 2063 1028 2115 aliquo
1047 2072 1296 2116 patronorum
1317 2079 1480 2104 numero
1499 2065 1588 2105 fuit.

450 2130 582 2167 XXX.
605 2129 779 2167 Rutilius
799 2139 927 2167 autem
948 2131 985 2166 in
1003 2130 1169 2182 quodam
1189 2131 1283 2168 tristi
1304 2140 1340 2169 et
1361 2131 1485 2169 severo
1500 2146 1635 2185 genere
1648 2133 1800 2172 dicendi

405 2194 566 2231 versatus
587 2195 652 2239 est,
669 2204 707 2232 et
728 2204 887 2247 uterque
907 2195 1039 2233 natura
1055 2196 1260 2234 vehemens
1279 2206 1318 2234 et
1333 2211 1429 2235 acer.
1463 2198 1597 2250 Itaque
1614 2213 1706 2237 cum
1727 2212 1802 2236 una

405 2259 642 2297 consulatum
664 2260 891 2312 petivissent,
922 2275 999 2299 non
1021 2262 1086 2299 ille
1106 2263 1245 2307 solum,
1267 2264 1334 2315 qui
1355 2263 1542 2317 repulsam
1564 2265 1713 2309 tulerat,
1734 2278 1799 2302 ac-

405 2324 547 2362 cusavit
578 2325 745 2363 ambitus
776 2327 1015 2379 designatum
1052 2329 1362 2380 competitorem,
1408 2329 1467 2367 sed
1492 2331 1650 2368 Scaurus
1683 2330 1800 2366 etiam

406 2389 598 2427 absolutus
620 2391 816 2429 Rutilium
837 2393 876 2429 in
891 2393 1087 2444 judicium
1105 2394 1252 2431 vocavit
1268 2409 1275 2432 :
1300 2395 1500 2447 multaque
1513 2394 1638 2447 opera,
1654 2394 1799 2432 multa-

406 2468 482 2508 que
514 2455 696 2494 industria
726 2457 899 2496 Rutilius
930 2458 1020 2506 fuit,
1050 2474 1134 2512 quae
1172 2469 1250 2498 crat
1280 2470 1478 2513 propterea
1510 2461 1663 2514 gratior,
1695 2459 1799 2512 quod

487 2523 525 2561 T
543 2535 567 2560 0
585 2535 637 2562 M.
669 2522 701 2563 1.
1303 2528 1391 2565 Z·z
