2176 2912
481 238 561 281 390
824 226 956 266 DE
1070 226 1545 266 CLARIS

479 318 690 371 majoribus
711 328 817 364 natu,
849 333 968 372 quam
1002 318 1119 358 effent
1149 320 1231 373 ipsi,
1262 330 1300 359 et
1325 334 1418 359 cum
1438 320 1634 374 aliquanto
1668 320 1883 360 minoribus

479 396 803 438 compararentur.
854 387 912 425 Ut
931 387 1075 425 Accius
1102 387 1237 425 iisdem
1268 387 1441 426 aedilibus
1473 389 1526 426 ait
1546 388 1581 426 se
1612 397 1649 426 et
1670 388 1884 426 Pacuvium

479 452 648 491 docuisse
668 451 854 498 fabulam,
889 466 983 491 cum
1003 452 1070 490 ille
1100 453 1308 506 offitoginta,
1344 453 1422 506 ipse
1443 454 1601 506 triginta
1631 467 1748 492 annos
1773 463 1883 493 natus

478 519 597 565 esset,
629 519 678 557 fic
700 519 928 558 Hortensius
950 534 1027 558 non
1047 534 1140 558 cum
1160 520 1234 558 suis
1256 520 1466 572 aequalibus
1487 521 1625 565 solum,
1649 520 1710 558 sed
1739 532 1777 558 et
1800 534 1887 559 mea
1905 559 1909 560 ⁷

478 600 571 625 cum
591 596 710 632 aetate,
741 595 780 624 et
798 600 891 624 curn
912 596 990 631 tua,
1021 588 1152 631 Brute,
1184 596 1222 624 et
1241 600 1334 624 cum
1353 587 1548 638 aliquanto
1568 587 1756 640 superiore
1787 601 1883 625 con-

472 653 666 706 jungitur.
728 652 927 704 Siquidem
957 662 995 690 et
1026 652 1154 691 Crafl‘o
1191 653 1280 690 vivo
1314 652 1440 690 dicere
1479 653 1649 697 solebat3
1696 662 1733 690 et
1761 653 1884 705 magis

471 721 557 774 jam
591 720 706 757 etiam
735 719 888 770 vigebat
921 732 1014 757 cum
1049 719 1238 763 Antonio,
1270 727 1307 756 et
1335 732 1429 757 cum
1460 718 1645 772 Philippo
1673 720 1756 771 jam
1786 719 1884 764 sene,

476 801 547 840 pro
579 788 654 825 Cn.
678 785 857 838 Pompeii
889 786 1000 824 bonis
1034 785 1200 824 dicente.
1252 787 1297 824 In
1324 786 1389 823 illa
1421 785 1529 823 causa
1548 785 1762 824 adolescens
1792 799 1886 823 cum

477 852 579 897 effet,
610 852 787 905 princeps
806 850 896 896 fuit,
927 861 965 890 et
994 852 1035 889 in
1055 865 1204 896 eorum,
1236 865 1333 904 quos
1367 852 1407 903 in
1443 852 1605 904 Sulpicii
1625 860 1731 890 aetate
1762 851 1884 904 posui,

477 932 687 957 numerum
718 916 831 955 facile
858 927 1077 970 pervenerat
1089 936 1101 963 3
1135 926 1172 956 et
1202 917 1286 955 suos
1306 917 1405 955 inter
1424 918 1585 970 aequales
1606 918 1670 955 M.
1692 917 1884 961 Pisonem,

478 986 544 1024 M.
569 984 757 1029 Craffum,
790 985 866 1022 Cn.
890 984 1120 1029 Lentulum,
1152 985 1197 1022 P.
1219 984 1435 1022 Lentulum
1458 986 1592 1022 Suram
1626 983 1740 1036 longe
1770 983 1884 1036 praes-

478 1053 561 1092 titit
577 1071 588 1098 3
621 1062 659 1090 et
678 1066 742 1090 me
762 1051 1042 1089 adolescentem
1062 1053 1193 1089 na&us
1215 1053 1301 1089 06ὶο
1321 1052 1429 1089 annis
1451 1052 1657 1096 minorem,
1675 1065 1793 1103 quam
1808 1061 1887 1089 erat

478 1120 570 1173 ipse,
602 1119 747 1157 multos
779 1132 896 1156 annos
930 1119 970 1156 in
991 1118 1115 1156 studio
1135 1117 1305 1170 ejusdem
1325 1117 1447 1155 laudis
1467 1118 1640 1155 exercuit
1655 1136 1666 1161 ;
1698 1126 1736 1154 et
1755 1126 1888 1156 tecum

479 1186 608 1231 simul,
644 1187 738 1223 ficut
768 1198 838 1238 ego
859 1199 928 1237 pro
949 1184 1098 1229 multis,
1129 1184 1179 1222 fic
1212 1183 1278 1222 ille
1311 1197 1381 1237 pro
1413 1183 1545 1237 Appio
1576 1182 1742 1222 Claudio
1773 1182 1887 1228 dixit,

478 1253 594 1307 paulo
614 1262 699 1290 ante
718 1261 902 1290 mortem.

522 1320 650 1358 LXV.
668 1319 784 1356 Vides
798 1319 930 1371 igitur,
946 1327 989 1356 ut
1001 1318 1047 1356 ad
1068 1327 1104 1356 te
1122 1326 1326 1363 oratorem,
1342 1315 1790 1370 Brute,'pervenerimus,
1807 1324 1888 1354 tam

481 1386 616 1426 multis
637 1385 736 1423 inter
769 1384 955 1429 nostrum,
988 1393 1178 1437 tuumque
1198 1384 1358 1423 initium
1378 1384 1532 1422 dicendi
1550 1382 1781 1435 interpositis
1801 1396 1887 1421 ora-

479 1453 628 1492 toribus
645 1453 657 1490 ?
686 1466 732 1490 ex
753 1452 908 1505 quibus,
925 1452 1110 1504 quoniam
1132 1453 1171 1489 in
1192 1450 1267 1490 hoc
1288 1451 1459 1490 sermone
1480 1451 1606 1489 nostro
1626 1450 1738 1488 statui
1758 1450 1887 1488 nemi-

480 1534 573 1559 nem
606 1532 755 1563 eorum,
787 1519 856 1570 qui
887 1518 1071 1562 viverent,
1103 1518 1315 1563 nominare,
1346 1531 1395 1556 ne
1425 1531 1490 1555 vos
1522 1516 1706 1555 curiosius
1727 1516 1887 1554 elicere-

480 1585 531 1623 tis
552 1598 599 1623 ex
619 1598 695 1628 me,
727 1583 822 1636 quid
843 1583 889 1621 de
909 1597 1063 1636 quoque
1077 1583 1309 1635 judicarem,
1329 1597 1406 1628 eos,
1430 1583 1497 1635 qui
1511 1584 1595 1635 jam
1618 1582 1706 1620 sunt
1726 1582 1886 1628 mortui,

480 1650 707 1691 nominabo.

535 1718 648 1755 Tum
669 1717 824 1760 Brutus,
857 1715 952 1754 Non
972 1714 1037 1760 est,
1060 1715 1203 1768 inquit,
1237 1715 1305 1753 ista
1321 1714 1442 1760 causa,
1474 1728 1592 1767 quam
1613 1714 1725 1758 dicis,
1747 1727 1888 1767 quam-

481 1783 617 1823 obrem
638 1784 685 1821 de
705 1782 765 1827 ijs,
788 1781 856 1833 qui
876 1781 1024 1827 vivunt,
1052 1780 1152 1820 nihil
1173 1782 1264 1820 velis
1286 1782 1424 1820 dicere.
1458 1782 1649 1832 Qaenam
1669 1780 1802 1833 igitur,
1824 1781 1887 1818 in·-

482 1862 616 1902 quam,
637 1847 721 1886 est?
767 1847 899 1884 Vereri
920 1857 969 1892 te,
1001 1847 1144 1900 inquit,
1177 1847 1353 1892 arbitror,
1390 1860 1436 1885 ne
1469 1860 1535 1900 per
1566 1860 1634 1884 nos
1669 1845 1734 1884 hic
1766 1845 1889 1884 sermo

482 1924 572 1952 tuus
593 1923 757 1959 emanet,
775 1922 812 1951 et
832 1913 860 1951 ii
883 1913 955 1951 tibi
974 1913 1230 1958 succenseant,
1252 1927 1348 1966 quos
1370 1913 1605 1967 praeterieris.
1638 1912 1747 1965 Qid
1765 1912 1778 1950 ?
1807 1925 1888 1957 vos,

482 1981 659 2034 inquam,
692 1990 813 2019 tacere
833 1994 911 2019 non
932 1981 1135 2033 poteritis?
1181 1981 1267 2019 Nos
1289 1980 1460 2033 quidem,
1496 1980 1639 2032 inquit,
1670 1978 1858 2016 facillime
1873 1998 1886 2024 ;

485 2048 546 2088 sed
567 2057 695 2086 tamen
718 2057 754 2086 te
774 2047 936 2086 arbitror
955 2047 1072 2085 malle
1091 2047 1259 2100 idipsum
1280 2056 1414 2091 tacere,
1438 2059 1557 2098 quarn
1586 2045 1889 2085 taciturnitatem

485 2114 652 2153 nostram
671 2113 850 2166 experiri.
891 2115 1002 2152 Tum
1022 2127 1107 2165 ego,
1126 2114 1239 2157 Vere,
1266 2113 1441 2165 inquam,
1464 2111 1552 2156 tibi,
1581 2112 1712 2156 Brute,
1734 2111 1886 2152 dicam:

484 2194 563 2218 non
598 2193 662 2217 me
690 2179 904 2217 existimavi
931 2179 970 2216 in
991 2177 1066 2216 hoc
1088 2178 1261 2216 sermone
1291 2178 1408 2230 usque
1436 2177 1482 2216 ad
1510 2176 1609 2216 hanc
1642 2186 1792 2215 aetatem
1818 2177 1890 2216 effe
1923 2206 1927 2208 .

483 2256 692 2285 venturum
710 2264 722 2290 3
754 2245 817 2284 sed
836 2245 889 2284 ita
909 2245 1023 2284 traxit
1042 2244 1134 2284 ordo
1149 2253 1306 2284 aetatum
1332 2245 1560 2290 orationem,
1582 2254 1625 2283 ut
1639 2244 1722 2297 jam
1741 2244 1788 2282 ad
1808 2245 1888 2283 mi·-

485 2325 596 2351 nores
617 2312 734 2350 etiam
753 2311 1005 2364 pervenerim.
1050 2312 1253 2364 Interpone
1273 2310 1405 2364 igitur,
1437 2311 1579 2364 inquit,
1610 2310 1636 2349 fi
1657 2324 1752 2363 quos
1778 2310 1889 2349 vide-

485 2388 550 2417 tur
565 2396 578 2424 3
609 2377 747 2416 deinde
768 2377 964 2416 redeamus
984 2377 1032 2416 ad
1052 2387 1101 2423 te,
1119 2386 1157 2416 et
1177 2377 1222 2415 ad
1239 2377 1507 2417 Hortenfium.
1558 2378 1689 2417 Immo
1704 2390 1807 2422 ver0‚
1824 2378 1888 2416 in-

484 2459 605 2499 quam
619 2463 632 2490 5
652 2444 698 2483 ad
715 2445 968 2484 Hortensium
981 2463 994 2490 ;
1015 2444 1060 2483 de
1077 2458 1141 2483 me
1159 2445 1223 2483 alii
1243 2444 1386 2491 dicent,
1407 2445 1433 2484 fi
1453 2445 1523 2498 qui
1541 2445 1684 2484 volent.
1716 2444 1889 2484 Minime

486 2524 590 2557 vero,
621 2510 762 2564 inquit.
823 2510 930 2550 Nam
962 2510 1029 2550 etsi
1063 2524 1126 2549 me
1159 2509 1272 2552 facile
1297 2511 1407 2549 omni
1427 2519 1495 2549 tuo
1514 2510 1687 2550 sermone
1718 2508 1886 2554 tenuisti,

487 2585 618 2617 tamen
638 2577 670 2618 is
690 2576 792 2618 mihi
811 2577 962 2631 longior
980 2577 1146 2624 videtur,
1182 2576 1288 2632 quod
1306 2590 1469 2632 propero
1488 2576 1618 2617 audire
1650 2576 1696 2615 de
1722 2584 1759 2615 te
1777 2590 1785 2615 :
1817 2588 1888 2615 nec
