2176 2912
486 191 806 231 LIBER
883 191 1458 233 SECUNDUS.
1633 198 1681 249 83

280 295 345 324 aut
361 285 513 323 futurus
527 283 585 328 fit,
602 282 860 321 confideratur
876 297 884 321 ε
908 292 972 321 aut
988 283 1156 336 denique
1172 286 1320 337 aliquid
1333 300 1467 325 eorum
1483 289 1681 340 quaeritur,

277 366 363 404 quae
378 350 542 389 fortunae
558 349 629 388 ess‘e
641 349 826 387 attributa
841 350 1130 403 intelliguntur.
1169 352 1340 390 Habitus
1354 363 1482 391 autem
1497 356 1683 406 quoniam

276 421 317 456 in
337 418 464 470 aliqua
484 426 522 455 et
542 416 710 469 perfecta
729 426 768 455 et
788 417 977 455 constanti
997 419 1133 463 animi,
1167 428 1232 457 aut
1252 420 1423 472 corporis
1444 420 1684 459 absolutione

276 483 456 528 consistit,
481 484 579 535 (quo
591 483 631 520 in
645 496 783 535 genere
797 483 850 520 est
866 483 999 528 virtus,
1024 484 1195 530 scientia,
1217 493 1255 523 et
1271 499 1356 538 quae
1372 486 1561 524 contraria
1577 485 1681 537 sunt)

276 564 333 589 res
356 550 446 603 ipsa,
478 549 590 588 causa
610 550 744 603 posita,
776 549 946 595 docebit,
978 552 1119 603 ecquid
1148 551 1215 590 hic
1235 565 1392 604 quoque
1423 552 1531 590 locus
1563 552 1683 604 suspi-

276 617 398 656 cionis
418 616 603 655 ostendat.
654 617 761 655 Nam
781 616 994 656 affectionis
1015 618 1176 670 quidem
1203 619 1299 657 ratio
1330 619 1571 672 perspicuam
1592 618 1687 657 solet

276 697 353 736 prae
383 682 419 721 se
439 696 568 736 gerere
594 683 871 734 conjecturam,
903 692 946 720 ut
965 697 1087 729 amor,
1119 684 1329 729 iracundia,
1362 685 1560 722 molestia:
1593 698 1684 738 pro-

277 758 405 802 pterea
424 749 529 802 quod
549 757 586 786 et
606 748 778 801 ipsorum
799 749 855 786 vis
889 749 1137 802 intelligitur,
1170 759 1223 795 et,
1258 764 1343 803 quae
1364 764 1421 789 res
1452 750 1592 789 harum
1613 751 1685 789 ali-

277 830 396 868 quam
417 829 499 854 rem
520 815 817 867 consequantur,
839 813 971 853 faciles
992 817 1154 869 cognitu
1175 817 1276 855 sunt.

332 880 514 920 Studium
544 890 675 918 autem
705 881 893 933 quoniam
911 881 965 919 est
984 882 1126 920 affidua
1146 893 1184 921 et
1204 882 1416 921 vehemens
1446 883 1493 922 ad
1514 884 1685 937 aliquam

276 961 359 987 rem
381 947 571 1000 applicata
590 961 731 1000 magna
750 953 851 986 cum'
862 949 1061 988 voluntate
1081 950 1301 1003 occupatio,
1333 949 1447 988 facile
1467 964 1515 989 ex
1535 965 1580 989 eo
1610 951 1686 989 du-

276 1024 385 1052 cetur
403 1014 703 1067 argumentatio,
734 1027 854 1066 quam
875 1028 932 1053 res
953 1015 1032 1069 ipsa
1051 1015 1276 1054 desiderabit
1304 1016 1343 1054 in
1363 1016 1486 1055 causa.
1518 1017 1621 1055 Item
1640 1030 1689 1055 ex

276 1081 435 1119 confilio
458 1080 632 1119 sumetur
650 1080 798 1133 aliquid
818 1081 1058 1135 suspicionis.
1104 1083 1212 1121 Nam
1232 1083 1438 1121 confilium
1458 1083 1511 1121 est
1541 1083 1689 1135 aliquid

277 1146 459 1191 faciendi,
480 1156 546 1184 aut
565 1160 643 1185 non
661 1146 844 1192 faciendi,
865 1149 1083 1201 excogitata
1102 1150 1213 1188 ratio.
1256 1151 1358 1188 Item
1374 1149 1487 1194 faeta,
1509 1159 1547 1188 et
1567 1150 1687 1194 casus,

277 1222 316 1250 et
335 1213 539 1257 orationes,
561 1227 646 1265 quae
666 1213 753 1251 sunt
772 1214 905 1252 omnia
927 1215 989 1266 (ut
1009 1215 1050 1254 in
1071 1215 1379 1254 confirmationis
1405 1216 1604 1270 praeceptis
1625 1216 1688 1254 di-

279 1280 387 1316 ctum
407 1278 477 1329 est)
501 1279 540 1316 in
558 1279 629 1316 tria
645 1287 819 1331 tempora
837 1279 1052 1326 distributa,
1073 1280 1187 1319 facile
1206 1291 1285 1319 erat
1306 1281 1447 1326 videre,
1467 1281 1609 1334 ecquid
1629 1281 1688 1319 af-

278 1344 403 1382 ferant
422 1344 468 1381 ad
488 1345 750 1396 conjecturam
771 1344 1079 1384 confirmandam
1095 1347 1335 1400 suspicionis.

332 1411 384 1448 X.
408 1412 468 1448 Ac
484 1410 653 1463 personis
670 1411 830 1463 quidem
852 1425 909 1449 res
930 1425 981 1450 eae
1002 1413 1090 1450 sunt
1106 1413 1314 1458 attributae,
1333 1427 1380 1451 ex
1397 1414 1539 1466 quibus
1555 1414 1688 1452 omni-

279 1478 350 1516 bus
371 1491 495 1515 unum
509 1478 549 1515 in
566 1477 698 1515 locum
713 1478 868 1522 coactis,
888 1478 1114 1517 accusatoris
1131 1480 1203 1516 erit
1216 1480 1501 1532 improbatione
1517 1479 1690 1518 hominis

280 1544 351 1581 uti.
396 1543 503 1581 Nam
522 1543 631 1581 causa
651 1542 741 1581 facti
757 1558 894 1597 parum
915 1544 1167 1583 firmitudinis
1186 1543 1317 1590 habet,
1340 1545 1409 1583 nifi
1423 1546 1576 1584 animus
1593 1547 1689 1598 ejus,

279 1611 348 1661 qui
364 1610 622 1655 infimulatur‚
639 1610 677 1648 in
690 1623 775 1648 eam
793 1610 1050 1664 suspicionem
1062 1611 1287 1657 adducetur,
1303 1620 1346 1650 ut
1362 1625 1381 1649 a
1397 1612 1463 1650 tali
1485 1612 1600 1665 culpa
1612 1626 1691 1651 non

276 1676 448 1714 videatur
467 1675 714 1715 abhorruisse.
759 1678 816 1715 Ut
836 1677 943 1715 enim
964 1678 1142 1716 animum
1162 1678 1325 1730 alicujus
1347 1678 1568 1731 improbare
1589 1677 1691 1716 nihil

278 1742 428 1786 attinet,
447 1756 540 1780 cum
551 1742 673 1787 causa,
692 1756 808 1795 quare
824 1744 1053 1796 peccaverit,
1076 1758 1153 1782 non
1174 1744 1422 1782 intercesserit
1439 1762 1450 1788 3
1474 1744 1524 1782 fic
1537 1743 1690 1783 causam

280 1809 426 1861 peccati
447 1809 680 1846 intercedere
700 1810 783 1846 leve
803 1809 869 1855 est,
884 1810 910 1847 fi
927 1811 1080 1848 animus
1095 1810 1193 1849 nulli
1215 1811 1345 1849 minus
1367 1810 1534 1849 honestae
1552 1811 1692 1849 rationi

281 1874 405 1912 affinis
423 1874 649 1913 ostenditur.
683 1876 813 1926 Qare
833 1876 952 1914 vitam
974 1877 1070 1927 ejus,
1093 1891 1214 1929 quem
1235 1878 1375 1930 arguit,
1407 1891 1453 1916 ex
1474 1887 1562 1915 ante
1582 1876 1691 1916 factis

279 1941 472 1979 accusator
492 1941 711 1993 improbare
743 1942 914 1987 debebit,
945 1951 984 1980 et
1014 1943 1224 1988 ostendere,
1257 1944 1282 1981 fi
1304 1957 1382 1996 quo
1417 1944 1456 1981 in
1489 1944 1572 1996 pari
1604 1953 1694 1982 ante

280 2017 437 2060 peccato
456 2007 655 2045 convictus
677 2007 734 2046 fit.
782 2009 819 2046 Si
838 2009 876 2046 id
897 2023 974 2047 non
991 2010 1147 2062 poterit,
1170 2010 1195 2047 fi
1217 2022 1334 2061 quam
1356 2010 1395 2047 in
1418 2009 1585 2048 similem
1606 2020 1694 2048 ante

280 2074 536 2126 suspicionem
558 2075 731 2119 venerit5
763 2088 805 2112 ac
826 2076 1011 2120 maxime,
1034 2076 1059 2113 fi
1082 2076 1161 2113 fieri
1183 2077 1338 2128 poterit,
1362 2076 1477 2114 fimili
1499 2076 1631 2129 aliquo
1653 2077 1692 2115 in

281 2154 418 2193 genere
438 2141 626 2192 ejusmodi
646 2141 756 2179 causa
776 2141 906 2194 aliqua
925 2152 1172 2180 commotum
1208 2142 1387 2195 pcccass‘c,
1420 2151 1484 2180 aut
1515 2143 1555 2180 in
1587 2156 1695 2195 aeque

282 2220 421 2259 magna
441 2221 493 2251 re,
525 2217 589 2245 aut
612 2208 651 2245 in
683 2209 842 2260 majore,
873 2217 938 2246 aut
957 2209 997 2246 in
1031 2209 1181 2246 minore
1199 2225 1207 2247 :
1241 2219 1284 2246 ut
1306 2209 1345 2252 fi,
1377 2222 1497 2260 quem
1528 2208 1694 2262 pecunia

282 2274 381 2311 dicat
404 2274 609 2312 inductum
627 2274 768 2320 feciffe,
800 2275 912 2329 poffit
933 2276 1204 2322 demonstrare,
1236 2275 1363 2329 aliqua
1384 2277 1423 2314 in
1446 2290 1497 2320 re,
1520 2278 1601 2328 ejus
1623 2276 1693 2312 ali-

283 2341 388 2391 quod
408 2340 554 2379 faetum
577 2355 746 2380 avarum.

338 2407 438 2445 Item
471 2409 511 2446 in
540 2410 649 2447 omni
685 2409 793 2447 causa
821 2419 1011 2456 naturam,
1034 2419 1099 2449 aut
1128 2411 1289 2455 victum,
1319 2420 1383 2448 aut
1416 2410 1601 2455 studium,
1633 2419 1697 2446 aut

284 2472 501 2518 fortunam,
523 2483 588 2512 aut
603 2475 751 2528 aliquid
770 2489 907 2515 eorum
928 2491 1013 2529 quae
1033 2477 1200 2529 personis
1222 2477 1407 2514 attributa
1427 2476 1527 2520 sunt,
1546 2475 1592 2513 ad
1612 2487 1696 2512 eam

286 2537 452 2585 causam,
495 2553 571 2593 qua
601 2551 850 2581 commotum
879 2543 1047 2596 peccass‘e
1084 2543 1201 2590 dicet,
1229 2543 1463 2595 adjungere,
1505 2550 1621 2594 atque
1650 2553 1698 2579 ex

979 2610 1012 2648 L
1045 2622 1066 2648 2
