2176 2912
540 247 858 288 LIBER
935 246 1352 286 PRIMUS.
1583 260 1651 298 141

311 340 383 378 XI.
416 340 526 377 Tum
547 339 627 383 ille,
661 351 738 376 non
760 337 859 381 sum,
896 337 1039 389 inquit,
1076 337 1238 382 nescius,
1262 338 1439 383 Scaevola,
1472 339 1539 377 ista
1559 340 1660 377 inter

257 406 412 442 Graecos
434 405 511 442 dici
530 414 568 442 et
589 404 789 456 disceptari
806 403 936 441 solere.
983 403 1130 441 Audivi
1150 403 1255 441 enim
1274 403 1445 441 summos
1463 403 1655 449 homines,

255 484 347 508 cum
369 471 543 521 Qaestor
569 484 616 508 ex
637 469 871 509 Macedonia
899 469 1080 506 veniffem
1096 469 1282 513 Athenas,
1321 469 1477 507 florente
1507 472 1657 508 Acade-

254 536 346 580 mia,
392 545 435 574 ut
469 535 709 589 temporibus
745 534 822 573 illis
857 534 1063 579 ferebatur,
1100 535 1205 587 quod
1237 548 1321 572 eam
1357 534 1590 573 Charmadas
1620 546 1659 573 et

256 601 527 640 Clitomachus
558 612 596 640 et
617 601 818 641 AEschines
839 601 1080 639 obtinebant.
1142 602 1234 639 Erat
1255 602 1370 639 etiam
1392 601 1656 646 Metrodorus,

256 668 324 718 qui
344 680 435 705 cum
470 667 546 705 illis
568 681 642 706 una
662 667 789 720 ipsum
820 666 935 704 illum
966 666 1204 704 Carneadem
1223 667 1448 719 diligentius
1475 667 1656 711 audierat,

254 732 459 771 hominem
482 735 663 772 omnium
692 734 731 770 in
758 733 935 777 dicendo,
968 742 1011 770 ut
1036 732 1224 777 ferebant,
1260 733 1492 771 acerrimum
1521 743 1559 771 et
1589 747 1657 771 co-

255 799 521 850 pioslflimum.
568 800 736 851 Vigebat
754 798 904 835 auditor
924 799 1082 836 Panaetii
1103 799 1207 836 illius
1230 800 1287 836 tui
1308 798 1560 837 Mnesarchus
1578 817 1589 844 3
1622 809 1660 836 et

257 865 499 917 Peripatetici
535 864 696 903 Critolai
726 858 937 902 Diodorus.
983 864 1109 902 Multi
1143 873 1249 902 erant
1282 874 1461 917 praeterea
1488 865 1659 918 praeclari

255 930 295 967 in
326 930 586 983 Philosophia,
618 940 656 968 et
686 930 850 974 nobiles,
882 943 901 967 a
922 930 1063 982 quibus
1085 931 1268 968 omnibus
1302 931 1377 968 una
1408 944 1504 983 pene
1525 931 1659 984 repelli

254 1009 347 1034 voce
362 1007 552 1035 oratorem
573 1010 593 1034 a
612 996 883 1049 gubernaculis
903 997 1121 1041 civitatum,
1149 996 1305 1034 excludi
1321 997 1366 1034 ab
1385 997 1495 1034 omni
1515 997 1658 1035 doetri-

255 1076 317 1107 na,
349 1077 554 1115 rerumque
588 1065 781 1116 majorum
817 1062 985 1107 scientia,
1018 1076 1060 1100 ac
1091 1071 1244 1100 tantum
1265 1063 1304 1100 in
1329 1062 1477 1114 judicia
1496 1073 1533 1101 et
1563 1077 1660 1101 con-

255 1129 468 1174 ciunculas,
500 1140 684 1182 tanquam
716 1130 756 1168 in
787 1129 944 1181 aliquod
975 1129 1194 1181 pistrinum,
1226 1129 1379 1166 detrudi
1400 1139 1437 1167 et
1457 1130 1661 1183 compingi

257 1194 448 1232 videbam.
482 1196 552 1233 Sed
573 1209 644 1248 ego
664 1209 788 1248 neque
817 1195 893 1233 illis
919 1195 1153 1240 assentiebar,
1185 1209 1310 1247 neque
1330 1193 1469 1233 harum
1488 1195 1660 1248 disputa—

257 1260 410 1298 tionum
432 1261 636 1305 inventori,
658 1272 697 1298 et
716 1261 882 1313 principi
902 1261 1016 1313 longe
1036 1262 1217 1298 omnium
1238 1262 1278 1298 in
1296 1261 1459 1298 dicendo
1487 1262 1659 1315 gravissi-

258 1341 325 1364 mo
360 1338 396 1364 et
431 1328 755 1379 eloquendffimo,
789 1327 954 1371 Platoni,
992 1329 1101 1379 cujus
1137 1338 1222 1364 tum
1244 1326 1410 1365 Athenis
1433 1328 1658 1380 diligentius

257 1392 333 1444 legi
354 1407 447 1430 cum
464 1392 679 1431 Charmada
694 1394 881 1445 Gorgiam
896 1411 907 1437 ;
931 1407 1008 1444 quo
1024 1393 1064 1430 in
1085 1393 1198 1437 libro,
1216 1392 1291 1430 hoc
1309 1393 1479 1430 maxime
1492 1393 1658 1430 admira-

259 1458 323 1494 bar
345 1459 560 1502 Platonem,
589 1459 694 1510 quod
715 1457 815 1496 mihi
832 1459 872 1495 in
893 1458 1104 1495 oratoribus
1125 1458 1325 1495 irridendis
1347 1458 1424 1510 ipse
1443 1458 1514 1495 effe
1529 1468 1660 1512 prator

259 1523 432 1561 summus
449 1524 661 1562 videbatur.
684 1524 805 1561 Verbi
820 1524 926 1561 enim
947 1523 1360 1575 controx‘erfiajaxiidiu
1376 1533 1530 1575 torquet
1546 1525 1658 1562 Grae-

258 1589 364 1626 culos
386 1589 576 1634 homines,
599 1590 858 1628 contentionis
880 1589 1111 1642 cupidiores,
1134 1603 1252 1641 quam
1272 1589 1454 1627 veritatis.
1506 1590 1614 1628 Nam
1633 1590 1659 1628 fi

258 1657 343 1707 quis
365 1656 470 1694 hunc
491 1657 619 1694 statuit
640 1657 708 1694 effe
725 1666 930 1700 oratorem,
962 1657 1029 1708 qui
1050 1656 1323 1694 tantummodo
1344 1656 1382 1694 in
1398 1656 1499 1707 jure,
1528 1665 1593 1694 aut
1619 1657 1660 1694 in

254 1722 413 1772 judiciis
435 1723 560 1775 poffit,
591 1732 655 1760 aut
676 1723 777 1775 apud
798 1722 1004 1775 populum,
1036 1731 1101 1759 aut
1136 1722 1176 1759 in
1210 1722 1339 1760 senatu
1359 1722 1507 1774 copiose
1533 1721 1657 1773 loqui,

261 1796 389 1824 tamen
419 1787 512 1825 huic
533 1788 600 1839 ipfi
622 1788 746 1825 multa
766 1788 908 1825 tribuat
929 1797 966 1824 et
999 1787 1196 1832 concedat,
1219 1787 1361 1825 necesse
1391 1787 1456 1825 est.
1518 1787 1659 1839 Neque

259 1853 365 1890 enim
387 1853 462 1890 fine
481 1853 606 1891 multa
625 1853 914 1905 pertractatione
939 1853 1119 1890 omnium
1150 1866 1278 1891 rerum
1298 1853 1558 1906 publicarum,
1589 1866 1658 1890 ne—

260 1931 334 1968 que
356 1917 431 1955 sine
452 1918 598 1970 legum,
631 1932 800 1961 morum,
826 1918 923 1969 juris
945 1917 1112 1961 scientia,
1145 1931 1268 1969 neque
1297 1919 1431 1955 natura
1451 1917 1659 1956 hominum

260 1984 472 2036 incognita,
502 1997 544 2021 ac
564 1984 753 2028 moribus,
791 1985 830 2020 in
851 1983 910 2020 his
932 1984 1018 2035 ipsis
1039 1984 1150 2021 rebus
1183 1983 1267 2021 satis
1295 1984 1431 2021 callide
1451 1983 1585 2022 versari
1622 1994 1660 2023 et

261 2051 380 2103 perite
400 2050 534 2102 potest.
569 2051 650 2102 Qi
667 2060 794 2087 autem
812 2049 892 2088 haec
907 2050 1143 2102 cognoverit,
1163 2050 1238 2087 sine
1259 2050 1401 2101 quibus
1419 2063 1464 2086 ne
1482 2050 1548 2087 illa
1568 2050 1657 2102 qui-

260 2117 350 2154 dem
371 2117 535 2154 minima
554 2117 594 2154 in
610 2117 726 2154 causis
747 2116 952 2169 quisquam
972 2117 1070 2154 recte
1091 2116 1188 2153 tueri
1207 2116 1342 2168 potest,
1364 2116 1459 2168 quid
1480 2115 1572 2154 huic
1589 2117 1658 2154 ab-

261 2182 330 2220 effe
351 2184 490 2235 poterit
511 2182 556 2219 de
576 2182 835 2220 maximarum
855 2195 984 2219 rerum
1003 2181 1185 2219 scientia?
1218 2181 1282 2219 Sin
1303 2182 1460 2219 oratoris
1482 2181 1581 2219 nihil
1602 2182 1657 2219 vis

262 2248 346 2292 effe,
392 2249 459 2286 nisi
494 2248 716 2301 composite,
748 2257 892 2292 ornate,
930 2247 1080 2300 copiose
1114 2248 1269 2300 eloqui;
1316 2261 1459 2300 quaero,
1491 2248 1658 2301 idipsum

226 2302 235 2307 ,
262 2315 330 2366 qui
351 2314 461 2365 poffit
481 2314 620 2365 assequi
641 2314 715 2351 fine
747 2328 788 2351 ea
808 2314 975 2358 scientia,
1011 2327 1128 2365 quam
1159 2315 1193 2351 ei
1215 2328 1292 2352 non
1310 2315 1520 2351 conceditis
1538 2315 1549 2350 ?
1582 2314 1657 2351 Di-

262 2380 375 2416 cendi
395 2380 499 2417 enim
521 2380 652 2424 virtus,
673 2380 739 2417 nifi
761 2381 810 2425 ei,
832 2381 899 2433 qui
920 2380 1028 2424 dicit,
1050 2393 1105 2425 ea,
1128 2381 1174 2418 de
1189 2380 1330 2432 quibus
1351 2380 1459 2424 dicit,
1482 2388 1658 2432 percepta

262 2445 347 2488 siut,
379 2444 519 2481 exstare
540 2457 615 2482 non
636 2444 770 2496 potest.

320 2510 600 2561 Qamobrem,
623 2510 646 2548 sl
662 2521 789 2549 ornate
806 2510 957 2549 locutus
976 2510 1041 2556 est,
1060 2510 1155 2549 ficut
1170 2508 1305 2556 fertur,
1327 2509 1478 2550 etmihi
1494 2508 1654 2553 videtur,
