2176 2912
596 207 916 249 LIBER
992 206 1407 246 PRIMUS.
1638 208 1710 261 185

312 305 397 343 Sex.
420 302 515 342 AElii
541 300 829 340 commentariis
860 300 1047 353 scriptum
1079 299 1300 353 protuliffe;
1331 313 1373 338 ac
1395 308 1523 338 tamen
1555 301 1710 338 conces-

311 370 403 414 fiffe,
435 368 571 407 Galbae
601 367 901 421 disputationem
931 366 1001 405 fibi
1032 366 1274 419 probabilem
1295 376 1332 404 et
1358 379 1475 419 prope
1495 378 1623 403 veram
1653 367 1712 403 vi-

311 435 404 473 deri.

366 499 496 538 LVII.
529 500 715 537 Attamen
736 512 821 551 quae
851 497 968 536 causae
999 497 1086 536 sunt
1115 497 1319 550 ejusmodi,
1346 505 1389 534 ut
1409 496 1456 534 de
1482 509 1611 533 earum
1628 497 1714 547 jure

311 565 477 604 dubium
497 565 568 604 effe
589 579 666 604 non
687 565 813 618 poffit,
844 565 1007 603 omnino
1038 565 1078 602 in
1104 564 1301 616 judicium
1321 564 1447 602 vocari
1478 576 1556 601 non
1578 562 1712 600 solent.

311 632 426 671 Num
447 633 533 685 quis
554 646 598 670 eo
619 632 860 676 testamento,
882 631 986 683 quod
1007 630 1279 683 paterfamilias
1299 640 1386 668 ante
1411 628 1519 675 fecit,
1542 642 1659 681 quam
1681 629 1716 666 ei

313 699 415 737 filius
428 709 538 737 natus
551 699 617 744 est,
632 698 894 737 haereditatem
906 698 1004 750 petit
1019 699 1031 735 ?
1047 711 1162 736 nemo
1177 713 1185 736 :
1205 698 1295 750 quia
1308 697 1467 742 constat,
1481 696 1715 750 agnascendo

312 766 444 818 rumpi
465 765 751 804 testamentum.
790 765 895 817 Ergo
911 764 953 801 in
973 762 1048 802 hoc
1064 776 1200 817 genere
1215 764 1312 816 juris
1329 763 1477 816 judicia
1492 763 1599 801 nulla
1613 762 1713 800 sunt.

314 832 427 870 Licet
446 833 566 884 igitur
585 832 746 883 impune
758 832 899 869 oratori
918 843 1079 868 omnem
1098 829 1198 868 hanc
1215 839 1363 883 partem
1378 830 1476 882 juris
1497 830 1536 867 in
1558 838 1716 868 contro-

313 898 439 935 verfiis
459 898 646 949 ignorare,
678 910 763 948 quae
795 909 878 949 pars
899 896 976 934 fine
1007 896 1126 934 dubio
1147 897 1274 935 multo
1294 897 1466 936 maxima
1490 895 1555 935 est.
1605 896 1651 934 In
1671 909 1718 932 eo

311 971 444 1001 autem
457 964 559 1016 jure,
588 962 694 1016 quod
724 963 937 1016 ambigitur
957 962 1058 1000 inter
1078 962 1336 1016 peritiffimos,
1367 975 1444 1000 non
1472 961 1525 1000 est
1559 961 1717 1000 difficile

311 1030 467 1075 oratori,
489 1031 570 1082 ejus
591 1030 722 1083 partis,
744 1043 1020 1084 quamcunque
1039 1028 1233 1075 defendat,
1250 1032 1446 1068 auctorem
1465 1028 1636 1081 aliquem
1656 1029 1717 1066 in-

312 1097 440 1135 venire
456 1115 468 1142 ;
499 1111 520 1134 a
553 1111 632 1149 quo
660 1111 753 1135 cum
783 1106 992 1135 amentatas
1011 1095 1132 1135 hastas
1153 1098 1353 1150 acceperit,
1387 1095 1463 1149 ipse
1480 1109 1539 1134 eas
1560 1095 1718 1134 oratoris

316 1162 466 1200 lacertis
487 1162 708 1215 viribusque
727 1163 937 1215 torquebit.
988 1163 1074 1202 Nifi
1095 1177 1183 1202 vero
1206 1164 1325 1216 (bona
1351 1163 1460 1201 venia
1476 1160 1593 1215 hujus
1613 1161 1717 1214 opti-

315 1228 372 1266 mi
392 1229 464 1266 viri
484 1228 649 1267 dixerim
669 1228 860 1281 Scaevolae)
884 1238 927 1267 tu
946 1228 1103 1273 libellis,
1124 1238 1189 1267 aut
1206 1229 1405 1283 praeceptis
1422 1228 1540 1267 soceri
1556 1228 1613 1266 tui
1626 1241 1718 1267 cau-

316 1293 395 1332 sam
429 1294 505 1332 M’.
530 1295 640 1333 Curii
672 1293 886 1339 defendisti,
932 1308 1060 1333 nonne
1084 1296 1273 1348 arripuisti
1306 1294 1567 1348 patrocinium
1596 1294 1718 1346 aequi-

315 1360 419 1405 tatis,
453 1370 491 1398 et
510 1361 770 1400 defenfionem
791 1361 1120 1405 testamentorum,
1152 1375 1194 1400 ac
1213 1362 1421 1400 voluntatis
1443 1360 1717 1398 mortuorum?

316 1428 377 1465 Ac
411 1441 496 1466 mea
532 1428 693 1480 quidem
733 1428 931 1473 sententia,
971 1427 1167 1481 (frequens
1201 1429 1308 1466 enim
1343 1437 1379 1466 te
1410 1427 1553 1471 audivi,
1604 1436 1720 1479 atque

314 1492 427 1546 affui)
459 1494 586 1532 multo
615 1496 802 1547 majorem
836 1504 983 1547 partem
1016 1494 1290 1533 sententiarum
1318 1493 1390 1532 sale
1411 1502 1479 1531 tuo
1508 1502 1546 1531 et
1577 1493 1719 1545 lepore,

317 1568 356 1598 et
383 1560 617 1613 politissimis
646 1560 794 1599 facetiis
819 1561 1021 1614 pellexisti,
1044 1574 1138 1599 cum
1168 1570 1206 1599 et
1225 1560 1324 1599 illud
1355 1560 1526 1598 nimium
1556 1572 1721 1598 acumen

316 1625 510 1672 illuderes,
548 1635 588 1665 et
620 1627 847 1666 admirarere
881 1627 1085 1680 ingenium
1118 1627 1306 1672 Scaevolae,
1355 1626 1423 1679 qui
1460 1624 1720 1678 excogitasset,

317 1692 417 1730 nasci
436 1693 542 1746 prius
573 1704 762 1746 oportere,
793 1707 912 1746 quam
932 1695 1080 1732 emori:
1113 1707 1283 1747 cumque
1309 1693 1434 1732 multa
1454 1692 1652 1744 colligeres
1683 1700 1722 1730 et

317 1771 365 1796 ex
385 1759 551 1811 legibus,
583 1770 621 1797 et
641 1774 687 1798 ex
708 1760 1054 1805 senatusconsultis,
1086 1771 1123 1799 et
1155 1775 1202 1799 ex
1234 1762 1325 1806 vita,
1352 1774 1394 1799 ac
1417 1760 1589 1798 sermone
1608 1772 1720 1797 com-

320 1825 445 1869 muni,
467 1839 544 1863 non
561 1827 678 1864 modo
698 1836 822 1870 acute,
849 1827 910 1863 sed
931 1828 1047 1865 etiam
1070 1827 1230 1865 ridicule
1251 1841 1292 1865 ac
1315 1827 1435 1865 facete
1452 1845 1463 1871 3
1497 1826 1564 1865 ubi
1591 1825 1617 1863 fi
1637 1839 1720 1863 ver-

320 1890 380 1935 ba,
402 1905 479 1929 non
501 1905 597 1936 rem,
620 1892 876 1945 sequeremur,
908 1893 1047 1930 confici
1070 1893 1167 1931 nihil
1189 1893 1321 1946 pofl‘et.
1368 1895 1501 1944 Itaque
1520 1891 1722 1930 hilaritatis

321 1957 480 2010 plenum
495 1959 707 2010 judicium,
739 1972 780 1996 ac
802 1959 943 1997 laetitiae
963 1959 1066 2004 fuit,
1100 1960 1139 1997 in
1167 1974 1245 2012 quo
1266 1960 1361 2012 quid
1381 1959 1455 1997 tibi
1479 1959 1576 2010 juris
1597 1958 1722 1996 civilis

320 2024 542 2063 exercitatio
562 2024 764 2078 profuerit,
797 2039 873 2063 non
895 2026 1073 2078 intelligo
1086 2044 1097 2071 3
1130 2026 1283 2064 dicendi
1303 2026 1358 2064 vis
1383 2025 1547 2078 egregia,
1572 2023 1723 2063 summa

321 2089 536 2136 festivitate,
557 2101 595 2129 et
615 2092 807 2130 venustate
827 2094 1045 2145 conjuncta,
1067 2093 1226 2146 profuit.

377 2157 460 2210 Ipse
494 2157 560 2195 ille
594 2159 756 2196 Mucius
786 2160 932 2211 paterni
958 2159 1055 2211 juris
1077 2158 1264 2204 defensor,
1295 2168 1334 2196 et
1365 2158 1467 2211 quasi
1498 2156 1723 2211 patrimonii

321 2233 581 2275 propugnator
601 2224 669 2269 sui,
701 2225 796 2277 quid
816 2226 854 2262 in
876 2225 942 2263 illa
962 2226 1084 2271 causa,
1115 2240 1207 2264 cum
1228 2235 1360 2264 contra
1382 2235 1416 2263 te
1437 2225 1592 2268 diceret,
1619 2232 1722 2260 attu-

322 2288 383 2332 lit,
414 2289 584 2340 quodAde
598 2291 684 2342 jure
704 2292 809 2329 civili
829 2292 1106 2345 depromptum
1127 2292 1345 2330 videretur?
1377 2304 1495 2344 quam
1517 2290 1642 2342 legem
1664 2302 1723 2325 re-

325 2354 485 2392 citavit?
509 2356 603 2407 quid
623 2355 803 2408 patefecit
823 2358 1000 2403 dicendo,
1023 2358 1128 2410 quod
1147 2357 1275 2396 fuiffet
1294 2358 1482 2410 imperitis
1503 2355 1692 2394 occultius
1710 2353 1722 2388 ?

326 2420 483 2472 Nempe
501 2421 580 2472 ejus
597 2423 725 2460 omnis
745 2424 865 2461 oratio
881 2423 1020 2461 versata
1038 2423 1091 2461 est
1110 2423 1150 2461 in
1167 2437 1226 2468 eo,
1249 2433 1291 2461 ut
1309 2423 1493 2476 scriptum
1508 2420 1725 2474 plurimum

325 2485 447 2523 valere
460 2495 632 2538 oportere
652 2487 884 2527 defenderet.
907 2491 962 2527 At
978 2490 1018 2528 in
1034 2488 1110 2527 hoc
1131 2503 1267 2541 genere
1282 2489 1392 2542 pueri
1412 2488 1512 2539 apud
1527 2483 1723 2536 magistros

398 2551 436 2589 T
451 2564 475 2590 0
492 2564 542 2590 M.
575 2553 607 2591 Ι.
1106 2557 1143 2592 A
1163 2567 1183 2591 a
1308 2549 1315 2555 ’
