2176 2912
454 185 772 226 LIBER
849 184 1424 227 SECUNDUS.
1573 204 1646 244 ¹25

243 279 355 333 plexa
370 280 502 317 virtus.
535 278 642 317 Nam
658 277 778 314 virtus
797 275 849 314 est
868 277 989 315 animi
1009 276 1178 323 habitus,
1194 288 1336 317 naturae
1356 281 1487 326 modo,
1509 283 1646 321 rationi

243 345 528 383 consentaneus.
573 343 841 394 Qamobrem
861 344 1044 381 omnibus
1065 344 1145 395 ejus
1165 345 1336 396 partibus
1357 347 1536 398 cognitiS,
1567 358 1644 387 tota

242 412 298 448 vis
319 411 390 448 erit
409 409 592 462 simplicis
608 408 812 446 honestatis
833 409 1073 447 considerata.
1118 411 1249 448 Habet
1268 411 1387 463 igitur
1406 422 1528 464 partes
1549 429 1644 467 qua-

242 486 353 521 tuor3
385 476 644 529 prudentiam,
662 475 866 527 justitiam,
889 474 1174 521 fortitudinem,
1198 479 1504 529 temperantiam.

297 542 503 580 Prudentia
521 541 574 579 est
594 554 722 579 rerum
744 541 945 586 bonarum,
968 551 1004 579 et
1025 542 1230 587 malarum,
1253 553 1550 596 neutrarumque
1571 545 1644 583 sci-

239 608 352 646 entia.
386 609 512 646 Partes
533 608 628 659 ejus,
651 608 851 652 memoria,
874 607 1143 660 intelligentia,
1165 609 1415 661 providentia.
1451 610 1645 649 Memoria

240 673 305 719 est,
327 688 393 726 per
412 687 530 726 quam
549 674 700 710 animus
722 674 858 725 repetit
879 673 958 718 illa,
989 688 1073 726 quae
1094 673 1262 712 fuerunt.
1297 675 1557 728 Intelligentia
1577 677 1642 721 est,

240 753 306 791 per
338 753 456 792 quam
486 753 528 776 ea
557 738 750 791 perspicit,
783 752 867 790 quae
893 738 993 777 sunt.
1054 740 1301 778 Providentia
1332 741 1397 786 est,
1429 756 1495 795 per
1525 757 1643 795 quam

241 804 418 843 futurum
439 805 584 857 aliquid
604 804 754 841 videtur
773 814 859 856 ante
880 818 997 856 quam
1018 804 1164 843 faetum
1185 806 1242 844 fit.

295 871 447 922 Justitia
465 871 517 908 est
533 869 688 908 habitus
710 870 845 914 animi,
867 872 1070 908 communi
1093 872 1256 910 utilitate
1277 873 1505 919 conservata,
1536 874 1643 914 suam

240 938 380 989 cuique
397 937 566 974 tribuens
580 937 824 988 dignitatem.
847 937 943 988 Ejus
960 937 1119 975 initium
1133 938 1186 975 est
1198 939 1243 976 ab
1257 949 1389 976 natura
1404 940 1640 992 profectum:

241 1002 375 1040 deinde
395 1003 570 1054 quaedam
591 1003 630 1040 in
663 1002 979 1040 consuetudinem
1000 1017 1047 1041 ex
1075 1004 1250 1041 utilitatis
1272 1005 1415 1043 ratione
1436 1018 1642 1046 venerunt:

240 1069 364 1122 postea
394 1083 449 1107 res
477 1079 514 1107 et
543 1070 590 1108 ab
623 1080 755 1107 natura
785 1068 984 1122 profectas,
1016 1079 1053 1108 et
1084 1070 1130 1108 ab
1162 1071 1433 1110 consuetudine
1454 1074 1645 1125 probatas,

241 1136 373 1188 legum
393 1145 534 1181 metu5‚
557 1146 594 1174 et
612 1136 746 1188 religio
765 1135 899 1175 sanxit.

284 1203 435 1241 Natura
449 1203 513 1254 jus
533 1203 599 1248 est,
617 1203 722 1255 quod
743 1217 820 1242 non
840 1204 973 1257 opinio
993 1206 1142 1257 genuit,
1159 1205 1219 1244 sed
1241 1206 1416 1258 quendam
1438 1207 1567 1245 innata
1587 1208 1643 1246 vis

240 1269 411 1313 inseruit,
444 1278 487 1307 ut
515 1269 758 1322 religionem,
795 1270 993 1322 pietatem,
1015 1272 1192 1323 gratiam,
1220 1273 1536 1318 vindicationem,
1567 1274 1641 1312 ob-

240 1334 478 1380 servantiam,
499 1336 713 1373 veritatem.
760 1336 916 1389 Religio
938 1336 1004 1381 est,
1026 1350 1111 1389 quae
1131 1337 1332 1390 superioris
1352 1339 1550 1390 cujusdam
1572 1353 1640 1377 na-

240 1410 333 1440 turae
356 1402 491 1455 (quam
507 1402 679 1440 divinam
692 1404 847 1454 vocant)
870 1417 1016 1448 curam,
1036 1405 1384 1456 caeremoniamque
1399 1405 1522 1444 affert.
1551 1407 1641 1445 Pie-

241 1477 310 1512 tas,
340 1482 407 1520 per
427 1482 544 1520 quam
565 1468 747 1521 sanguine
767 1470 851 1521 conj
860 1470 996 1514 unctis,
1020 1471 1226 1522 patriaeque
1244 1471 1438 1509 benevolis
1465 1472 1642 1513 officium

239 1543 276 1571 et
296 1534 459 1587 diligens
483 1535 666 1572 tribuitur
678 1535 820 1573 cultus.
845 1536 992 1580 Gratia,
1013 1537 1052 1573 in
1066 1550 1141 1588 qua
1157 1537 1416 1575 amicitiarum
1437 1547 1475 1575 et
1491 1539 1642 1577 officio-

239 1613 326 1638 rum
346 1600 499 1638 alterius
513 1601 715 1645 memoria,
730 1609 768 1638 et
788 1601 941 1639 alterius
963 1602 1231 1639 remunerandi
1253 1603 1441 1647 voluntas,
1463 1605 1640 1642 contine-

240 1676 314 1704 tur.
358 1667 583 1705 Vindicatio
603 1667 669 1712 est,
701 1681 768 1720 per
788 1681 907 1719 quam
927 1669 982 1706 vis
1014 1678 1051 1705 et
1077 1669 1230 1720 injuria,
1261 1678 1299 1706 et
1319 1670 1482 1708 omnino
1509 1684 1639 1716 omne,

242 1732 346 1783 quod
380 1732 613 1771 obfuturum
634 1733 700 1778 est,
732 1733 988 1779 defendendo,
1019 1744 1085 1772 aut
1116 1735 1349 1781 ulciscendo,
1386 1736 1639 1788 propulsatur.

242 1797 491 1836 Observantia
509 1799 574 1843 est,
592 1813 659 1850 per
679 1813 797 1851 quarn
818 1798 995 1837 homines
1017 1801 1145 1852 aliqua
1169 1801 1354 1853 dignitate
1375 1802 1640 1840 antecedentes

239 1864 348 1901 cultu
369 1865 538 1916 quodam
559 1874 597 1901 et
617 1864 763 1902 honore
784 1865 1004 1917 dignantur.
1048 1867 1197 1905 Veritas
1219 1868 1284 1912 est,
1312 1882 1379 1920 per
1399 1882 1530 1920 quam,
1560 1870 1638 1907 im-

239 1938 387 1967 mutata
405 1943 460 1974 ea,
482 1943 566 1982 quae
587 1930 687 1974 sunt,
710 1939 774 1967 aut
795 1940 881 1968 ante
902 1929 1074 1976 fuerunt,
1092 1941 1156 1969 aut
1177 1932 1306 1970 futura
1323 1933 1423 1978 sunt,
1441 1935 1637 1974 dicuntur.

294 1996 403 2033 LIV.
437 1995 726 2034 Consuetudine
741 1996 806 2048 jus
827 1996 892 2040 est,
921 1997 1026 2048 quod
1047 2006 1111 2035 aut
1131 1998 1264 2035 leviter
1284 2012 1304 2036 a
1325 2008 1456 2037 natura
1476 2002 1640 2039 traetum

240 2062 347 2106 aluit,
370 2072 407 2100 et
429 2063 551 2114 majus
573 2061 667 2100 fecit
689 2063 789 2107 usus,
813 2072 856 2100 ut
876 2063 1129 2115 religionem:
1153 2075 1216 2102 aut
1238 2065 1262 2102 si
1280 2065 1374 2117 quid
1390 2079 1539 2111 eorum,
1557 2081 1642 2119 quae

238 2138 324 2165 ante
345 2129 529 2173 diximus,
544 2128 590 2166 ab
608 2138 741 2166 natura
754 2128 985 2181 profectum,
1008 2131 1131 2182 majus
1148 2129 1295 2168 faetum
1311 2141 1465 2184 propter
1477 2133 1639 2170 consue·

239 2194 415 2232 tudinem
432 2194 622 2239 videmus,
640 2205 704 2233 aut
720 2195 826 2247 quod
842 2196 881 2233 in
896 2209 1045 2234 morem
1062 2196 1223 2234 vetustas
1240 2197 1347 2249 vulgi
1366 2199 1639 2250 approbatione

238 2260 440 2312 perduxit:
465 2260 569 2312 quod
581 2274 715 2313 genus,
734 2263 904 2314 paCtum,
923 2276 1002 2315 par,
1015 2263 1250 2314 judicatum.
1274 2264 1434 2302 Paffitum
1450 2264 1515 2309 est,
1534 2264 1638 2316 quod

239 2325 337 2362 inter
356 2325 503 2376 aliquos
524 2327 719 2364 convenit.
763 2328 846 2372 Par,
879 2329 984 2379 quod
1004 2329 1043 2366 in
1065 2341 1199 2366 omnes
1220 2329 1405 2380 aequabile
1426 2329 1490 2367 est.
1523 2330 1637 2380 Judi-

237 2400 382 2435 catum,
404 2391 450 2428 de
467 2404 544 2442 quo
565 2392 740 2444 alicujus,
755 2403 819 2431 aut
837 2394 1150 2446 aliquorumjam
1172 2395 1367 2432 sententiis
1384 2395 1637 2432 constitutum

238 2455 304 2494 est.
337 2457 470 2509 Lege
455 2470 519 2508 jus
540 2458 606 2502 est,
624 2459 756 2509 quod
746 2473 786 2497 in
807 2474 851 2498 eo
868 2460 1023 2513 scripto,
1045 2460 1149 2513 quod
1170 2461 1314 2551 populo
1334 2461 1550 2514 expositum
1570 2460 1635 2504 est,

237 2531 281 2560 ut
301 2522 485 2568 observet,
508 2524 741 2564 continetur.
