<?xml version="1.0" encoding="UTF-8"?>
<!DOCTYPE html PUBLIC "-//W3C//DTD XHTML 1.0 Transitional//EN"
    "http://www.w3.org/TR/xhtml1/DTD/xhtml1-transitional.dtd">
<html xmlns="http://www.w3.org/1999/xhtml" xml:lang="en" lang="en">
 <head>
  <title>
</title>
<meta http-equiv="Content-Type" content="text/html;charset=utf-8" />
  <meta name='ocr-system' content='tesseract 3.04.00' />
  <meta name='ocr-capabilities' content='ocr_page ocr_carea ocr_par ocr_line ocrx_word'/>
</head>
<body>
  <div class='ocr_page' id='page_1' title='image "./operacumindicibu01ciceuoft_0094.png"; bbox 0 0 2176 2912; ppageno 0'>
   <div class='ocr_carea' id='block_1_1' title="bbox 400 266 1548 332">
    <p class='ocr_par' dir='ltr' id='par_1_1' title="bbox 400 266 1548 332">
     <span class='ocr_line' id='line_1_1' title="bbox 400 266 1548 332; baseline -0.001 -10"><span class='ocrx_word' id='word_1_1' title='bbox 400 282 451 332; x_wconf 84' lang='lat'>84</span> <span class='ocrx_word' id='word_1_2' title='bbox 646 266 1548 322; x_wconf 43' lang='lat' dir='ltr'>DEI‘NVENTIONE</span> 
     </span>
    </p>
   </div>
   <div class='ocr_carea' id='block_1_2' title="bbox 376 373 1845 2665">
    <p class='ocr_par' dir='ltr' id='par_1_2' title="bbox 392 373 1845 873">
     <span class='ocr_line' id='line_1_2' title="bbox 396 373 1795 429; baseline 0 -17"><span class='ocrx_word' id='word_1_3' title='bbox 396 374 533 427; x_wconf 88' lang='lat' dir='ltr'>dispari</span> <span class='ocrx_word' id='word_1_4' title='bbox 554 389 709 428; x_wconf 91' lang='lat' dir='ltr'>quoque</span> <span class='ocrx_word' id='word_1_5' title='bbox 729 388 866 428; x_wconf 84' lang='lat' dir='ltr'>genere</span> <span class='ocrx_word' id='word_1_6' title='bbox 887 376 1103 429; x_wconf 89' lang='lat' dir='ltr'>culparum,</span> <span class='ocrx_word' id='word_1_7' title='bbox 1125 376 1151 414; x_wconf 89' lang='lat' dir='ltr'>fi</span> <span class='ocrx_word' id='word_1_8' title='bbox 1172 390 1219 415; x_wconf 80' lang='lat' dir='ltr'>ex</span> <span class='ocrx_word' id='word_1_9' title='bbox 1235 376 1315 429; x_wconf 88' lang='lat' dir='ltr'>pari</span> <span class='ocrx_word' id='word_1_10' title='bbox 1342 375 1517 414; x_wconf 87' lang='lat' dir='ltr'>sumendi</span> <span class='ocrx_word' id='word_1_11' title='bbox 1533 373 1695 413; x_wconf 85' lang='lat' dir='ltr'>facultas</span> <span class='ocrx_word' id='word_1_12' title='bbox 1714 388 1795 413; x_wconf 91' lang='lat' dir='ltr'>non</span> 
     </span>
     <span class='ocr_line' id='line_1_3' title="bbox 396 440 1793 494; baseline 0.001 -18"><span class='ocrx_word' id='word_1_13' title='bbox 396 440 482 484; x_wconf 89' lang='lat' dir='ltr'>erit,</span> <span class='ocrx_word' id='word_1_14' title='bbox 498 440 716 493; x_wconf 88' lang='lat' dir='ltr'>improbare</span> <span class='ocrx_word' id='word_1_15' title='bbox 731 442 907 479; x_wconf 86' lang='lat' dir='ltr'>animum</span> <span class='ocrx_word' id='word_1_16' title='bbox 927 442 1123 480; x_wconf 86' lang='lat' dir='ltr'>adversarii</span> <span class='ocrx_word' id='word_1_17' title='bbox 1139 442 1333 494; x_wconf 88' lang='lat' dir='ltr'>oportebit</span> <span class='ocrx_word' id='word_1_18' title='bbox 1350 456 1359 479; x_wconf 79' lang='grc' dir='ltr'>ε</span> <span class='ocrx_word' id='word_1_19' title='bbox 1383 451 1426 479; x_wconf 91' lang='lat' dir='ltr'>ut</span> <span class='ocrx_word' id='word_1_20' title='bbox 1441 442 1466 479; x_wconf 88' lang='lat' dir='ltr'><strong>fi</strong></span> <span class='ocrx_word' id='word_1_21' title='bbox 1481 441 1635 479; x_wconf 70' lang='lat' dir='ltr'>avaritia</span> <span class='ocrx_word' id='word_1_22' title='bbox 1654 440 1793 479; x_wconf 90' lang='lat' dir='ltr'>induc-</span> 
     </span>
     <span class='ocr_line' id='line_1_4' title="bbox 395 505 1795 559; baseline 0.001 -17"><span class='ocrx_word' id='word_1_23' title='bbox 395 513 482 543; x_wconf 90' lang='lat' dir='ltr'>tum</span> <span class='ocrx_word' id='word_1_24' title='bbox 502 519 634 558; x_wconf 84' lang='lat' dir='ltr'>arguas</span> <span class='ocrx_word' id='word_1_25' title='bbox 655 505 795 551; x_wconf 74' lang='lat' dir='ltr'>fecisse,</span> <span class='ocrx_word' id='word_1_26' title='bbox 819 516 856 544; x_wconf 94' lang='lat' dir='ltr'>et</span> <span class='ocrx_word' id='word_1_27' title='bbox 876 521 1032 545; x_wconf 87' lang='lat' dir='ltr'>avarum</span> <span class='ocrx_word' id='word_1_28' title='bbox 1060 521 1164 552; x_wconf 90' lang='lat' dir='ltr'>eum,</span> <span class='ocrx_word' id='word_1_29' title='bbox 1197 521 1315 559; x_wconf 88' lang='lat' dir='ltr'>quem</span> <span class='ocrx_word' id='word_1_30' title='bbox 1342 507 1505 551; x_wconf 84' lang='lat' dir='ltr'>accuses,</span> <span class='ocrx_word' id='word_1_31' title='bbox 1538 506 1795 544; x_wconf 85' lang='lat' dir='ltr'>demonstrare</span> 
     </span>
     <span class='ocr_line' id='line_1_5' title="bbox 395 572 1845 624; baseline 0.003 -15"><span class='ocrx_word' id='word_1_32' title='bbox 395 584 473 609; x_wconf 91' lang='lat' dir='ltr'>non</span> <span class='ocrx_word' id='word_1_33' title='bbox 500 572 638 624; x_wconf 81' lang='lat' dir='ltr'>poffis;</span> <span class='ocrx_word' id='word_1_34' title='bbox 670 573 753 610; x_wconf 84' lang='lat' dir='ltr'>aliis</span> <span class='ocrx_word' id='word_1_35' title='bbox 783 574 937 611; x_wconf 87' lang='lat' dir='ltr'>affinem</span> <span class='ocrx_word' id='word_1_36' title='bbox 958 573 1029 612; x_wconf 82' lang='lat' dir='ltr'>effe</span> <span class='ocrx_word' id='word_1_37' title='bbox 1049 575 1152 612; x_wconf 84' lang='lat' dir='ltr'>vitiis</span> <span class='ocrx_word' id='word_1_38' title='bbox 1173 574 1322 618; x_wconf 90' lang='lat' dir='ltr'>doceas,</span> <span class='ocrx_word' id='word_1_39' title='bbox 1351 582 1388 611; x_wconf 90' lang='lat' dir='ltr'>et</span> <span class='ocrx_word' id='word_1_40' title='bbox 1420 585 1466 611; x_wconf 84' lang='lat' dir='ltr'>ex</span> <span class='ocrx_word' id='word_1_41' title='bbox 1486 587 1529 611; x_wconf 89' lang='lat' dir='ltr'>ea</span> <span class='ocrx_word' id='word_1_42' title='bbox 1558 586 1597 610; x_wconf 93' lang='lat' dir='ltr'>re</span> <span class='ocrx_word' id='word_1_43' title='bbox 1618 587 1696 610; x_wconf 91' lang='lat' dir='ltr'>non</span> <span class='ocrx_word' id='word_1_44' title='bbox 1723 572 1793 610; x_wconf 83' lang='lat' dir='ltr'>effe</span> <span class='ocrx_word' id='word_1_45' title='bbox 1841 612 1845 613; x_wconf 21' lang='lat'><em>⁷</em></span> 
     </span>
     <span class='ocr_line' id='line_1_6' title="bbox 394 637 1791 692; baseline 0.001 -18"><span class='ocrx_word' id='word_1_46' title='bbox 394 637 631 683; x_wconf 88' lang='lat' dir='ltr'>mirandum,</span> <span class='ocrx_word' id='word_1_47' title='bbox 654 640 720 690; x_wconf 87' lang='lat' dir='ltr'>qui</span> <span class='ocrx_word' id='word_1_48' title='bbox 742 639 781 676; x_wconf 92' lang='lat' dir='ltr'>in</span> <span class='ocrx_word' id='word_1_49' title='bbox 800 638 866 676; x_wconf 88' lang='lat' dir='ltr'>illa</span> <span class='ocrx_word' id='word_1_50' title='bbox 885 653 923 676; x_wconf 90' lang='lat' dir='ltr'>re</span> <span class='ocrx_word' id='word_1_51' title='bbox 945 640 1080 692; x_wconf 87' lang='lat' dir='ltr'>turpis,</span> <span class='ocrx_word' id='word_1_52' title='bbox 1099 649 1163 678; x_wconf 88' lang='lat' dir='ltr'>aut</span> <span class='ocrx_word' id='word_1_53' title='bbox 1183 639 1360 692; x_wconf 86' lang='lat' dir='ltr'>cupidus,</span> <span class='ocrx_word' id='word_1_54' title='bbox 1382 648 1447 677; x_wconf 87' lang='lat' dir='ltr'>aut</span> <span class='ocrx_word' id='word_1_55' title='bbox 1467 639 1641 691; x_wconf 86' lang='lat' dir='ltr'>petulans</span> <span class='ocrx_word' id='word_1_56' title='bbox 1661 637 1791 682; x_wconf 88' lang='lat' dir='ltr'>fuerit,</span> 
     </span>
     <span class='ocr_line' id='line_1_7' title="bbox 393 701 1792 756; baseline 0.001 -16"><span class='ocrx_word' id='word_1_57' title='bbox 393 701 465 740; x_wconf 89' lang='lat' dir='ltr'>hac</span> <span class='ocrx_word' id='word_1_58' title='bbox 487 717 642 755; x_wconf 86' lang='lat' dir='ltr'>quoque</span> <span class='ocrx_word' id='word_1_59' title='bbox 657 705 697 741; x_wconf 89' lang='lat' dir='ltr'>in</span> <span class='ocrx_word' id='word_1_60' title='bbox 719 718 757 741; x_wconf 90' lang='lat' dir='ltr'>re</span> <span class='ocrx_word' id='word_1_61' title='bbox 773 718 863 741; x_wconf 88' lang='lat' dir='ltr'>eum</span> <span class='ocrx_word' id='word_1_62' title='bbox 880 704 1090 756; x_wconf 71' lang='lat' dir='ltr'>deliquisse.</span> <span class='ocrx_word' id='word_1_63' title='bbox 1123 707 1327 756; x_wconf 86' lang='lat' dir='ltr'>Qantum</span> <span class='ocrx_word' id='word_1_64' title='bbox 1348 705 1454 741; x_wconf 90' lang='lat' dir='ltr'>enim</span> <span class='ocrx_word' id='word_1_65' title='bbox 1476 705 1521 742; x_wconf 92' lang='lat' dir='ltr'>de</span> <span class='ocrx_word' id='word_1_66' title='bbox 1541 704 1735 742; x_wconf 83' lang='lat' dir='ltr'>honestate</span> <span class='ocrx_word' id='word_1_67' title='bbox 1755 713 1792 741; x_wconf 87' lang='lat' dir='ltr'>et</span> 
     </span>
     <span class='ocr_line' id='line_1_8' title="bbox 392 769 1791 821; baseline 0.001 -16"><span class='ocrx_word' id='word_1_68' title='bbox 392 769 612 806; x_wconf 65' lang='lat' dir='ltr'>auctoritate</span> <span class='ocrx_word' id='word_1_69' title='bbox 632 771 726 821; x_wconf 82' lang='lat' dir='ltr'>ejus,</span> <span class='ocrx_word' id='word_1_70' title='bbox 748 770 815 821; x_wconf 88' lang='lat' dir='ltr'>qui</span> <span class='ocrx_word' id='word_1_71' title='bbox 835 770 1021 821; x_wconf 85' lang='lat' dir='ltr'>arguitur,</span> <span class='ocrx_word' id='word_1_72' title='bbox 1044 770 1257 807; x_wconf 61' lang='lat' dir='ltr'>detractum</span> <span class='ocrx_word' id='word_1_73' title='bbox 1277 769 1344 813; x_wconf 85' lang='lat' dir='ltr'>est,</span> <span class='ocrx_word' id='word_1_74' title='bbox 1367 779 1519 807; x_wconf 82' lang='lat' dir='ltr'>tantum</span> <span class='ocrx_word' id='word_1_75' title='bbox 1543 770 1590 807; x_wconf 91' lang='lat' dir='ltr'>de</span> <span class='ocrx_word' id='word_1_76' title='bbox 1609 769 1791 807; x_wconf 85' lang='lat' dir='ltr'>facultate</span> 
     </span>
     <span class='ocr_line' id='line_1_9' title="bbox 393 833 1104 873; baseline 0.003 -2"><span class='ocrx_word' id='word_1_77' title='bbox 393 834 510 871; x_wconf 88' lang='lat' dir='ltr'>totius</span> <span class='ocrx_word' id='word_1_78' title='bbox 532 834 584 871; x_wconf 91' lang='lat' dir='ltr'>est</span> <span class='ocrx_word' id='word_1_79' title='bbox 604 833 831 872; x_wconf 79' lang='lat' dir='ltr'>defensionis</span> <span class='ocrx_word' id='word_1_80' title='bbox 848 835 1104 873; x_wconf 85' lang='lat' dir='ltr'>diminutum.</span> 
     </span>
    </p>

    <p class='ocr_par' dir='ltr' id='par_1_3' title="bbox 383 899 1790 1612">
     <span class='ocr_line' id='line_1_10' title="bbox 447 899 1790 952; baseline 0.001 -16"><span class='ocrx_word' id='word_1_81' title='bbox 447 899 484 936; x_wconf 90' lang='lat' dir='ltr'>Si</span> <span class='ocrx_word' id='word_1_82' title='bbox 505 899 603 936; x_wconf 91' lang='lat' dir='ltr'>nulli</span> <span class='ocrx_word' id='word_1_83' title='bbox 623 899 747 937; x_wconf 78' lang='lat' dir='ltr'>affinis</span> <span class='ocrx_word' id='word_1_84' title='bbox 768 900 908 952; x_wconf 91' lang='lat' dir='ltr'>poterit</span> <span class='ocrx_word' id='word_1_85' title='bbox 928 900 1023 938; x_wconf 89' lang='lat' dir='ltr'>vitio</span> <span class='ocrx_word' id='word_1_86' title='bbox 1044 913 1128 938; x_wconf 87' lang='lat' dir='ltr'>reus</span> <span class='ocrx_word' id='word_1_87' title='bbox 1149 909 1235 938; x_wconf 88' lang='lat' dir='ltr'>ante</span> <span class='ocrx_word' id='word_1_88' title='bbox 1256 899 1415 938; x_wconf 74' lang='lat' dir='ltr'>admifi‘o</span> <span class='ocrx_word' id='word_1_89' title='bbox 1435 900 1699 945; x_wconf 87' lang='lat' dir='ltr'>demonstrari,</span> <span class='ocrx_word' id='word_1_90' title='bbox 1729 900 1790 938; x_wconf 90' lang='lat' dir='ltr'>lo-</span> 
     </span>
     <span class='ocr_line' id='line_1_11' title="bbox 391 965 1790 1018; baseline 0.002 -17"><span class='ocrx_word' id='word_1_91' title='bbox 391 977 459 1001; x_wconf 90' lang='lat' dir='ltr'>cus</span> <span class='ocrx_word' id='word_1_92' title='bbox 480 965 686 1002; x_wconf 84' lang='lat' dir='ltr'>inducetur</span> <span class='ocrx_word' id='word_1_93' title='bbox 705 966 784 1009; x_wconf 85' lang='lat' dir='ltr'>ille,</span> <span class='ocrx_word' id='word_1_94' title='bbox 815 979 882 1018; x_wconf 90' lang='lat' dir='ltr'>per</span> <span class='ocrx_word' id='word_1_95' title='bbox 902 980 1020 1018; x_wconf 90' lang='lat' dir='ltr'>quem</span> <span class='ocrx_word' id='word_1_96' title='bbox 1040 965 1218 1004; x_wconf 83' lang='lat' dir='ltr'>hortandi</span> <span class='ocrx_word' id='word_1_97' title='bbox 1234 966 1384 1018; x_wconf 86' lang='lat' dir='ltr'>judices</span> <span class='ocrx_word' id='word_1_98' title='bbox 1412 976 1537 1010; x_wconf 90' lang='lat' dir='ltr'>erunt,</span> <span class='ocrx_word' id='word_1_99' title='bbox 1561 976 1602 1004; x_wconf 92' lang='lat' dir='ltr'>ut</span> <span class='ocrx_word' id='word_1_100' title='bbox 1623 975 1790 1005; x_wconf 88' lang='lat' dir='ltr'>veterem</span> 
     </span>
     <span class='ocr_line' id='line_1_12' title="bbox 390 1029 1790 1086; baseline 0.002 -18"><span class='ocrx_word' id='word_1_101' title='bbox 390 1029 536 1069; x_wconf 86' lang='lat' dir='ltr'>famam</span> <span class='ocrx_word' id='word_1_102' title='bbox 556 1030 729 1070; x_wconf 88' lang='lat' dir='ltr'>hominis</span> <span class='ocrx_word' id='word_1_103' title='bbox 760 1031 858 1070; x_wconf 85' lang='lat' dir='ltr'>nihil</span> <span class='ocrx_word' id='word_1_104' title='bbox 879 1033 925 1070; x_wconf 92' lang='lat' dir='ltr'>ad</span> <span class='ocrx_word' id='word_1_105' title='bbox 945 1047 1026 1071; x_wconf 87' lang='lat' dir='ltr'>rem</span> <span class='ocrx_word' id='word_1_106' title='bbox 1051 1042 1191 1086; x_wconf 92' lang='lat' dir='ltr'>putent</span> <span class='ocrx_word' id='word_1_107' title='bbox 1210 1033 1412 1086; x_wconf 88' lang='lat' dir='ltr'>pertinere.</span> <span class='ocrx_word' id='word_1_108' title='bbox 1458 1034 1565 1071; x_wconf 89' lang='lat' dir='ltr'>Nam</span> <span class='ocrx_word' id='word_1_109' title='bbox 1585 1047 1676 1071; x_wconf 88' lang='lat' dir='ltr'>eum</span> <span class='ocrx_word' id='word_1_110' title='bbox 1703 1042 1790 1071; x_wconf 91' lang='lat' dir='ltr'>ante</span> 
     </span>
     <span class='ocr_line' id='line_1_13' title="bbox 387 1097 1790 1152; baseline 0.002 -18"><span class='ocrx_word' id='word_1_111' title='bbox 387 1097 534 1142; x_wconf 82' lang='lat' dir='ltr'>celaffe,</span> <span class='ocrx_word' id='word_1_112' title='bbox 555 1111 659 1135; x_wconf 89' lang='lat' dir='ltr'>nunc</span> <span class='ocrx_word' id='word_1_113' title='bbox 679 1097 881 1136; x_wconf 90' lang='lat' dir='ltr'>manifesto</span> <span class='ocrx_word' id='word_1_114' title='bbox 899 1100 1033 1137; x_wconf 89' lang='lat' dir='ltr'>teneri.</span> <span class='ocrx_word' id='word_1_115' title='bbox 1077 1100 1206 1151; x_wconf 84' lang='lat' dir='ltr'>Qare</span> <span class='ocrx_word' id='word_1_116' title='bbox 1226 1113 1304 1137; x_wconf 92' lang='lat' dir='ltr'>non</span> <span class='ocrx_word' id='word_1_117' title='bbox 1325 1108 1499 1152; x_wconf 86' lang='lat' dir='ltr'>oportere</span> <span class='ocrx_word' id='word_1_118' title='bbox 1515 1098 1615 1137; x_wconf 89' lang='lat' dir='ltr'>hanc</span> <span class='ocrx_word' id='word_1_119' title='bbox 1639 1113 1721 1137; x_wconf 88' lang='lat' dir='ltr'>rem</span> <span class='ocrx_word' id='word_1_120' title='bbox 1741 1113 1790 1137; x_wconf 85' lang='lat' dir='ltr'>ex</span> 
     </span>
     <span class='ocr_line' id='line_1_14' title="bbox 389 1161 1788 1217; baseline 0.002 -18"><span class='ocrx_word' id='word_1_121' title='bbox 389 1161 579 1215; x_wconf 82' lang='lat' dir='ltr'>superiore</span> <span class='ocrx_word' id='word_1_122' title='bbox 598 1164 675 1200; x_wconf 88' lang='lat' dir='ltr'>vita</span> <span class='ocrx_word' id='word_1_123' title='bbox 694 1163 867 1216; x_wconf 61' lang='lat' dir='ltr'>spectari,</span> <span class='ocrx_word' id='word_1_124' title='bbox 886 1163 948 1201; x_wconf 92' lang='lat' dir='ltr'>sed</span> <span class='ocrx_word' id='word_1_125' title='bbox 963 1164 1195 1217; x_wconf 87' lang='lat' dir='ltr'>superiorem</span> <span class='ocrx_word' id='word_1_126' title='bbox 1215 1165 1334 1202; x_wconf 86' lang='lat' dir='ltr'>vitam</span> <span class='ocrx_word' id='word_1_127' title='bbox 1349 1178 1397 1202; x_wconf 85' lang='lat' dir='ltr'>ex</span> <span class='ocrx_word' id='word_1_128' title='bbox 1417 1163 1488 1202; x_wconf 86' lang='lat' dir='ltr'>hac</span> <span class='ocrx_word' id='word_1_129' title='bbox 1509 1178 1547 1201; x_wconf 87' lang='lat' dir='ltr'>re</span> <span class='ocrx_word' id='word_1_130' title='bbox 1563 1165 1788 1216; x_wconf 89' lang='lat' dir='ltr'>improbari,</span> 
     </span>
     <span class='ocr_line' id='line_1_15' title="bbox 387 1228 1788 1282; baseline 0.002 -17"><span class='ocrx_word' id='word_1_131' title='bbox 387 1236 426 1265; x_wconf 85' lang='lat' dir='ltr'>et</span> <span class='ocrx_word' id='word_1_132' title='bbox 447 1238 512 1266; x_wconf 92' lang='lat' dir='ltr'>aut</span> <span class='ocrx_word' id='word_1_133' title='bbox 531 1228 757 1281; x_wconf 90' lang='lat' dir='ltr'>potestatem</span> <span class='ocrx_word' id='word_1_134' title='bbox 777 1239 863 1267; x_wconf 87' lang='lat' dir='ltr'>ante</span> <span class='ocrx_word' id='word_1_135' title='bbox 882 1230 1065 1282; x_wconf 87' lang='lat' dir='ltr'>peccandi</span> <span class='ocrx_word' id='word_1_136' title='bbox 1086 1243 1163 1268; x_wconf 92' lang='lat' dir='ltr'>non</span> <span class='ocrx_word' id='word_1_137' title='bbox 1183 1229 1307 1274; x_wconf 83' lang='lat' dir='ltr'>fuiffe,</span> <span class='ocrx_word' id='word_1_138' title='bbox 1338 1238 1403 1267; x_wconf 91' lang='lat' dir='ltr'>aut</span> <span class='ocrx_word' id='word_1_139' title='bbox 1432 1230 1597 1267; x_wconf 88' lang='lat' dir='ltr'>causam.</span> <span class='ocrx_word' id='word_1_140' title='bbox 1645 1232 1741 1275; x_wconf 87' lang='lat' dir='ltr'>Aut,</span> <span class='ocrx_word' id='word_1_141' title='bbox 1762 1229 1788 1268; x_wconf 91' lang='lat' dir='ltr'><strong>fi</strong></span> 
     </span>
     <span class='ocr_line' id='line_1_16' title="bbox 386 1292 1789 1347; baseline 0.001 -16"><span class='ocrx_word' id='word_1_142' title='bbox 386 1292 468 1331; x_wconf 85' lang='lat' dir='ltr'>haec</span> <span class='ocrx_word' id='word_1_143' title='bbox 500 1294 577 1332; x_wconf 90' lang='lat' dir='ltr'>dici</span> <span class='ocrx_word' id='word_1_144' title='bbox 598 1308 675 1332; x_wconf 91' lang='lat' dir='ltr'>non</span> <span class='ocrx_word' id='word_1_145' title='bbox 695 1304 892 1347; x_wconf 91' lang='lat' dir='ltr'>poterunt,</span> <span class='ocrx_word' id='word_1_146' title='bbox 914 1295 1123 1334; x_wconf 85' lang='lat' dir='ltr'>dicendum</span> <span class='ocrx_word' id='word_1_147' title='bbox 1144 1296 1215 1333; x_wconf 87' lang='lat' dir='ltr'>erit</span> <span class='ocrx_word' id='word_1_148' title='bbox 1235 1295 1333 1332; x_wconf 91' lang='lat' dir='ltr'>illud</span> <span class='ocrx_word' id='word_1_149' title='bbox 1353 1304 1588 1339; x_wconf 83' lang='lat' dir='ltr'>extremum,</span> <span class='ocrx_word' id='word_1_150' title='bbox 1619 1308 1698 1333; x_wconf 91' lang='lat' dir='ltr'>non</span> <span class='ocrx_word' id='word_1_151' title='bbox 1717 1295 1789 1333; x_wconf 84' lang='lat' dir='ltr'>effe</span> 
     </span>
     <span class='ocr_line' id='line_1_17' title="bbox 385 1360 1787 1414; baseline 0.002 -18"><span class='ocrx_word' id='word_1_152' title='bbox 385 1360 546 1405; x_wconf 89' lang='lat' dir='ltr'>mirum,</span> <span class='ocrx_word' id='word_1_153' title='bbox 577 1361 603 1398; x_wconf 89' lang='lat' dir='ltr'><strong>fi</strong></span> <span class='ocrx_word' id='word_1_154' title='bbox 624 1374 728 1399; x_wconf 91' lang='lat' dir='ltr'>nunc</span> <span class='ocrx_word' id='word_1_155' title='bbox 743 1361 918 1413; x_wconf 87' lang='lat' dir='ltr'>primum</span> <span class='ocrx_word' id='word_1_156' title='bbox 938 1362 1156 1413; x_wconf 89' lang='lat' dir='ltr'>deliquerit.</span> <span class='ocrx_word' id='word_1_157' title='bbox 1216 1361 1324 1400; x_wconf 87' lang='lat' dir='ltr'>Nam</span> <span class='ocrx_word' id='word_1_158' title='bbox 1344 1360 1487 1400; x_wconf 84' lang='lat' dir='ltr'>neceffe</span> <span class='ocrx_word' id='word_1_159' title='bbox 1504 1361 1570 1406; x_wconf 90' lang='lat' dir='ltr'>est,</span> <span class='ocrx_word' id='word_1_160' title='bbox 1590 1374 1696 1406; x_wconf 90' lang='lat' dir='ltr'>eum,</span> <span class='ocrx_word' id='word_1_161' title='bbox 1718 1363 1787 1414; x_wconf 88' lang='lat' dir='ltr'>qui</span> 
     </span>
     <span class='ocr_line' id='line_1_18' title="bbox 384 1426 1787 1480; baseline 0.002 -17"><span class='ocrx_word' id='word_1_162' title='bbox 384 1426 477 1463; x_wconf 89' lang='lat' dir='ltr'>velit</span> <span class='ocrx_word' id='word_1_163' title='bbox 496 1439 666 1479; x_wconf 90' lang='lat' dir='ltr'>peccare,</span> <span class='ocrx_word' id='word_1_164' title='bbox 699 1427 905 1479; x_wconf 89' lang='lat' dir='ltr'>aliquando</span> <span class='ocrx_word' id='word_1_165' title='bbox 931 1428 1105 1480; x_wconf 89' lang='lat' dir='ltr'>primum</span> <span class='ocrx_word' id='word_1_166' title='bbox 1130 1427 1367 1480; x_wconf 90' lang='lat' dir='ltr'>delinquere.</span> <span class='ocrx_word' id='word_1_167' title='bbox 1418 1428 1483 1465; x_wconf 89' lang='lat' dir='ltr'>Sin</span> <span class='ocrx_word' id='word_1_168' title='bbox 1503 1428 1581 1465; x_wconf 87' lang='lat' dir='ltr'>vita</span> <span class='ocrx_word' id='word_1_169' title='bbox 1600 1436 1687 1465; x_wconf 89' lang='lat' dir='ltr'>ante</span> <span class='ocrx_word' id='word_1_170' title='bbox 1707 1429 1787 1466; x_wconf 60' lang='lat' dir='ltr'>aeta</span> 
     </span>
     <span class='ocr_line' id='line_1_19' title="bbox 385 1491 1784 1547; baseline 0.002 -18"><span class='ocrx_word' id='word_1_171' title='bbox 385 1491 640 1544; x_wconf 86' lang='lat' dir='ltr'>ignorabitur,</span> <span class='ocrx_word' id='word_1_172' title='bbox 661 1491 738 1531; x_wconf 91' lang='lat' dir='ltr'>hoc</span> <span class='ocrx_word' id='word_1_173' title='bbox 763 1493 851 1531; x_wconf 89' lang='lat' dir='ltr'>loco</span> <span class='ocrx_word' id='word_1_174' title='bbox 869 1494 1076 1546; x_wconf 80' lang='lat' dir='ltr'>praeterito,</span> <span class='ocrx_word' id='word_1_175' title='bbox 1098 1503 1137 1532; x_wconf 89' lang='lat' dir='ltr'>et</span> <span class='ocrx_word' id='word_1_176' title='bbox 1156 1508 1225 1532; x_wconf 92' lang='lat' dir='ltr'>cur</span> <span class='ocrx_word' id='word_1_177' title='bbox 1244 1503 1486 1547; x_wconf 75' lang='lat' dir='ltr'>praetereatur</span> <span class='ocrx_word' id='word_1_178' title='bbox 1511 1493 1784 1539; x_wconf 87' lang='lat' dir='ltr'>demonstrato,</span> 
     </span>
     <span class='ocr_line' id='line_1_20' title="bbox 383 1559 1544 1612; baseline 0.001 -17"><span class='ocrx_word' id='word_1_179' title='bbox 383 1559 620 1609; x_wconf 83' lang='lat' dir='ltr'>argumentis</span> <span class='ocrx_word' id='word_1_180' title='bbox 641 1559 922 1597; x_wconf 86' lang='lat' dir='ltr'>accusationem</span> <span class='ocrx_word' id='word_1_181' title='bbox 943 1559 1070 1597; x_wconf 88' lang='lat' dir='ltr'>statim</span> <span class='ocrx_word' id='word_1_182' title='bbox 1090 1559 1318 1597; x_wconf 88' lang='lat' dir='ltr'>confirmare</span> <span class='ocrx_word' id='word_1_183' title='bbox 1337 1559 1544 1612; x_wconf 90' lang='lat' dir='ltr'>oportebit.</span> 
     </span>
    </p>

    <p class='ocr_par' dir='ltr' id='par_1_4' title="bbox 380 1622 1784 2326">
     <span class='ocr_line' id='line_1_21' title="bbox 439 1622 1782 1677; baseline 0.002 -17"><span class='ocrx_word' id='word_1_184' title='bbox 439 1623 511 1661; x_wconf 89' lang='lat' dir='ltr'>XI.</span> <span class='ocrx_word' id='word_1_185' title='bbox 540 1622 729 1660; x_wconf 89' lang='lat' dir='ltr'>Defensor</span> <span class='ocrx_word' id='word_1_186' title='bbox 748 1632 878 1661; x_wconf 87' lang='lat' dir='ltr'>autem</span> <span class='ocrx_word' id='word_1_187' title='bbox 912 1624 1099 1676; x_wconf 88' lang='lat' dir='ltr'>primurn,</span> <span class='ocrx_word' id='word_1_188' title='bbox 1132 1624 1158 1662; x_wconf 91' lang='lat' dir='ltr'>fi</span> <span class='ocrx_word' id='word_1_189' title='bbox 1178 1626 1333 1677; x_wconf 87' lang='lat' dir='ltr'>poterit,</span> <span class='ocrx_word' id='word_1_190' title='bbox 1365 1624 1520 1662; x_wconf 90' lang='lat' dir='ltr'>debebit</span> <span class='ocrx_word' id='word_1_191' title='bbox 1548 1625 1667 1663; x_wconf 90' lang='lat' dir='ltr'>vitam</span> <span class='ocrx_word' id='word_1_192' title='bbox 1686 1626 1782 1677; x_wconf 86' lang='lat' dir='ltr'>ejus,</span> 
     </span>
     <span class='ocr_line' id='line_1_22' title="bbox 383 1687 1782 1741; baseline 0.002 -16"><span class='ocrx_word' id='word_1_193' title='bbox 383 1687 453 1740; x_wconf 86' lang='lat' dir='ltr'>qui</span> <span class='ocrx_word' id='word_1_194' title='bbox 472 1688 770 1733; x_wconf 72' lang='lat' dir='ltr'>infimulabstur,</span> <span class='ocrx_word' id='word_1_195' title='bbox 801 1702 918 1741; x_wconf 85' lang='lat' dir='ltr'>quam</span> <span class='ocrx_word' id='word_1_196' title='bbox 947 1688 1246 1728; x_wconf 79' lang='lat' dir='ltr'>honestiffimam</span> <span class='ocrx_word' id='word_1_197' title='bbox 1268 1689 1537 1728; x_wconf 85' lang='lat' dir='ltr'>demonstrare.</span> <span class='ocrx_word' id='word_1_198' title='bbox 1587 1690 1632 1728; x_wconf 92' lang='lat' dir='ltr'>Id</span> <span class='ocrx_word' id='word_1_199' title='bbox 1652 1689 1782 1736; x_wconf 90' lang='lat' dir='ltr'>faciet,</span> 
     </span>
     <span class='ocr_line' id='line_1_23' title="bbox 383 1753 1784 1808; baseline 0.003 -18"><span class='ocrx_word' id='word_1_200' title='bbox 383 1753 409 1790; x_wconf 86' lang='lat' dir='ltr'><strong>fi</strong></span> <span class='ocrx_word' id='word_1_201' title='bbox 429 1753 600 1791; x_wconf 89' lang='lat' dir='ltr'>ostendet</span> <span class='ocrx_word' id='word_1_202' title='bbox 619 1753 748 1806; x_wconf 88' lang='lat' dir='ltr'>aliqua</span> <span class='ocrx_word' id='word_1_203' title='bbox 767 1755 847 1806; x_wconf 89' lang='lat' dir='ltr'>ejus</span> <span class='ocrx_word' id='word_1_204' title='bbox 863 1764 954 1792; x_wconf 88' lang='lat' dir='ltr'>nota</span> <span class='ocrx_word' id='word_1_205' title='bbox 973 1763 1010 1793; x_wconf 90' lang='lat' dir='ltr'>et</span> <span class='ocrx_word' id='word_1_206' title='bbox 1030 1756 1255 1794; x_wconf 89' lang='lat' dir='ltr'>communia</span> <span class='ocrx_word' id='word_1_207' title='bbox 1275 1756 1402 1793; x_wconf 88' lang='lat' dir='ltr'>officia</span> <span class='ocrx_word' id='word_1_208' title='bbox 1416 1774 1427 1800; x_wconf 79' lang='lat'>3</span> <span class='ocrx_word' id='word_1_209' title='bbox 1461 1755 1565 1808; x_wconf 92' lang='lat' dir='ltr'>quod</span> <span class='ocrx_word' id='word_1_210' title='bbox 1584 1769 1719 1808; x_wconf 84' lang='lat' dir='ltr'>genus,</span> <span class='ocrx_word' id='word_1_211' title='bbox 1742 1757 1784 1794; x_wconf 92' lang='lat' dir='ltr'>in</span> 
     </span>
     <span class='ocr_line' id='line_1_24' title="bbox 382 1821 1781 1875; baseline 0.002 -18"><span class='ocrx_word' id='word_1_212' title='bbox 382 1829 570 1871; x_wconf 85' lang='lat' dir='ltr'>parentes,</span> <span class='ocrx_word' id='word_1_213' title='bbox 591 1829 791 1872; x_wconf 80' lang='lat' dir='ltr'>cognatOS,</span> <span class='ocrx_word' id='word_1_214' title='bbox 814 1821 972 1865; x_wconf 88' lang='lat' dir='ltr'>amicos,</span> <span class='ocrx_word' id='word_1_215' title='bbox 1000 1821 1145 1866; x_wconf 83' lang='lat' dir='ltr'>affines,</span> <span class='ocrx_word' id='word_1_216' title='bbox 1177 1821 1397 1860; x_wconf 77' lang='lat' dir='ltr'>necessarios</span> <span class='ocrx_word' id='word_1_217' title='bbox 1413 1841 1424 1866; x_wconf 80' lang='lat'>3</span> <span class='ocrx_word' id='word_1_218' title='bbox 1457 1822 1572 1859; x_wconf 84' lang='lat' dir='ltr'>etiarn</span> <span class='ocrx_word' id='word_1_219' title='bbox 1594 1836 1678 1875; x_wconf 84' lang='lat' dir='ltr'>quae</span> <span class='ocrx_word' id='word_1_220' title='bbox 1696 1836 1781 1860; x_wconf 90' lang='lat' dir='ltr'>ma-</span> 
     </span>
     <span class='ocr_line' id='line_1_25' title="bbox 383 1886 1782 1940; baseline 0.003 -18"><span class='ocrx_word' id='word_1_221' title='bbox 383 1886 440 1937; x_wconf 89' lang='lat' dir='ltr'>gis</span> <span class='ocrx_word' id='word_1_222' title='bbox 461 1899 540 1923; x_wconf 90' lang='lat' dir='ltr'>rara</span> <span class='ocrx_word' id='word_1_223' title='bbox 559 1895 596 1923; x_wconf 93' lang='lat' dir='ltr'>et</span> <span class='ocrx_word' id='word_1_224' title='bbox 627 1886 768 1924; x_wconf 85' lang='lat' dir='ltr'>eximia</span> <span class='ocrx_word' id='word_1_225' title='bbox 787 1886 888 1931; x_wconf 89' lang='lat' dir='ltr'>sunt,</span> <span class='ocrx_word' id='word_1_226' title='bbox 919 1887 945 1924; x_wconf 90' lang='lat' dir='ltr'>fi</span> <span class='ocrx_word' id='word_1_227' title='bbox 965 1887 1012 1925; x_wconf 90' lang='lat' dir='ltr'>ab</span> <span class='ocrx_word' id='word_1_228' title='bbox 1043 1900 1089 1925; x_wconf 94' lang='lat' dir='ltr'>eo</span> <span class='ocrx_word' id='word_1_229' title='bbox 1119 1901 1212 1925; x_wconf 90' lang='lat' dir='ltr'>cum</span> <span class='ocrx_word' id='word_1_230' title='bbox 1233 1901 1376 1940; x_wconf 85' lang='lat' dir='ltr'>magno</span> <span class='ocrx_word' id='word_1_231' title='bbox 1396 1887 1527 1939; x_wconf 92' lang='lat' dir='ltr'>aliquo</span> <span class='ocrx_word' id='word_1_232' title='bbox 1557 1888 1686 1926; x_wconf 89' lang='lat' dir='ltr'>labore</span> <span class='ocrx_word' id='word_1_233' title='bbox 1716 1897 1782 1927; x_wconf 92' lang='lat' dir='ltr'>aut</span> 
     </span>
     <span class='ocr_line' id='line_1_26' title="bbox 382 1952 1780 2005; baseline 0.003 -16"><span class='ocrx_word' id='word_1_234' title='bbox 382 1952 569 2003; x_wconf 77' lang='lat' dir='ltr'>per1culo‚</span> <span class='ocrx_word' id='word_1_235' title='bbox 600 1962 665 1990; x_wconf 87' lang='lat' dir='ltr'>aut</span> <span class='ocrx_word' id='word_1_236' title='bbox 699 1962 859 2005; x_wconf 88' lang='lat' dir='ltr'>utraque</span> <span class='ocrx_word' id='word_1_237' title='bbox 893 1967 945 1998; x_wconf 91' lang='lat' dir='ltr'>re,</span> <span class='ocrx_word' id='word_1_238' title='bbox 975 1966 1068 1991; x_wconf 86' lang='lat' dir='ltr'>cum</span> <span class='ocrx_word' id='word_1_239' title='bbox 1103 1954 1246 1992; x_wconf 82' lang='lat' dir='ltr'>neceffe</span> <span class='ocrx_word' id='word_1_240' title='bbox 1272 1968 1350 1992; x_wconf 89' lang='lat' dir='ltr'>non</span> <span class='ocrx_word' id='word_1_241' title='bbox 1376 1954 1478 1999; x_wconf 74' lang='lat' dir='ltr'>esset,</span> <span class='ocrx_word' id='word_1_242' title='bbox 1509 1955 1628 1993; x_wconf 88' lang='lat' dir='ltr'>officii</span> <span class='ocrx_word' id='word_1_243' title='bbox 1657 1955 1780 2000; x_wconf 74' lang='lat' dir='ltr'>causa,</span> 
     </span>
     <span class='ocr_line' id='line_1_27' title="bbox 381 2018 1780 2073; baseline 0.003 -19"><span class='ocrx_word' id='word_1_244' title='bbox 381 2026 446 2054; x_wconf 90' lang='lat' dir='ltr'>aut</span> <span class='ocrx_word' id='word_1_245' title='bbox 466 2018 505 2055; x_wconf 88' lang='lat' dir='ltr'>in</span> <span class='ocrx_word' id='word_1_246' title='bbox 527 2019 820 2071; x_wconf 83' lang='lat' dir='ltr'>rempublicam,</span> <span class='ocrx_word' id='word_1_247' title='bbox 854 2029 917 2057; x_wconf 90' lang='lat' dir='ltr'>aut</span> <span class='ocrx_word' id='word_1_248' title='bbox 938 2020 978 2057; x_wconf 90' lang='lat' dir='ltr'>in</span> <span class='ocrx_word' id='word_1_249' title='bbox 999 2029 1186 2072; x_wconf 85' lang='lat' dir='ltr'>parentes,</span> <span class='ocrx_word' id='word_1_250' title='bbox 1217 2029 1282 2058; x_wconf 86' lang='lat' dir='ltr'>aut</span> <span class='ocrx_word' id='word_1_251' title='bbox 1302 2021 1342 2058; x_wconf 91' lang='lat' dir='ltr'>in</span> <span class='ocrx_word' id='word_1_252' title='bbox 1362 2021 1510 2072; x_wconf 88' lang='lat' dir='ltr'>aliquos</span> <span class='ocrx_word' id='word_1_253' title='bbox 1537 2034 1686 2065; x_wconf 89' lang='lat' dir='ltr'>eorum,</span> <span class='ocrx_word' id='word_1_254' title='bbox 1711 2022 1780 2073; x_wconf 92' lang='lat' dir='ltr'>qui</span> 
     </span>
     <span class='ocr_line' id='line_1_28' title="bbox 380 2084 1777 2138; baseline 0.002 -17"><span class='ocrx_word' id='word_1_255' title='bbox 380 2084 499 2122; x_wconf 89' lang='lat' dir='ltr'>modo</span> <span class='ocrx_word' id='word_1_256' title='bbox 520 2085 678 2136; x_wconf 84' lang='lat' dir='ltr'>expofiti</span> <span class='ocrx_word' id='word_1_257' title='bbox 708 2085 808 2130; x_wconf 90' lang='lat' dir='ltr'>sunt,</span> <span class='ocrx_word' id='word_1_258' title='bbox 838 2084 936 2123; x_wconf 62' lang='lat' dir='ltr'>facta</span> <span class='ocrx_word' id='word_1_259' title='bbox 962 2085 1033 2123; x_wconf 86' lang='lat' dir='ltr'>effe</span> <span class='ocrx_word' id='word_1_260' title='bbox 1060 2086 1174 2123; x_wconf 88' lang='lat' dir='ltr'>dicet.</span> <span class='ocrx_word' id='word_1_261' title='bbox 1226 2086 1378 2124; x_wconf 90' lang='lat' dir='ltr'>Deinde</span> <span class='ocrx_word' id='word_1_262' title='bbox 1399 2086 1424 2123; x_wconf 88' lang='lat' dir='ltr'><strong>fi</strong></span> <span class='ocrx_word' id='word_1_263' title='bbox 1446 2084 1544 2123; x_wconf 90' lang='lat' dir='ltr'>nihil</span> <span class='ocrx_word' id='word_1_264' title='bbox 1565 2086 1777 2138; x_wconf 76' lang='lat' dir='ltr'>deliquisse,</span> 
     </span>
     <span class='ocr_line' id='line_1_29' title="bbox 381 2149 1777 2203; baseline 0.001 -16"><span class='ocrx_word' id='word_1_265' title='bbox 381 2149 487 2187; x_wconf 90' lang='lat' dir='ltr'>nulla</span> <span class='ocrx_word' id='word_1_266' title='bbox 506 2150 715 2202; x_wconf 87' lang='lat' dir='ltr'>cupiditate</span> <span class='ocrx_word' id='word_1_267' title='bbox 734 2151 968 2203; x_wconf 85' lang='lat' dir='ltr'>impeditum</span> <span class='ocrx_word' id='word_1_268' title='bbox 988 2151 1034 2188; x_wconf 92' lang='lat' dir='ltr'>ab</span> <span class='ocrx_word' id='word_1_269' title='bbox 1055 2151 1184 2189; x_wconf 84' lang='lat' dir='ltr'>officio</span> <span class='ocrx_word' id='word_1_270' title='bbox 1205 2151 1395 2189; x_wconf 84' lang='lat' dir='ltr'>receffiffe.</span> <span class='ocrx_word' id='word_1_271' title='bbox 1439 2151 1557 2203; x_wconf 85' lang='lat' dir='ltr'>Qod</span> <span class='ocrx_word' id='word_1_272' title='bbox 1573 2165 1618 2189; x_wconf 93' lang='lat' dir='ltr'>eo</span> <span class='ocrx_word' id='word_1_273' title='bbox 1633 2151 1777 2190; x_wconf 89' lang='lat' dir='ltr'>confir-</span> 
     </span>
     <span class='ocr_line' id='line_1_30' title="bbox 381 2215 1775 2269; baseline 0.001 -17"><span class='ocrx_word' id='word_1_274' title='bbox 381 2215 522 2253; x_wconf 81' lang='lat' dir='ltr'>matius</span> <span class='ocrx_word' id='word_1_275' title='bbox 543 2217 627 2260; x_wconf 88' lang='lat' dir='ltr'>erit,</span> <span class='ocrx_word' id='word_1_276' title='bbox 659 2216 700 2261; x_wconf 88' lang='lat' dir='ltr'>fi,</span> <span class='ocrx_word' id='word_1_277' title='bbox 727 2230 819 2254; x_wconf 91' lang='lat' dir='ltr'>cum</span> <span class='ocrx_word' id='word_1_278' title='bbox 839 2216 999 2268; x_wconf 85' lang='lat' dir='ltr'>potestas</span> <span class='ocrx_word' id='word_1_279' title='bbox 1021 2217 1181 2269; x_wconf 89' lang='lat' dir='ltr'>impune</span> <span class='ocrx_word' id='word_1_280' title='bbox 1200 2217 1346 2269; x_wconf 86' lang='lat' dir='ltr'>aliquid</span> <span class='ocrx_word' id='word_1_281' title='bbox 1366 2215 1531 2254; x_wconf 89' lang='lat' dir='ltr'>faciendi</span> <span class='ocrx_word' id='word_1_282' title='bbox 1549 2218 1679 2254; x_wconf 89' lang='lat' dir='ltr'>minus</span> <span class='ocrx_word' id='word_1_283' title='bbox 1701 2216 1775 2255; x_wconf 95' lang='lat' dir='ltr'>ho-</span> 
     </span>
     <span class='ocr_line' id='line_1_31' title="bbox 380 2280 1758 2326; baseline 0.001 -8"><span class='ocrx_word' id='word_1_284' title='bbox 380 2281 481 2318; x_wconf 86' lang='lat' dir='ltr'>neste</span> <span class='ocrx_word' id='word_1_285' title='bbox 501 2280 608 2319; x_wconf 80' lang='lat' dir='ltr'>fuiffe</span> <span class='ocrx_word' id='word_1_286' title='bbox 629 2282 790 2326; x_wconf 87' lang='lat' dir='ltr'>dicetur,</span> <span class='ocrx_word' id='word_1_287' title='bbox 812 2282 987 2320; x_wconf 89' lang='lat' dir='ltr'>voluntas</span> <span class='ocrx_word' id='word_1_288' title='bbox 1008 2282 1042 2319; x_wconf 87' lang='lat' dir='ltr'>ei</span> <span class='ocrx_word' id='word_1_289' title='bbox 1061 2281 1226 2320; x_wconf 89' lang='lat' dir='ltr'>faciendi</span> <span class='ocrx_word' id='word_1_290' title='bbox 1246 2281 1568 2320; x_wconf 89' lang='lat' dir='ltr'>demonstrabitur</span> <span class='ocrx_word' id='word_1_291' title='bbox 1587 2282 1758 2321; x_wconf 84' lang='lat' dir='ltr'>abfuiffe.</span> 
     </span>
    </p>

    <p class='ocr_par' dir='ltr' id='par_1_5' title="bbox 376 2348 1775 2665">
     <span class='ocr_line' id='line_1_32' title="bbox 435 2348 1774 2401; baseline 0.001 -16"><span class='ocrx_word' id='word_1_292' title='bbox 435 2348 526 2385; x_wconf 90' lang='lat' dir='ltr'>Hoc</span> <span class='ocrx_word' id='word_1_293' title='bbox 546 2357 675 2385; x_wconf 90' lang='lat' dir='ltr'>autem</span> <span class='ocrx_word' id='word_1_294' title='bbox 696 2348 821 2400; x_wconf 90' lang='lat' dir='ltr'>ipsum</span> <span class='ocrx_word' id='word_1_295' title='bbox 853 2362 973 2400; x_wconf 88' lang='lat' dir='ltr'>genus</span> <span class='ocrx_word' id='word_1_296' title='bbox 994 2349 1065 2386; x_wconf 90' lang='lat' dir='ltr'>erit</span> <span class='ocrx_word' id='word_1_297' title='bbox 1085 2362 1129 2386; x_wconf 90' lang='lat' dir='ltr'>eo</span> <span class='ocrx_word' id='word_1_298' title='bbox 1150 2348 1313 2393; x_wconf 89' lang='lat' dir='ltr'>firmius,</span> <span class='ocrx_word' id='word_1_299' title='bbox 1345 2348 1371 2386; x_wconf 89' lang='lat' dir='ltr'>fi</span> <span class='ocrx_word' id='word_1_300' title='bbox 1392 2362 1437 2386; x_wconf 92' lang='lat' dir='ltr'>eo</span> <span class='ocrx_word' id='word_1_301' title='bbox 1457 2349 1537 2401; x_wconf 91' lang='lat' dir='ltr'>ipso</span> <span class='ocrx_word' id='word_1_302' title='bbox 1557 2349 1597 2386; x_wconf 90' lang='lat' dir='ltr'>in</span> <span class='ocrx_word' id='word_1_303' title='bbox 1621 2363 1774 2401; x_wconf 88' lang='lat' dir='ltr'>genere,</span> 
     </span>
     <span class='ocr_line' id='line_1_33' title="bbox 380 2413 1774 2466; baseline 0.001 -16"><span class='ocrx_word' id='word_1_304' title='bbox 380 2427 458 2466; x_wconf 92' lang='lat' dir='ltr'>quo</span> <span class='ocrx_word' id='word_1_305' title='bbox 473 2422 665 2464; x_wconf 86' lang='lat' dir='ltr'>arguetur,</span> <span class='ocrx_word' id='word_1_306' title='bbox 684 2415 830 2465; x_wconf 86' lang='lat' dir='ltr'>integer</span> <span class='ocrx_word' id='word_1_307' title='bbox 846 2423 953 2451; x_wconf 90' lang='lat' dir='ltr'>antea</span> <span class='ocrx_word' id='word_1_308' title='bbox 969 2413 1077 2452; x_wconf 82' lang='lat' dir='ltr'>fuiffe</span> <span class='ocrx_word' id='word_1_309' title='bbox 1095 2414 1438 2452; x_wconf 89' lang='lat' dir='ltr'>demonstrabitur:</span> <span class='ocrx_word' id='word_1_310' title='bbox 1463 2424 1505 2452; x_wconf 90' lang='lat' dir='ltr'>ut</span> <span class='ocrx_word' id='word_1_311' title='bbox 1521 2414 1561 2459; x_wconf 79' lang='lat' dir='ltr'>si,</span> <span class='ocrx_word' id='word_1_312' title='bbox 1579 2427 1671 2452; x_wconf 89' lang='lat' dir='ltr'>curn</span> <span class='ocrx_word' id='word_1_313' title='bbox 1688 2428 1774 2452; x_wconf 89' lang='lat' dir='ltr'>ava-</span> 
     </span>
     <span class='ocr_line' id='line_1_34' title="bbox 378 2478 1775 2532; baseline 0.001 -16"><span class='ocrx_word' id='word_1_314' title='bbox 378 2480 474 2517; x_wconf 80' lang='lat' dir='ltr'>ritiae</span> <span class='ocrx_word' id='word_1_315' title='bbox 495 2479 602 2516; x_wconf 87' lang='lat' dir='ltr'>causa</span> <span class='ocrx_word' id='word_1_316' title='bbox 622 2478 746 2517; x_wconf 84' lang='lat' dir='ltr'>feciffe</span> <span class='ocrx_word' id='word_1_317' title='bbox 764 2489 955 2532; x_wconf 87' lang='lat' dir='ltr'>arguatur,</span> <span class='ocrx_word' id='word_1_318' title='bbox 970 2480 1134 2518; x_wconf 88' lang='lat' dir='ltr'>minime</span> <span class='ocrx_word' id='word_1_319' title='bbox 1150 2480 1258 2517; x_wconf 89' lang='lat' dir='ltr'>omni</span> <span class='ocrx_word' id='word_1_320' title='bbox 1275 2480 1314 2517; x_wconf 88' lang='lat' dir='ltr'>in</span> <span class='ocrx_word' id='word_1_321' title='bbox 1331 2481 1406 2517; x_wconf 90' lang='lat' dir='ltr'>vita</span> <span class='ocrx_word' id='word_1_322' title='bbox 1423 2481 1595 2532; x_wconf 84' lang='lat' dir='ltr'>pecuniae</span> <span class='ocrx_word' id='word_1_323' title='bbox 1611 2481 1775 2532; x_wconf 86' lang='lat' dir='ltr'>cupidus</span> 
     </span>
     <span class='ocr_line' id='line_1_35' title="bbox 377 2544 1774 2598; baseline -0.001 -14"><span class='ocrx_word' id='word_1_324' title='bbox 377 2544 487 2584; x_wconf 81' lang='lat' dir='ltr'>fuiffe</span> <span class='ocrx_word' id='word_1_325' title='bbox 508 2545 700 2589; x_wconf 88' lang='lat' dir='ltr'>doceatur.</span> <span class='ocrx_word' id='word_1_326' title='bbox 724 2545 803 2582; x_wconf 88' lang='lat' dir='ltr'>Hic</span> <span class='ocrx_word' id='word_1_327' title='bbox 824 2545 888 2581; x_wconf 93' lang='lat' dir='ltr'>illa</span> <span class='ocrx_word' id='word_1_328' title='bbox 904 2546 1044 2598; x_wconf 67' lang='lat' dir='ltr'>magna</span> <span class='ocrx_word' id='word_1_329' title='bbox 1063 2559 1154 2583; x_wconf 88' lang='lat' dir='ltr'>cum</span> <span class='ocrx_word' id='word_1_330' title='bbox 1174 2546 1356 2598; x_wconf 87' lang='lat' dir='ltr'>gravitate</span> <span class='ocrx_word' id='word_1_331' title='bbox 1372 2546 1575 2584; x_wconf 90' lang='lat' dir='ltr'>inducetur</span> <span class='ocrx_word' id='word_1_332' title='bbox 1595 2546 1774 2598; x_wconf 85' lang='lat' dir='ltr'>indigna-</span> 
     </span>
     <span class='ocr_line' id='line_1_36' title="bbox 376 2611 1772 2665; baseline 0.001 -16"><span class='ocrx_word' id='word_1_333' title='bbox 376 2612 447 2657; x_wconf 80' lang='lat' dir='ltr'>tio,</span> <span class='ocrx_word' id='word_1_334' title='bbox 483 2611 618 2663; x_wconf 59' lang='lat' dir='ltr'>juncta</span> <span class='ocrx_word' id='word_1_335' title='bbox 647 2611 924 2663; x_wconf 84' lang='lat' dir='ltr'>conquestioni,</span> <span class='ocrx_word' id='word_1_336' title='bbox 969 2625 1037 2664; x_wconf 86' lang='lat' dir='ltr'>per</span> <span class='ocrx_word' id='word_1_337' title='bbox 1071 2625 1189 2665; x_wconf 86' lang='lat' dir='ltr'>quam</span> <span class='ocrx_word' id='word_1_338' title='bbox 1220 2612 1403 2651; x_wconf 83' lang='lat' dir='ltr'>miserum</span> <span class='ocrx_word' id='word_1_339' title='bbox 1447 2611 1597 2651; x_wconf 86' lang='lat' dir='ltr'>facinus</span> <span class='ocrx_word' id='word_1_340' title='bbox 1633 2612 1703 2651; x_wconf 83' lang='lat' dir='ltr'>effe</span> <span class='ocrx_word' id='word_1_341' title='bbox 1734 2621 1772 2650; x_wconf 92' lang='lat' dir='ltr'>et</span> 
     </span>
    </p>
   </div>
  </div>
 </body>
</html>
