2176 2912
414 216 490 256 194
765 203 879 242 DE
955 202 1462 242 ORAToRE

407 296 466 333 vel
499 294 718 334 mehercule
747 297 865 334 etiam
888 304 929 334 ut
954 296 1107 334 laudem
1127 309 1262 334 eorum
1294 296 1378 351 jam
1399 307 1515 347 prope
1536 293 1806 339 senescentem,

409 371 599 414 quantum
633 375 705 414 ego
725 362 882 414 poflem,
914 362 961 399 ab
992 362 1187 400 oblivione
1220 361 1443 406 hominum,
1475 371 1587 413 atque
1617 374 1638 398 a
1657 360 1806 399 filentio

408 429 656 466 vindicarem.
690 429 796 466 Nam
817 429 842 466 fi
863 442 909 466 ex
930 428 1078 480 scriptis
1098 429 1277 480 cognosci
1298 429 1364 481 ipfi
1385 428 1459 465 suis
1480 427 1697 480 potuissent,
1725 427 1803 464 mi-

409 506 480 530 nus
500 492 576 531 hoc
596 493 743 530 fortaffe
765 493 863 530 mihi
893 492 963 530 effe
983 493 1169 545 putafl‘em
1190 493 1455 531 laborandum.
1499 492 1570 530 Sed
1590 506 1682 530 cum
1711 491 1808 529 alter

408 572 486 597 non
517 560 704 603 multum,
739 560 860 611 (quod
894 559 1052 610 quidem
1083 560 1260 610 extaret,)
1292 569 1331 596 et
1360 559 1526 611 idipsum
1558 557 1802 600 adolescens;

407 624 501 662 alter
521 624 618 662 nihil
640 625 850 662 admodum
879 624 1008 675 scripti
1035 624 1264 675 reliquiffet3
1301 624 1427 661 deberi
1449 623 1522 661 hoc
1556 637 1576 660 a
1606 637 1668 660 me
1689 622 1802 660 tantis

407 689 616 728 hominum
647 691 810 742 ingeniis
830 690 974 741 putavi,
1011 698 1068 733 ut,
1101 703 1193 727 cum
1224 690 1341 727 etiam
1373 703 1475 726 nunc
1496 690 1622 726 vivam
1644 689 1803 727 illorum

409 757 637 794 memoriam
659 765 886 799 teneremus,
909 754 1009 792 hanc
1030 755 1292 793 immortalem
1313 755 1525 798 redderem,
1545 755 1570 792 s1
1594 755 1750 806 poffem.

462 822 580 873 Qod
614 820 689 858 hoc
720 822 837 858 etiam
858 821 920 873 spe
950 821 1147 872 aggredior
1175 822 1317 872 majore
1342 821 1389 858 ad
1425 820 1680 872 probandum,
1712 820 1806 871 quia.

407 901 484 925 non
506 889 551 925 de
573 888 689 926 Servii
711 887 861 932 Galbae,
891 896 955 924 aut
976 888 1023 924 C.
1048 887 1234 924 Carbonis
1258 887 1477 939 eloquentia
1497 886 1619 924 scribo
1640 885 1803 938 aliquid,

406 955 445 992 in
468 969 546 1006 quo
576 955 688 992 liceat
709 953 808 991 mihi
829 953 984 1005 fingere,
1015 953 1040 990 fi
1076 953 1170 1005 quid
1190 953 1322 998 velim,
1344 953 1487 991 nullius
1509 953 1696 990 memoria
1716 953 1802 1003 jam

406 1020 604 1058 refellente
620 1038 630 1064 3
663 1020 723 1057 sed
744 1020 815 1057 edo
834 1018 915 1056 haec
946 1019 992 1056 iis
1013 1018 1288 1070 cognoscenda,
1320 1019 1388 1071 qui
1408 1032 1470 1056 eos
1497 1018 1612 1070 ipsos,
1642 1018 1688 1055 de
1709 1017 1799 1069 qui-

405 1085 476 1123 bus
497 1086 648 1138 loquor,
671 1086 762 1138 saepe
782 1086 982 1122 audierunt
1000 1103 1011 1129 3
1044 1094 1086 1122 ut
1106 1085 1200 1122 duos
1221 1084 1392 1122 summos
1410 1084 1523 1127 viros,
1546 1084 1591 1120 iis
1612 1083 1679 1135 qui
1703 1096 1800 1120 neu-

405 1159 508 1188 trum
530 1152 686 1189 illorum
708 1151 884 1194 viderint,
914 1163 1062 1193 eorum,
1092 1150 1233 1201 quibus
1254 1150 1369 1187 ambo
1389 1148 1446 1185 illi
1467 1156 1631 1185 oratores
1652 1147 1801 1199 cogniti

403 1215 488 1259 fint,
511 1217 685 1253 vivorum
706 1225 743 1252 et
764 1215 1005 1267 praesentium
1026 1214 1213 1251 memoria
1233 1214 1336 1258 teste,
1359 1212 1695 1250 commendemus.

458 1281 532 1319 111.
565 1282 605 1319 N
609 1295 651 1318 ec
665 1294 752 1318 vero
770 1290 818 1325 te,
837 1280 1021 1317 cariffime
1034 1278 1162 1324 frater,
1175 1288 1289 1331 atque
1301 1279 1461 1332 optime,
1479 1276 1677 1316 rhetoricis
1695 1290 1801 1316 nunc

401 1348 631 1399 quibusdam
653 1347 773 1391 libris,
805 1359 901 1398 quos
935 1355 976 1383 tu
1006 1345 1164 1397 agrestes
1184 1355 1309 1398 putas,
1341 1345 1516 1397 insequor
1547 1353 1589 1382 ut
1609 1344 1796 1382 erudiam.

401 1414 511 1465 Qid
530 1414 635 1451 enim
656 1423 720 1450 tua
740 1412 860 1465 potest
886 1412 1056 1450 oratione
1081 1420 1146 1449 aut
1180 1411 1372 1456 subtilius,
1402 1420 1466 1448 aut
1496 1411 1663 1448 ornatius
1692 1409 1795 1448 effe?

401 1480 471 1517 Sed
492 1480 676 1531 quoniam
698 1480 769 1516 five
784 1479 949 1530 judicio,
972 1487 1013 1515 ut
1035 1478 1128 1515 soles
1149 1477 1273 1515 dicere
1285 1496 1296 1522 ς
1329 1478 1416 1522 five,
1438 1486 1481 1515 ut
1502 1477 1567 1514 ille
1586 1485 1692 1529 pater
1712 1476 1795 1514 elo-

400 1547 567 1597 quentiae
587 1546 632 1582 de
652 1544 687 1581 se
707 1545 885 1582 Isocrates
906 1543 1048 1595 scripsit
1068 1543 1157 1595 ipse,
1189 1544 1346 1595 pudore,
1374 1557 1394 1580 a
1413 1542 1590 1586 dicendo,
1626 1551 1663 1580 et
1684 1542 1793 1579 timi-

400 1612 517 1649 ditate
537 1612 702 1663 ingenua
722 1610 886 1662 quadam
906 1608 1103 1661 refugisti5
1136 1609 1222 1653 five,
1245 1618 1288 1646 ut
1308 1609 1385 1661 ipse
1399 1609 1519 1660 jocari
1540 1608 1647 1653 soles,
1670 1622 1794 1646 unum

399 1678 535 1730 putasti
555 1678 639 1715 satis
660 1676 729 1714 effe
750 1690 827 1714 non
848 1675 965 1714 modo
996 1676 1035 1712 in
1057 1688 1131 1713 una
1150 1673 1298 1712 familia
1318 1674 1523 1718 rhetorem,
1556 1674 1616 1712 sed
1637 1688 1733 1727 pene
1753 1675 1792 1712 in

398 1753 477 1781 tota
493 1744 647 1781 civitate
663 1758 671 1781 ε
694 1756 772 1780 non
788 1751 915 1780 tamen
932 1741 1092 1778 arbitror
1105 1740 1175 1778 tibi
1197 1739 1267 1778 hos
1288 1741 1405 1778 libros
1426 1741 1465 1777 in
1481 1754 1525 1778 eo
1541 1739 1621 1778 fore
1641 1753 1790 1792 genere,

397 1809 502 1859 quod
523 1810 662 1846 merito
681 1817 835 1860 propter
855 1820 1002 1850 corum,
1030 1806 1098 1858 qui
1129 1805 1174 1842 de
1194 1805 1347 1843 dicendi
1374 1807 1517 1843 ratione
1537 1805 1790 1857 disputarunt,

390 1875 637 1926 jejunitatem
658 1874 846 1911 bonarum
866 1873 1007 1910 artium
1027 1870 1137 1924 poffit
1157 1871 1284 1909 illudi.
1317 1870 1432 1909 Nihil
1452 1871 1558 1908 enim
1579 1869 1679 1908 mihi
1700 1871 1791 1923 qui-

395 1941 485 1979 dem
505 1933 656 1979 videtur
676 1941 714 1977 in
737 1939 868 1984 Craffi,
889 1948 926 1977 et
946 1938 1111 1977 Antonii
1131 1937 1303 1983 sermone
1323 1937 1393 1975 effe
1413 1937 1664 1990 praeteritum,
1686 1938 1790 1989 quod

395 2006 599 2058 quisquam
634 2006 794 2044 summis
823 2005 1003 2057 ingeniis,
1034 2003 1226 2041 acerrimis
1258 2003 1404 2047 studiis,
1439 2003 1586 2055 optima
1605 2002 1788 2048 dostrina,

395 2073 568 2111 maximo
587 2072 669 2116 usu,
691 2071 867 2124 cognosci
897 2084 939 2107 ac
959 2069 1104 2122 percipi
1136 2067 1295 2120 potuiffe
1318 2068 1587 2105 arbitraretur:
1621 2067 1725 2119 quod
1746 2077 1788 2106 tu

393 2137 580 2176 facillime
600 2138 740 2189 poteris
755 2137 940 2188 judicare,
972 2135 1039 2187 qui
1062 2133 1320 2187 prudentiam,
1351 2133 1615 2185 rationemque
1635 2133 1787 2171 dicendi

394 2218 462 2257 per
482 2212 518 2240 te
538 2204 678 2255 ipsum,
710 2203 820 2240 usum
839 2210 968 2238 autem
988 2213 1055 2253 per
1084 2213 1167 2244 nos,
1188 2199 1380 2252 percipere
1399 2199 1563 2237 voluisti.
1610 2199 1681 2237 Sed
1709 2213 1788 2251 quo

393 2270 507 2308 citius
528 2267 616 2312 hoc,
631 2268 735 2319 quod
755 2267 1002 2319 suscepimus,
1021 2279 1096 2303 non
1119 2265 1310 2303 mediocre
1331 2278 1473 2303 munus
1494 2264 1680 2302 conficere
1699 2265 1786 2317 pos-

393 2337 524 2379 fimus,
547 2334 679 2372 omissa
699 2333 821 2371 nostra
840 2331 1117 2376 adhortatione,
1149 2332 1195 2369 ad
1215 2344 1363 2377 eorum,
1389 2344 1486 2385 quos
1501 2330 1784 2384 proposuimus,

393 2403 621 2445 sermonem,
643 2399 1017 2453 disputationemque
1036 2397 1248 2436 veniamus.

449 2467 601 2506 Postero
632 2466 751 2518 igitur
781 2465 855 2510 die,
890 2478 1006 2517 quam
1028 2463 1092 2501 illa
1121 2472 1225 2501 erant
1245 2465 1340 2508 aua,
1377 2462 1470 2501 hora
1500 2462 1578 2502 fere
1608 2463 1783 2507 secunda,

391 2548 484 2574 cum
514 2533 631 2572 etiam
661 2541 747 2570 tum
767 2532 807 2570 in
839 2532 937 2570 lecto
958 2529 1106 2569 Craffus
1135 2529 1236 2576 effet,
1268 2538 1305 2568 et
1337 2529 1437 2583 apud
1468 2543 1560 2569 eum
1591 2529 1784 2582 Sulpicius
