2176 2912
441 181 518 222 302
795 165 910 204 DE
988 164 1496 204 ORATORE

438 270 573 315 putare
593 259 747 298 dicere?
779 258 851 297 Sed
865 259 961 311 jam,
995 258 1021 296 fi
1039 258 1178 310 placet,
1209 259 1255 296 ad
1285 257 1457 296 instituta
1480 257 1693 296 redeamus.
1732 257 1840 298 Mihi

438 341 541 372 vero,
565 325 726 365 Catulus
747 325 888 377 inquit,
911 325 1049 378 placet.

496 395 607 431 Turn
629 390 791 436 Craffus,
815 391 998 444 quorsum
1018 391 1137 444 igitur
1156 389 1238 429 haec
1259 391 1411 444 spectat,
1433 390 1574 443 inquit,
1611 399 1691 429 tam
1710 390 1843 444 longa,

439 468 521 497 tam
542 459 616 496 alte
636 459 807 510 repetita,
842 458 990 496 oratio?
1024 458 1097 496 Hae
1129 457 1212 495 duae
1234 467 1370 510 partes,
1404 471 1488 509 quae
1508 455 1607 495 mihi
1628 456 1838 510 supersunt,

441 524 669 562 illustrandae
688 524 883 569 orationis,
915 537 956 561 ac
985 524 1100 561 totius
1133 523 1360 575 eloquentiae
1391 522 1646 568 cumulandae,
1677 536 1869 575 quarum>

441 591 557 629 altera
576 590 653 629 dici
674 589 837 642 postulat
867 597 1011 633 ornate,
1042 588 1157 625 altera
1175 597 1273 640 apte,
1304 587 1402 626 hanc
1435 587 1577 626 habent
1603 589 1698 633 vim,
1735 598 1777 627 ut
1798 589 1842 626 fit

439 670 559 709 quam
578 656 746 694 maxime
763 654 946 707 jucunda,
969 667 1087 705 quam
1102 653 1271 691 maxime
1297 653 1337 692 in
1364 653 1489 691 sensus
1514 667 1662 697 eorum,
1685 654 1753 705 qui
1773 667 1840 692 au-

440 722 566 766 diunt,
602 720 749 764 influat,
785 729 822 757 et
843 733 959 771 quam
979 719 1160 771 plurimis
1181 718 1224 756 fit
1244 719 1356 756 rebus
1376 718 1567 756 instructa.
1601 718 1840 757 Instrumen-

440 797 527 826 tum
549 796 677 824 autem
698 785 772 823 hoc
792 785 950 830 forense,
982 785 1211 838 litigiosum,
1243 798 1340 829 acre,
1373 786 1538 823 tranum
1561 799 1608 823 ex
1627 785 1736 837 vulgi
1755 785 1843 837 opi-

442 853 638 897 nionibus,
671 852 857 904 exiguum
883 851 967 889 sane
993 860 1107 903 atque
1137 851 1364 889 mendicum
1383 851 1461 889 est:
1494 851 1592 889 illud
1626 850 1750 890 rursus
1782 851 1844 903 ip-

442 919 541 964 sum,
564 918 669 971 quod
690 918 844 956 tradunt
863 917 936 962 isti,
959 917 1027 969 qui
1046 917 1274 970 profitentur
1294 917 1329 955 se
1358 917 1512 955 dicendi
1531 917 1743 970 magistros,
1766 930 1845 955 non

445 985 570 1023 multo
590 985 642 1022 est
662 986 798 1037 majus,
821 997 940 1036 quam
960 983 1058 1021 illud
1078 984 1232 1036 vulgare
1253 997 1294 1022 ac
1315 982 1472 1021 forense.
1516 985 1712 1036 Apparatu
1733 982 1848 1021 nobis

443 1065 540 1103 opus
571 1051 646 1095 est,
678 1060 715 1088 et
755 1051 866 1088 rebus
903 1049 1098 1102 exquisitis
1131 1050 1326 1101 undique,
1356 1058 1394 1087 et
1423 1048 1620 1093 collectis,
1651 1048 1844 1092 arceffitis,

444 1118 708 1169 comportatis,
741 1125 783 1153 ut
815 1116 900 1161 tibi,
933 1115 1068 1159 Caesar,
1100 1114 1321 1153 faciendum
1355 1115 1407 1152 est
1432 1114 1478 1152 ad
1498 1127 1642 1153 annum
1659 1132 1671 1158 ;
1703 1122 1746 1152 ut
1775 1126 1848 1166 ego

445 1183 486 1220 in
507 1183 706 1220 AEdilitate
726 1181 908 1225 laboravi,
938 1181 1043 1233 quod
1063 1180 1298 1232 quotidianis
1317 1189 1354 1218 et
1373 1179 1585 1219 vernaculis
1606 1178 1719 1217 rebus
1739 1179 1845 1218 satis-

443 1247 567 1286 facere
588 1262 650 1285 me
669 1246 770 1300 poffe
789 1247 881 1285 huic
903 1247 1047 1299 populo
1066 1261 1145 1285 non
1165 1247 1362 1299 putabam.

500 1315 719 1352 Verborum
757 1313 1043 1366 eligendorum,
1075 1322 1112 1351 et
1146 1313 1486 1357 collocandorum,
1532 1321 1571 1350 et
1608 1311 1846 1350 concluden-

446 1381 585 1419 dorum
605 1379 730 1417 facilis
750 1379 803 1417 est
823 1379 881 1417 vel
902 1379 1011 1422 ratio,
1032 1379 1091 1417 vel
1112 1379 1188 1417 fine
1209 1380 1364 1424 ratione,
1386 1378 1462 1431 ipsa
1482 1378 1715 1417 exercitatio.
1766 1377 1849 1415 Re-

448 1461 537 1485 rum
557 1446 609 1483 est
640 1446 729 1483 silva
761 1459 911 1498 magna,
945 1458 1063 1497 quam
1093 1459 1186 1484 cum
1208 1446 1335 1483 Graeci
1359 1446 1442 1497 jam
1473 1458 1551 1483 non
1582 1452 1766 1487 tenerent,
1797 1443 1850 1481 ob

445 1525 608 1563 eamque
627 1510 777 1548 causam
804 1512 989 1562 juventus
1024 1510 1146 1548 nostra
1165 1511 1370 1549 dedisceret
1390 1524 1487 1563 pene
1508 1510 1699 1554 discendo,
1731 1509 1849 1548 etiam

447 1578 592 1622 Latini,
622 1577 649 1614 si
684 1576 755 1614 diis
787 1577 924 1628 placet,
955 1575 1030 1614 hoc
1059 1576 1214 1614 biennio
1234 1576 1402 1628 magistri
1428 1576 1580 1617 dicendi
1610 1576 1818 1614 extiterunt
1834 1593 1846 1619 ;

446 1658 544 1696 quos
578 1657 649 1695 ego
684 1642 827 1680 Censor
860 1642 984 1680 edicto
1016 1655 1103 1680 meo
1135 1642 1368 1687 sustuleram,
1406 1656 1483 1680 non
1515 1656 1593 1694 quo
1628 1643 1688 1693 (ut
1723 1641 1850 1680 nescio

447 1724 544 1762 quos
579 1710 705 1756 dicere
739 1709 904 1760 aiebant)
948 1709 1031 1746 acui
1063 1709 1216 1761 ingenia
1248 1709 1547 1747 adolescentium
1583 1708 1741 1752 nollem,
1787 1707 1853 1747 sed>

448 1785 581 1814 contra
600 1775 752 1827 ingenia
781 1774 945 1811 obtundi
967 1774 1088 1819 nolui,
1119 1774 1355 1813 corroborari
1386 1774 1681 1827 impudentiam.
1741 1774 1851 1813 Nam

449 1841 551 1894 apud
585 1842 755 1885 Graecos,
786 1840 1026 1878 cuicuimodi
1057 1839 1185 1885 ess‘ent,
1230 1840 1410 1878 videbam
1440 1849 1567 1878 tamen
1600 1839 1685 1884 effe,
1716 1848 1851 1892 praeter

448 1905 548 1944 hanc
587 1906 900 1954 exercitationem
941 1906 1102 1958 linguae,
1134 1906 1348 1945 doctrinam
1377 1907 1566 1958 aliquam,
1598 1915 1635 1943 et
1664 1905 1848 1944 humani-

450 1981 567 2009 tatem
599 1972 755 2024 dignam
790 1972 957 2010 scientia.
1003 1973 1089 2010 Hos
1111 1986 1199 2010 vero
1218 1986 1335 2011 novos
1356 1972 1552 2024 magistros
1573 1970 1674 2009 nihil
1702 1971 1849 2009 intelli-

449 2039 589 2090 gebam
620 2037 721 2090 posse
751 2039 899 2083 docere,
931 2039 999 2076 nisi
1021 2047 1064 2076 ut
1094 2039 1274 2077 auderent
1290 2056 1303 2083 ς
1335 2038 1453 2090 quod,
1481 2038 1596 2075 etiam
1616 2051 1707 2075 cum
1738 2037 1849 2075 bonis

451 2104 564 2149 rebus
584 2105 850 2155 conjunctum,
883 2118 947 2157 per
964 2104 1127 2156 seipsum
1147 2104 1198 2141 est
1214 2116 1445 2156 magnopere
1466 2101 1709 2154 fugiendum.
1758 2103 1851 2141 Hoc

450 2182 543 2208 cum
571 2183 693 2207 unum
726 2170 945 2214 traderetur,
976 2179 1013 2208 et
1039 2183 1131 2208 cum
1161 2169 1409 2222 impudentia:
1445 2169 1557 2207 ludus
1588 2168 1690 2214 effer,
1720 2171 1852 2222 putavi

452 2235 525 2273 effe
546 2236 734 2280 Censoris,
768 2250 814 2273 ne
833 2236 984 2288 longius
1005 2236 1045 2272 id
1066 2235 1238 2288 serperet,
1260 2235 1469 2288 providere.
1517 2236 1753 2288 Qanquam
1773 2249 1857 2273 non

453 2301 535 2340 haec
569 2303 621 2340 ita
650 2302 771 2340 statuo
798 2316 840 2340 ac
873 2302 1047 2346 decerno,
1078 2311 1120 2339 ut
1151 2301 1357 2355 desperem,
1390 2302 1526 2340 Latine
1548 2315 1603 2346 ea,
1634 2302 1680 2340 de
1711 2302 1851 2353 quibus

453 2368 744 2420 disputavimus,
776 2368 870 2406 tradi
901 2382 943 2406 ac
963 2367 1158 2420 perpoliri.
1203 2368 1353 2406 Patitur
1372 2369 1477 2407 enim
1497 2377 1535 2406 et
1564 2368 1696 2420 lingua
1716 2368 1852 2412 nostra,

447 2443 490 2473 et
527 2443 660 2473 natura
692 2448 849 2480 rerum,
881 2443 1047 2474 veterem
1082 2434 1190 2475 illam
1228 2434 1561 2488 excellentemque
1605 2435 1850 2488 prudentiam
