2176 2912
455 224 534 265 354
798 210 928 250 DE
1043 208 1517 249 CLARIS

452 305 560 344 Nam
582 303 860 356 QMetellus,
891 303 937 348 is,
969 304 1080 355 cujus
1101 311 1264 355 quatuor
1284 302 1355 340 filii
1375 300 1589 340 consulares
1615 298 1785 346 fuerunt,
1815 302 1858 340 in

454 371 589 423 primis
621 369 673 408 est
692 369 846 408 habitus
878 369 1076 421 eloquens,
1107 369 1175 421 qui
1195 383 1264 421 pro
1295 370 1343 407 L.
1368 369 1484 406 Cotta
1514 367 1628 412 dixit,
1659 367 1860 404 accusante

454 435 641 474 Africano
653 454 665 481 5
697 437 806 487 cujus
826 445 863 473 et
883 435 964 473 aliae
980 435 1066 473 sunt
1083 435 1284 479 orationes,
1302 443 1339 472 et
1360 444 1493 472 contra
1512 433 1608 471 Tib.
1628 431 1857 471 Gracchum

452 501 620 554 exposita
640 501 691 538 est
711 501 752 539 in
773 501 821 538 C.
846 500 986 538 Fannii
1005 499 1221 537 annalibus.

508 569 618 605 Turn
634 567 712 620 ipse
730 568 778 605 L.
798 568 913 605 Cotta
928 575 1114 604 veterator
1126 564 1295 609 habitus,
1314 565 1374 602 sed
1392 566 1439 602 C.
1458 564 1616 608 Laelius,
1632 574 1671 601 et
1684 565 1727 602 P.
1743 563 1853 601 Afri-
1902 564 1905 565 ⁷

451 647 568 672 canus
589 634 629 671 in
650 633 786 686 primis
805 633 1050 683 eloquente35
1083 644 1252 682 quorum
1271 639 1404 668 extant
1419 630 1621 674 orationes,
1644 643 1690 667 ex
1710 630 1853 681 quibus

450 700 658 738 existimari
674 700 720 736 de
736 698 899 750 ingeniis
916 707 1110 735 oratorum
1127 696 1261 749 potest.
1285 696 1357 734 Sed
1373 696 1471 734 inter
1486 694 1556 732 hos
1573 704 1681 734 aetate
1693 695 1856 748 paulum

450 765 511 804 his
532 764 756 803 antecedens
790 764 864 801 fine
888 762 1138 801 controverfia
1159 764 1236 801 Ser.
1261 761 1388 800 Galba
1416 762 1636 814 eloquentia
1654 760 1827 814 praestitit
1842 775 1855 798 z

449 840 488 869 et
508 831 696 869 nimirum
716 830 747 867 is
768 829 947 882 prInceps
967 842 1013 867 ex
1036 828 1185 866 Latinis
1206 828 1273 866 illa
1290 837 1486 866 oratorum
1505 827 1675 880 propria,
1692 834 1730 864 et
1749 824 1855 879 quafi

448 897 625 950 legitima
643 909 756 949 opera
775 895 960 940 tractavit,
982 903 1024 932 ut
1044 894 1284 947 egrederetur
1302 908 1322 932 a
1342 894 1534 947 propofito
1552 893 1712 931 ornandi
1729 892 1859 937 causa,

448 972 493 1001 ut
524 963 723 1001 delectaret
754 961 917 1006 animos,
949 969 992 998 ut
1021 969 1272 1013 permoveret,
1304 968 1346 998 ut
1365 968 1518 1012 augeret
1544 972 1643 1004 rem,
1672 967 1716 996 ut
1736 957 1852 996 mise-

450 1029 678 1074 rationibus,
699 1037 742 1066 ut
762 1027 1039 1066 communibus
1061 1027 1172 1072 locis,
1194 1035 1378 1065 uteretur.
1411 1026 1482 1064 Sed
1502 1025 1628 1064 nescio
1653 1023 1853 1078 quomodo

447 1095 580 1148 hujus,
617 1109 735 1148 quem
769 1095 914 1133 constat
945 1094 1167 1146 eloquentia
1199 1093 1418 1146 praestitisse,
1453 1092 1629 1131 exiliores
1663 1092 1852 1130 orationes

448 1162 548 1207 sunt,
579 1171 616 1200 et
637 1162 847 1200 redolentes
869 1161 991 1213 magis
1011 1160 1297 1212 antiquitatem,
1318 1172 1437 1211 quam
1456 1167 1521 1196 aut
1538 1157 1664 1203 Laelii,
1681 1167 1746 1195 aut
1767 1157 1853 1196 Sci-

446 1228 588 1280 pionis,
610 1236 676 1265 aut
694 1227 811 1265 etiam
841 1227 956 1280 ipfius
978 1226 1137 1264 Catonis
1153 1243 1166 1271 ς
1197 1225 1326 1278 itaque
1346 1233 1588 1269 exaruerunt,
1616 1223 1680 1262 vix
1704 1224 1788 1276 jam
1808 1233 1855 1263 ut

446 1303 661 1347 appareant.

501 1362 563 1399 De
596 1360 711 1414 ipfius
742 1360 854 1399 Laelii
884 1369 922 1398 et
953 1359 1143 1412 Scipionis
1174 1359 1345 1412 ingenio,
1371 1371 1597 1410 'quanquam
1627 1370 1669 1395 ea
1688 1357 1740 1395 est
1766 1358 1855 1409 jam.

443 1428 591 1480 opinio,
614 1437 657 1465 ut
677 1427 894 1479 plurimum
915 1426 1106 1464 tribuatur
1125 1426 1340 1470 a1nbobus;
1373 1425 1525 1463 dicendi
1546 1433 1674 1462 tamen
1694 1423 1775 1461 laus
1796 1423 1850 1461 est

444 1493 484 1530 in
517 1494 638 1531 Laelio
669 1493 863 1530 illustrior.
914 1494 969 1530 At
1000 1492 1121 1529 oratio
1142 1491 1255 1530 Laelii
1282 1491 1328 1529 de
1362 1490 1550 1543 collegiis,
1582 1503 1660 1528 non
1693 1489 1847 1534 melior,

444 1572 563 1611 quam
578 1559 625 1595 de
645 1557 795 1601 multis,
813 1571 930 1608 quam
950 1557 1066 1601 voles,
1085 1557 1273 1608 Scipionis
1289 1571 1297 1594 ε
1322 1570 1398 1594 non
1419 1570 1498 1608 quo
1518 1556 1585 1593 illa
1603 1556 1713 1593 Laelii
1729 1556 1847 1606 quid-

444 1637 563 1676 quam
582 1623 626 1661 fit
647 1623 812 1667 dulcius,
834 1630 898 1659 aut
918 1622 1022 1674 quod
1043 1622 1089 1659 de
1111 1622 1294 1674 religione
1314 1622 1389 1659 dici
1410 1621 1523 1674 poffit
1542 1620 1761 1672 augustius;
1784 1620 1851 1658 sed

443 1690 571 1728 multo
592 1699 720 1728 tamen
741 1688 934 1733 vetustior,
970 1699 1007 1726 et
1027 1687 1218 1726 horridior
1244 1688 1322 1732 ille,
1354 1702 1471 1739 quam
1494 1688 1647 1739 Scipio;
1679 1696 1729 1731 et,
1752 1700 1845 1724 cum

443 1757 516 1795 smt
536 1757 575 1794 in
597 1756 760 1794 dicendo
780 1755 888 1793 variae
909 1755 1136 1799 voluntates,
1168 1755 1342 1792 delectari
1365 1753 1463 1791 mihi
1490 1754 1612 1805 magis
1634 1753 1846 1804 antiquita-

442 1832 479 1860 te
499 1823 661 1866 videtur‚
693 1832 730 1859 et
761 1821 938 1858 lubenter
958 1821 1082 1858 verbis
1104 1821 1220 1858 etiam
1243 1821 1298 1858 uti
1320 1821 1434 1872 paulo
1455 1820 1576 1871 magis
1604 1818 1734 1872 priscis
1756 1820 1844 1857 Lae-

441 1889 530 1926 lius.
579 1888 648 1927 Sed
669 1888 720 1925 est
741 1901 823 1925 mos
847 1886 1071 1931 hominum,
1104 1896 1146 1924 ut
1178 1887 1304 1924 nolint
1330 1886 1495 1924 eundem
1522 1885 1697 1938 pluribus
1730 1885 1843 1923 rebus

442 1954 640 1992 excellere.
679 1953 786 1992 Nam
807 1962 849 1990 ut
870 1967 916 1990 ex
937 1953 1076 1990 bellica
1096 1953 1205 1990 laude
1225 1953 1382 2005 aspirare
1404 1952 1448 1989 ad
1470 1950 1701 1989 Africanum
1727 1964 1850 1988 nemo.

442 2021 576 2073 potest,
608 2022 648 2058 in
669 2035 743 2072 qua
774 2020 851 2072 ipsa
885 2020 1081 2072 egregium
1104 2020 1241 2058 Viriati
1268 2019 1372 2056 bello
1392 2019 1602 2070 reperimus
1624 2016 1732 2054 suifl‘e
1753 2018 1841 2054 Lae-

441 2087 564 2130 lium;
598 2087 645 2124 fic
666 2087 824 2138 ingenii,
858 2086 1065 2129 literarum,
1087 2086 1330 2136 eloquentiae,
1354 2084 1542 2135 sapientias
1574 2083 1753 2134 denique,
1775 2082 1840 2120 etsi

441 2153 594 2205 utrique
626 2153 780 2204 primas,
817 2152 958 2203 priores
995 2160 1120 2188 tamen
1150 2147 1311 2187 libenter
1346 2148 1523 2187 deferunt
1558 2149 1692 2186 Laelio.
1753 2149 1841 2187 Nec

440 2217 538 2256 mihi
561 2226 784 2254 caetcr·oruin
800 2216 950 2268 judicio
977 2215 1099 2253 solum
1128 2215 1291 2258 videtur,
1323 2213 1381 2251 scd
1403 2215 1518 2251 etiam
1540 2213 1709 2265 ipsorum
1741 2214 1841 2252 inter

440 2283 538 2335 ipsos
559 2281 746 2325 contestu,
770 2281 820 2318 ita
842 2281 1031 2318 tributum
1053 2279 1174 2318 fuiffe.
1208 2281 1299 2317 Erat
1319 2280 1479 2317 omnino
1501 2287 1585 2316 tum
1607 2292 1706 2323 mos,
1735 2288 1777 2316 ut
1798 2279 1840 2317 in

441 2349 595 2400 reliquis
618 2348 727 2385 rebus
749 2347 898 2391 melior,
930 2347 977 2384 sic
998 2347 1037 2384 in
1057 2346 1131 2384 hoc
1153 2346 1230 2399 ipso
1250 2345 1468 2391 humanior,
1503 2354 1544 2383 ut
1572 2345 1701 2383 faciles
1723 2344 1839 2383 essent

439 2417 478 2453 in
501 2414 611 2453 suurn
633 2414 774 2466 cuique
796 2414 1011 2451 tribuendo.

484 2482 617 2519 XXII.
640 2481 835 2518 Rffcmoria
851 2489 973 2524 teneo,
992 2482 1159 2531 Smyrnae
1181 2493 1243 2516 me
1263 2492 1307 2517 ex
1331 2480 1373 2516 P.
1394 2477 1546 2516 Rutilio
1562 2475 1669 2517 Rufo
1685 2476 1837 2521 audisse,

437 2560 530 2586 cum
562 2547 703 2585 diceret
731 2545 1012 2585 adolescentulo
1034 2545 1067 2583 se
1088 2544 1272 2590 accidisse,
1301 2553 1343 2583 ut
1371 2557 1416 2582 ex
1438 2542 1767 2582 Senatusconsulto
1789 2542 1834 2580 P.
