2176 2912
374 280 425 322 92
624 266 1524 307 DEINVENTIONE

420 361 534 401 XIX.
566 361 672 400 Cum
691 370 821 399 autem
840 360 952 405 actio,
974 359 1225 398 transsationis
1245 367 1311 397 aut
1329 359 1646 399 commutationis
1666 358 1770 397 indi.

373 440 463 480 gere
482 427 646 472 videtur,
678 426 783 479 quod
809 439 886 464 non
908 436 972 463 aut
991 427 1021 463 is
1049 426 1140 478 agit,
1169 438 1287 477 quem
1308 434 1474 478 oportet,
1508 434 1573 462 aut
1590 437 1683 462 cum
1709 437 1769 470 eo,

376 493 538 546 quicum
556 502 720 546 oportet,
739 501 804 530 aut
823 492 924 544 apud
944 505 1055 544 quos,
1083 505 1158 543 qua
1177 491 1274 543 lege,
1296 504 1372 542 qua
1391 504 1516 543 poena‚
1538 503 1616 542 quo
1635 490 1771 528 crimi-

375 573 438 605 ne,
452 573 530 612 quo
546 569 720 612 tempore
740 568 903 611 oportet,
920 558 1143 596 constitutio
1160 556 1369 595 transsativa
1384 557 1610 609 appellatur.
1638 557 1770 608 Hujus

375 626 487 664 nobis
507 625 684 677 exempla
698 624 889 677 permulta
904 637 998 676 opus
1015 624 1115 668 sunt,
1137 623 1163 660 fi
1176 622 1321 674 singula
1333 622 1619 660 transsationum
1635 635 1772 674 genera

375 704 590 744 quaeramus
606 709 617 735 ;
649 690 711 728 sed
731 691 822 742 quia
843 690 938 728 ratio
958 698 1236 742 praeceptorum
1256 688 1388 726 fimilis
1409 688 1475 732 est,
1501 687 1772 740 exemplorum

375 757 629 795 multitudine
649 756 968 808 supersedendum
981 754 1045 792 est.
1078 756 1208 805 Atque
1229 754 1269 790 in
1291 754 1413 791 nostra
1432 753 1591 805 quidem
1611 753 1772 792 consue-

375 823 510 861 tudine
532 822 666 860 multis
687 822 733 859 de
753 821 869 859 Causls
889 821 946 863 fit,
975 830 1017 858 ut
1038 820 1152 857 rarius
1174 819 1343 857 incidant
1364 818 1633 856 transsationes.
1665 819 1773 857 Nam

376 897 415 926 et
435 888 618 940 praetoriis
640 886 929 939 exceptionibus
954 886 1086 923 multae
1107 884 1365 923 excluduntur
1385 885 1562 928 affitiones,
1584 893 1622 921 et
1642 883 1772 936 itajus

376 954 490 992 civile
509 952 695 991 habemus
717 952 984 995 constitutum,
1007 960 1049 988 ut
1069 949 1176 988 causti
1191 950 1298 987 cadat
1319 950 1363 994 is,
1382 950 1449 1002 qui
1470 963 1561 995 non,
1584 950 1770 1002 quemad-

377 1020 541 1058 modum
561 1028 725 1072 oportet,
747 1019 880 1070 egerit.

433 1087 562 1136 Qare
596 1086 635 1122 in
664 1085 750 1135 jure
772 1083 998 1135 plerumque
1032 1081 1234 1120 versantur.
1295 1081 1355 1119 Ibi
1389 1081 1494 1118 enim
1515 1089 1552 1118 et
1574 1080 1771 1133 exceptio-

377 1164 444 1190 nes
464 1150 714 1203 postulantur,
746 1158 783 1186 et
809 1148 1097 1201 quodammodo
1115 1147 1250 1200 agendi
1270 1146 1430 1199 potestas
1459 1147 1582 1190 datur,
1613 1155 1652 1183 et
1681 1160 1771 1183 om-

377 1217 437 1255 nis
457 1216 660 1268 conceptio
680 1215 913 1267 privatorum
924 1214 1162 1266 judiciorum
1178 1212 1434 1250 constituitur.
1473 1211 1518 1249 In
1540 1211 1626 1263 ipsis
1643 1220 1773 1249 autem

372 1283 531 1334 judiciis
552 1282 668 1319 rarius
694 1281 886 1324 incidunt,
909 1290 947 1317 et
967 1290 1110 1324 tamen,
1137 1279 1163 1316 fi
1184 1277 1336 1330 quando
1363 1276 1555 1322 incidunt,
1586 1276 1774 1328 ejusmodi

378 1349 478 1393 sunt,
501 1358 543 1385 ut
562 1361 630 1400 per
650 1347 685 1384 se
705 1347 833 1384 minus
854 1345 1018 1383 habeant
1037 1344 1287 1383 firmitudinis
1306 1358 1315 1381 ι
1347 1342 1625 1381 confirmentur
1642 1352 1773 1381 autem

376 1414 562 1466 affumpta
581 1413 652 1450 alia
671 1412 798 1464 aliqua
817 1411 1101 1450 constitutione.
1162 1412 1219 1448 Ut
1238 1410 1278 1447 in
1299 1409 1467 1462 quodam
1486 1408 1649 1460 judicio,
1680 1422 1773 1446 cum

376 1479 535 1518 venefici
555 1477 753 1531 cujusdam
774 1491 916 1515 nomen
937 1476 1024 1514 effet
1044 1476 1230 1520 delatum,
1261 1484 1312 1520 et,
1343 1475 1433 1527 quia
1454 1473 1645 1526 parricidii
1666 1473 1774 1511 causa

377 1545 583 1597 subscripta
602 1543 704 1587 effet,
735 1553 840 1581 extra
868 1543 1044 1580 ordinem
1070 1541 1159 1580 effet
1187 1551 1403 1593 acceptum,
1435 1554 1526 1578 cum
1558 1540 1597 1577 in
1616 1539 1771 1577 accusa-

376 1612 481 1649 tione
500 1610 571 1647 alia
596 1609 770 1661 quaedam
798 1608 961 1646 crimina
992 1607 1147 1645 testibus
1169 1615 1205 1644 et
1236 1606 1471 1658 argumentis
1492 1605 1769 1643 confirmaren-

377 1686 453 1721 tur,
483 1674 675 1728 parricidii
693 1683 822 1711 autem
844 1672 969 1711 solum
990 1673 1137 1710 mentio
1157 1671 1254 1709 facta
1279 1671 1394 1715 effet;
1427 1670 1598 1709 defensor
1628 1672 1668 1709 in
1696 1670 1771 1710 hoc

377 1742 456 1794 ipso
477 1741 649 1779 multum
669 1748 832 1792 oportet,
854 1748 897 1776 ut
914 1738 981 1776 diu
999 1738 1184 1782 consistat,
1203 1751 1294 1775 cum
1314 1737 1360 1774 de
1382 1750 1473 1775 nece
1492 1738 1654 1789 parentis
1672 1736 1771 1775 nihil

376 1807 679 1845 demonstratum
699 1805 757 1849 fit,
789 1805 994 1857 indignum
1015 1803 1162 1841 facinus
1194 1803 1263 1841 effe
1297 1817 1338 1840 ea
1358 1817 1470 1854 poena
1489 1803 1635 1840 afficere
1665 1816 1771 1848 eum,

377 1887 453 1925 qua
472 1872 665 1925 parricidae
691 1872 923 1909 afficiuntur.
956 1870 1001 1908 Id
1021 1878 1165 1914 autem,
1197 1869 1222 1906 fi
1243 1869 1497 1913 damnaretur,
1528 1868 1609 1906 fieri
1630 1869 1773 1908 neceffe

376 1940 478 1983 effet,
500 1939 684 1990 quoniam
705 1946 741 1975 et
763 1938 802 1975 id
822 1936 938 1975 causae
958 1936 1229 1988 subscriptum,
1258 1945 1294 1972 et
1312 1948 1358 1972 ex
1379 1948 1420 1971 ea
1440 1948 1478 1972 re
1507 1948 1647 1972 nomen
1668 1944 1774 1973 extra

377 2005 551 2042 ordinem
572 2005 615 2042 fit
635 2013 851 2056 acceptum.
908 2002 966 2040 Ea
985 2003 1104 2054 igitur
1129 2000 1243 2054 poena
1259 2001 1285 2038 fi
1305 2001 1406 2038 affici
1426 2014 1532 2038 reum
1555 2014 1631 2038 non
1657 2014 1773 2052 opor-

379 2080 465 2115 teat,
484 2070 655 2108 damnari
675 2083 829 2122 quoque
849 2083 926 2107 non
955 2077 1142 2121 oportere,
1165 2067 1349 2119 quoniam
1370 2080 1412 2103 ea
1429 2079 1541 2118 poena
1558 2066 1771 2104 damnatio-

379 2151 467 2175 nem
488 2136 683 2174 necessario
699 2136 960 2187 consequatur.
980 2134 1060 2172 Hic
1079 2132 1264 2176 defensor,
1283 2145 1405 2184 poenae
1425 2131 1772 2170 commutationem

377 2217 422 2241 ex
441 2203 651 2240 transsativo
671 2216 805 2254 genere
824 2201 1056 2244 inducendo,
1089 2208 1210 2237 totam
1238 2198 1449 2236 infirmabit
1475 2197 1769 2237 accusationem.

377 2269 641 2306 Veruntamen
671 2268 812 2305 caeteris
834 2280 987 2318 quoque
1008 2264 1236 2303 criminibus
1257 2262 1502 2301 defendendis
1522 2264 1772 2315 conjecturali

376 2334 647 2372 constitutione
668 2332 947 2371 transsationem
967 2330 1226 2369 confirmabit.

422 2401 513 2437 XX.
538 2399 774 2451 Exemplum
788 2407 916 2435 autem
940 2396 1186 2434 transsationis
1214 2396 1253 2433 in
1279 2393 1386 2432 causa
1409 2394 1518 2431 nobis
1537 2395 1701 2446 positum
1729 2394 1773 2432 sit

376 2466 598 2518 hujusmodi
615 2484 627 2510 5
652 2467 755 2503 Cum
777 2465 821 2501 ad
842 2465 921 2502 vim
938 2463 1151 2501 faciendam
1169 2462 1328 2514 quidam
1345 2461 1478 2498 armati
1498 2461 1693 2505 venissent,
1711 2475 1771 2498 ar-

378 2533 470 2571 mati
491 2542 622 2570 contra
643 2531 774 2585 praest0
793 2529 962 2575 fuerunt,
978 2539 1014 2567 et
1035 2529 1189 2566 cuidam
1209 2529 1331 2580 equiti
1352 2529 1530 2566 Romano
1546 2528 1704 2579 quidam
1725 2542 1772 2566 ex

376 2600 528 2639 armatis
548 2599 741 2644 refistenti,
772 2597 899 2651 gladio
922 2610 1083 2638 manum
1111 2596 1297 2649 praecidit.
1355 2596 1452 2648 Agit
1472 2595 1518 2641 is,
1550 2595 1612 2634 cui
1634 2607 1769 2634 manus
