2176 2912
608 191 927 233 LIBER
1003 191 1488 236 TERTIUS.

1673 214 1747 253 323

345 289 479 325 lumen
500 286 685 338 accipiat;
709 294 752 323 ut
771 285 904 323 eadem
922 285 1038 338 spatia
1050 287 1223 339 quinque
1241 287 1354 326 stellae
1375 289 1510 342 dispari
1527 299 1638 328 motu
1658 305 1748 329 cur-

345 353 463 404 suque
482 350 702 389 conficiant.
736 352 832 388 Haec
854 359 1000 389 tantam
1020 350 1165 389 habent
1186 353 1280 397 vim,
1299 361 1341 390 ut
1363 354 1522 405 paulum
1544 356 1750 393 immutata

342 417 530 455 cohaerere
561 430 639 454 non
672 416 838 469 poffint3
871 422 1018 454 tantam
1038 417 1388 470 pulchritudinem,
1421 428 1464 457 ut
1485 420 1590 457 nulla
1610 421 1749 472 species

343 496 391 521 ne
411 483 620 535 excogitari
648 483 807 534 quidem
838 483 950 536 poflit
970 484 1151 522 ornatior.
1196 484 1352 522 Referte
1372 499 1477 523 nunc
1498 485 1674 523 animum
1703 487 1751 524 ad

342 548 566 593 hominum,
581 549 640 586 vel
661 549 779 587 etiam
795 557 1016 587 caeterarum
1034 551 1307 596 animantium,
1326 550 1494 589 formam
1510 560 1547 589 et
1559 551 1721 602 figuram
1736 569 1748 595 ς

343 615 493 653 nullam
514 625 660 668 partem
681 616 849 668 corporis
871 616 947 653 fine
967 616 1095 668 aliqua
1114 617 1329 655 necestitate
1349 618 1529 663 affidffim,
1551 627 1751 669 totamque

344 680 511 719 formam
532 683 635 733 quasi
654 681 862 734 perfeftam
883 682 1075 735 reperietis
1096 692 1186 727 arte,
1219 697 1296 721 non
1317 684 1417 722 casu.

399 748 549 787 XLVI.
594 748 702 799 Qid
722 748 761 785 in
783 748 997 793 arboribus,
1021 749 1060 786 in
1082 749 1223 801 quibus
1245 763 1323 787 non
1344 759 1517 794 truncu8‚
1541 763 1618 787 non
1639 749 1749 793 rami,

344 826 422 851 non
437 813 530 851 folia
550 814 636 852 sunt
656 813 835 865 denique,
852 813 919 851 nifi
936 814 983 851 ad
998 814 1104 852 suam
1126 816 1364 853 retinendam
1381 814 1754 867 conservandamque

345 880 550 917 naturam?
573 879 761 931 nusquam
781 889 909 918 tamen
930 879 983 917 est
1003 880 1082 917 ulla
1101 894 1199 933 pars,
1223 882 1291 919 nisi
1308 882 1474 919 venusta.
1507 882 1753 934 Linquamus

344 954 533 990 naturam,
566 945 736 997 artesque
755 945 966 983 videamus.
1013 946 1123 997 Qid
1144 956 1223 984 tam
1244 950 1284 984 in
1317 947 1470 999 navigio
1491 946 1753 991 necessarium,

345 1025 464 1064 quam
485 1012 612 1056 latera,
635 1024 753 1064 quam
772 1012 910 1056 carina,
935 1025 1052 1063 quam
1072 1025 1196 1064 prora,
1230 1026 1347 1066 quam
1368 1013 1522 1066 puppis,
1546 1026 1665 1065 quam
1683 1025 1753 1050 an.-

345 1087 483 1122 tennae,
522 1086 641 1130 quam
675 1078 769 1122 vela,
804 1091 923 1129 quam
958 1078 1050 1116 mali
1069 1079 1081 1116 ?
1124 1093 1209 1131 quae
1243 1089 1373 1118 tamen
1406 1078 1506 1117 hanc
1536 1078 1682 1117 habent
1714 1079 1755 1117 in

347 1144 470 1196 specie
504 1143 753 1188 venustatem,
789 1153 832 1181 ut
862 1157 939 1181 non
975 1143 1100 1182 solum
1130 1145 1273 1191 salutis,
1309 1146 1370 1183 sed
1400 1146 1517 1184 etiam
1546 1144 1755 1198 voluptatis

346 1205 468 1250 causa,
515 1206 669 1242 inventa
698 1204 770 1243 effe
789 1204 1002 1243 videantur.
1055 1205 1259 1245 Columnae
1278 1216 1316 1245 et
1342 1206 1488 1259 templa
1515 1214 1555 1244 et
1582 1207 1754 1260 porticus

346 1270 531 1309 sustinent
547 1290 558 1315 ς
604 1280 731 1309 tamen
762 1269 907 1309 habent
941 1283 1019 1308 non
1054 1271 1140 1323 plus
1169 1273 1359 1317 utilitatis,
1391 1286 1510 1325 quam
1539 1272 1755 1325 dignitatis,

345 1338 532 1391 Capitolii
565 1337 761 1390 fastigium
789 1338 901 1382 illud,
947 1346 984 1376 et
1014 1347 1236 1377 caeterarum
1268 1340 1423 1384 aedium,
1456 1353 1534 1377 non
1568 1338 1754 1383 venustas,

346 1404 409 1442 sed
444 1404 636 1442 neceffitas
658 1405 747 1457 ipsa,
783 1403 967 1442 fabricata
987 1404 1053 1442 est.
1103 1405 1211 1442 Nam
1243 1419 1335 1443 cum
1368 1404 1456 1442 effet
1482 1403 1614 1442 habita
1644 1405 1756 1449 ratio,

347 1471 681 1523 quemadmodum
714 1484 760 1509 ex
783 1479 943 1522 utraque
964 1471 1054 1508 testi
1083 1479 1189 1522 parte
1209 1484 1306 1523 aqua
1326 1471 1576 1515 delaberetur,
1605 1470 1755 1508 utilita-

344 1546 428 1576 tem
462 1538 600 1590 templi
631 1537 771 1590 fastigii
791 1536 957 1589 dignitas
990 1536 1192 1575 consecuta
1212 1537 1288 1581 est;
1320 1544 1377 1582 ut,
1413 1538 1530 1574 etiam
1551 1537 1576 1574 fi
1603 1537 1644 1574 in
1663 1537 1758 1575 caelo

345 1603 591 1656 Capitolium
623 1603 858 1648 statueretur,
894 1602 963 1640 ubi
996 1603 1122 1641 imber
1151 1603 1223 1641 esse
1243 1617 1321 1641 non
1341 1602 1475 1656 poffet,
1511 1602 1660 1641 nullam
1680 1602 1759 1641 fine

348 1667 499 1721 fastigio
520 1669 751 1721 dignitatem
770 1668 998 1706 habiturum
1018 1668 1128 1706 suiffe
1144 1669 1329 1707 videatur.

405 1735 497 1772 Hoc
519 1735 559 1772 in
580 1735 763 1773 omnibus
785 1737 880 1773 item
900 1735 1072 1787 partibus
1102 1736 1283 1773 orationis
1305 1735 1445 1780 evenit,
1477 1743 1521 1772 ut
1548 1734 1758 1772 utilitatem

349 1813 391 1838 ac
427 1813 544 1853 prope
578 1801 837 1838 neceffitatem
868 1800 1028 1838 suavitas
1059 1801 1249 1852 quaedam,
1281 1811 1319 1839 et
1349 1802 1453 1854 lepos
1489 1800 1756 1852 consequatur.

348 1866 550 1904 Clausulas
581 1867 686 1904 enim
720 1875 834 1918 atque
854 1866 1096 1918 interpuncta
1115 1867 1322 1905 verborum
1353 1868 1491 1905 animae
1523 1866 1757 1911 interclusio,

350 1943 465 1985 atque
485 1932 664 1985 angustiae
684 1932 837 1984 spiritus
858 1932 1082 1970 attulerunt.
1126 1932 1172 1969 Id
1193 1932 1394 1970 inventum
1417 1934 1467 1970 ita
1487 1932 1610 1977 suave,
1643 1942 1700 1977 ut,
1731 1932 1758 1970 fi

353 1999 417 2036 cui
437 1998 481 2036 sit
502 1997 677 2036 infinitus
698 1998 850 2050 spiritus
872 1998 995 2042 datus,
1018 2007 1147 2036 tamen
1168 2011 1259 2036 eum
1278 2007 1499 2051 perpetuare
1522 1998 1635 2036 verba
1655 1998 1759 2036 noli-

353 2079 454 2103 mus.
494 2065 538 2103 Id
566 2066 671 2102 enim
691 2065 845 2103 auribus
867 2065 1001 2102 nostris
1018 2074 1174 2117 gratum
1193 2065 1246 2103 est
1266 2066 1482 2110 inventum,
1500 2065 1605 2117 quod
1625 2063 1759 2102 horni—

353 2144 448 2169 num
469 2131 650 2168 lateribus
671 2144 749 2169 non
771 2131 968 2168 tolerabile
989 2131 1128 2175 solum,
1148 2131 1209 2168 sed
1229 2132 1344 2169 etiam
1366 2130 1490 2175 facile,
1509 2130 1580 2168 effe
1596 2130 1730 2183 poffet.

407 2197 577 2234 XLVII.
600 2197 837 2249 Longissima
857 2196 909 2234 est
928 2197 1047 2249 igitur
1066 2197 1287 2249 complexio
1307 2197 1525 2241 verborum,
1550 2210 1634 2248 quae
1656 2195 1759 2233 volVi

356 2276 433 2300 uno
454 2262 588 2315 spiritu
608 2263 743 2315 potest.
791 2263 862 2301 Sed
882 2261 948 2301 hic
969 2272 1111 2302 naturae
1132 2264 1271 2301 modus
1292 2264 1356 2308 est,
1387 2265 1476 2302 artis
1497 2263 1607 2301 alius.
1650 2263 1759 2301 Nam

354 2342 446 2366 cum
467 2328 538 2365 fint
566 2329 718 2366 numeri
738 2329 879 2381 plures,
913 2330 1105 2374 iambum,
1133 2339 1170 2367 et
1203 2329 1416 2368 trochaeum
1438 2329 1680 2382 frequentem
1701 2327 1757 2364 se-

355 2402 485 2447 gregat
506 2394 553 2431 ab
582 2403 729 2432 oratore
754 2395 990 2441 Aristoteles,
1014 2394 1167 2439 Catule,
1203 2396 1347 2440 vester,
1380 2396 1448 2448 qui
1469 2394 1601 2432 naturai
1631 2402 1759 2430 tamen

356 2461 557 2500 incurrunt
591 2460 659 2514 ipsi
693 2461 732 2499 in
763 2462 989 2508 orationem,
1023 2461 1316 2513 sermonemque
1351 2462 1548 2502 nostrum:
1580 2458 1642 2498 sed
1671 2458 1760 2496 sunt

1201 2528 1223 2564 S
1254 2526 1319 2565 s-2
