2176 2912
483 217 561 257 452
924 207 1453 247 ORATOR.

483 310 655 349 unquam
682 295 729 341 is,
759 297 827 349 qui
847 298 1008 344 audiret,
1039 299 1319 346 incenderetur,
1352 300 1419 338 nifi
1440 299 1574 338 ardens
1609 299 1656 338 ad
1675 312 1768 339 eum
1798 313 1888 353 per-

483 363 629 400 veniret
662 364 796 402 oratio.
856 366 994 402 Uterer
1028 366 1215 418 exemplis
1253 366 1484 412 domesticis,
1521 367 1590 404 nifi
1631 380 1673 404 ea
1711 366 1885 420 legiffes:

484 437 608 466 uterer
627 428 759 467 alienis
786 429 845 467 vel
866 430 1030 475 Latinis,
1050 431 1076 468 fi
1097 431 1176 468 ulla
1195 432 1422 484 reperirem,
1456 431 1513 469 vel
1531 432 1692 477 Graecis,
1714 432 1741 470 fi
1773 432 1888 475 dece-

485 503 556 533 ret.
580 495 652 533 Sed
672 495 789 534 Craffi
810 509 997 549 perpauca
1017 496 1118 542 sunt,
1138 511 1207 534 nec
1227 511 1269 535 ea
1282 497 1536 550 judiciorum.
1567 497 1685 537 Nihil
1706 498 1887 543 Antonii,

484 560 584 598 nihil
606 563 744 607 Cottae‚
767 561 866 600 nihil
888 563 1064 615 Sulpicii.
1098 563 1262 601 Dicebat
1284 563 1437 608 melius,
1457 578 1574 616 quam
1595 564 1753 617 scripfit,
1775 557 1907 603 Hor-⁷

484 627 639 666 tensius.

539 694 689 732 Verum
720 693 802 732 haec
834 695 906 738 vis,
937 707 1055 746 quam
1093 695 1313 746 quaerimus,
1355 703 1498 747 quanta
1531 695 1589 740 fit,
1620 695 1885 748 suspicemur;

483 761 669 812 quoniam
703 761 929 813 exemplum
965 775 1042 799 non
1073 760 1261 800 habemus
1278 780 1289 806 ;
1321 772 1398 808 aut,
1430 762 1454 801 fi
1479 763 1657 816 exempla
1675 762 1886 815 sequimur,

483 840 503 863 a
524 825 786 865 Demosthene
819 827 1030 873 sumamus,
1061 837 1099 866 et
1129 828 1287 881 quidem
1314 838 1506 881 perpetuae
1535 829 1731 875 dictionis,
1760 842 1808 867 ex
1841 842 1888 868 eo

482 892 583 937 Ιοεο,
614 893 728 938 unde,
774 894 815 931 in
850 893 1111 947 Ctesiphontis
1136 895 1300 947 judicio,
1346 895 1392 933 de
1422 895 1496 934 suis
1535 895 1659 942 factis,
1703 895 1886 942 confiliis,

483 960 632 997 meritis
652 959 693 998 in
713 960 997 1012 rempublicam
1029 962 1216 1014 aggreffus
1247 961 1299 999 est
1318 962 1456 1001 dicere.
1516 963 1574 1000 Ea
1597 961 1770 1016 profecto
1799 975 1886 1001 ora-

483 1027 538 1065 tio
558 1027 599 1065 in
619 1040 704 1065 eam
723 1026 906 1073 formam,
938 1042 1022 1080 quae
1055 1029 1108 1066 est
1137 1029 1247 1067 infita
1265 1029 1305 1067 in
1331 1030 1529 1068 mentibus
1555 1029 1705 1075 nostris,
1736 1028 1888 1068 includi

484 1092 534 1130 fic
554 1093 688 1145 potest,
712 1102 755 1131 ut
775 1094 896 1146 major
915 1095 1133 1145 eloquentia
1153 1109 1231 1132 non
1252 1096 1478 1147 requiratur.

539 1160 731 1198 XXXIX.
764 1160 835 1197 Sed
863 1161 946 1212 jam
966 1159 1090 1198 forma
1118 1161 1196 1213 ipsa
1216 1161 1337 1206 restat,
1368 1170 1406 1198 et
1433 1160 1624 1200 charaeter
1644 1160 1710 1199 ille
1736 1161 1804 1213 qui
1823 1159 1886 1198 di-

482 1225 607 1269 citur,
640 1225 707 1276 qui
728 1224 850 1276 qualis
870 1225 940 1263 effe
961 1225 1108 1270 debeat,
1140 1239 1187 1264 ex
1208 1226 1309 1279 ipsis,
1340 1240 1425 1278 quae
1446 1226 1554 1280 supra
1574 1227 1674 1264 dicta
1699 1226 1800 1271 sunt,
1821 1226 1886 1264 in-

480 1291 605 1343 telligi
638 1291 773 1343 potest.
834 1292 940 1330 Nam
971 1302 1008 1330 et
1039 1293 1279 1345 fingulorum
1310 1293 1514 1332 verborum
1535 1302 1572 1331 et
1604 1293 1884 1332 collocatorum

481 1357 630 1395 lumina
648 1357 848 1409 attigimus
865 1376 876 1404 3
909 1359 1050 1411 quibus
1071 1359 1120 1397 fic
1140 1359 1362 1405 abundabit,
1394 1369 1437 1398 ut
1458 1360 1623 1398 verbum
1641 1373 1688 1398 ex
1709 1373 1772 1397 ore
1791 1359 1883 1398 nul-

480 1422 578 1468 lum,
601 1423 669 1461 nifi
699 1433 764 1462 aut
783 1424 948 1477 elegans,
979 1435 1045 1462 aut
1073 1439 1185 1477 grave
1204 1435 1336 1464 exeat:
1369 1440 1415 1464 ex
1434 1426 1619 1478 omnique
1638 1439 1776 1478 genere
1804 1424 1884 1464 fre-

479 1489 733 1540 quentiffimae
765 1489 1023 1529 transsationes
1043 1500 1169 1536 erunt,
1203 1492 1309 1544 quod
1334 1506 1385 1530 eae
1404 1500 1560 1544 propter
1588 1490 1884 1529 fimilitudinem

481 1553 713 1593 transferunt
743 1555 905 1600 animos,
936 1566 975 1594 et
1009 1556 1190 1601 referunt,
1227 1571 1270 1594 ac
1299 1567 1455 1596 movent
1485 1557 1563 1595 huc
1594 1566 1632 1595 et
1662 1557 1780 1594 illuc:
1814 1557 1885 1609 qui

480 1630 609 1660 motus
629 1621 888 1674 cogitationis,
911 1623 1083 1660 celeriter
1102 1623 1280 1675 agitatus,
1311 1637 1378 1676 per
1398 1624 1433 1660 se
1452 1623 1530 1675 ipse
1551 1624 1723 1661 delcetat.

534 1688 587 1725 Et
617 1687 775 1739 reliqua,
811 1700 858 1725 ex
892 1688 1145 1726 collocatione
1181 1689 1399 1734 verborum,
1431 1703 1515 1742 quae
1549 1689 1754 1727 sumuntur
1779 1688 1883 1740 quasi

479 1754 642 1798 lumina,
673 1767 860 1807 magnum
881 1754 1042 1793 afferunt
1068 1765 1246 1794 ornatum
1267 1756 1441 1794 orationi.
1503 1757 1598 1793 Sunt
1619 1755 1724 1793 enirn
1745 1754 1883 1792 fimilia

478 1819 569 1864 illis,
601 1833 685 1871 quae
705 1820 744 1857 in
765 1819 894 1872 amplo
913 1830 1049 1858 ornatu
1081 1820 1210 1866 scenae,
1242 1830 1306 1859 aut
1336 1820 1410 1858 fori
1431 1821 1670 1874 appellantur
1691 1820 1852 1873 insignia
1866 1838 1879 1865 ;

478 1899 556 1924 non
587 1885 692 1937 quod
722 1885 797 1924 sola
827 1896 978 1930 ornent,
1021 1887 1083 1925 sed
1114 1888 1220 1940 quod
1249 1888 1452 1926 excellant.
1514 1887 1662 1925 Eadem
1700 1887 1795 1925 ratio
1828 1886 1882 1924 est

476 1951 632 1996 horum,
665 1966 748 2003 quae
783 1952 870 1990 sunt
896 1954 1077 1991 orationis
1109 1955 1270 1999 lumina,
1301 1963 1339 1992 et
1370 1954 1658 2007 quodammodo
1687 1953 1878 2005 infignia3

475 2032 568 2056 cum
589 2027 654 2055 aut
682 2018 942 2071 duplicantur,
974 2020 1234 2073 iteranturque
1264 2020 1390 2064 verba,
1421 2029 1485 2057 aut
1507 2019 1670 2057 breviter
1694 2032 1878 2056 commu-

478 2094 552 2122 tata
572 2094 783 2137 ponuntur,
805 2095 870 2124 aut
890 2085 936 2124 ab
957 2086 1094 2124 eodem
1115 2087 1230 2125 verbo
1256 2087 1410 2124 ducitur
1430 2086 1562 2139 saepius
1584 2085 1716 2129 oratio,
1747 2093 1812 2122 aut
1838 2085 1879 2122 in

478 2150 581 2188 idem
612 2151 831 2202 conjicitur,
873 2160 937 2189 aut
967 2152 1007 2189 in
1044 2160 1268 2204 utrumque,
1310 2161 1375 2189 aut
1408 2152 1630 2204 adjungitur
1660 2151 1764 2190 idem
1804 2151 1878 2188 ite·
1927 2204 1930 2205 γ

477 2227 617 2261 ratum,
648 2226 712 2254 aut
743 2217 845 2255 idem
867 2217 912 2255 ad
933 2227 1150 2256 extremum
1171 2217 1331 2256 refertur
1346 2237 1357 2263 ς
1389 2227 1454 2256 aut
1474 2218 1715 2256 continenter
1754 2231 1880 2256 unum

476 2283 636 2321 verbum
669 2295 746 2321 non
778 2283 818 2321 in
849 2283 981 2322 eadem
1004 2283 1186 2322 sententia
1212 2285 1393 2337 ponitur,
1425 2294 1489 2322 aut
1509 2298 1601 2323 cum
1622 2284 1793 2323 similiter
1816 2284 1879 2322 vel

475 2351 618 2387 cadunt
644 2349 769 2395 verba,
802 2350 860 2388 vel
891 2350 1093 2397 desmunt;
1125 2361 1190 2390 aut
1221 2352 1354 2390 multis
1378 2353 1504 2390 modis
1536 2352 1733 2390 contrariis
1763 2351 1879 2389 relata

476 2417 686 2461 contraria5
718 2426 783 2454 aut
803 2430 895 2454 cum
926 2418 1114 2470 gradatim
1146 2418 1290 2457 sursum
1324 2419 1449 2457 versus
1470 2419 1641 2464 reditur3
1672 2427 1738 2456 aut
1768 2431 1874 2462 cum,

475 2483 642 2535 demptis
681 2484 1032 2535 conjunctionibus,
1082 2485 1257 2523 diffolute
1290 2485 1399 2538 plura
1432 2485 1640 2530 dicuntum
1686 2493 1750 2522 aut
1783 2497 1876 2522 curn

477 2549 622 2603 aliquid
651 2559 933 2603 praetereunteS,
978 2566 1046 2590 cur
1077 2552 1116 2591 id
1143 2551 1342 2599 faciamus,
1377 2552 1636 2600 ostendimus,
1682 2560 1746 2590 aut
1781 2564 1875 2590 cum
