2176 2912
747 160 1279 201 ORATOR.
1643 177 1716 217 431

317 257 554 297 communia.
614 256 721 294 Nam
747 263 784 292 et
818 254 1002 298 invenire,
1034 262 1070 291 et
1093 252 1279 306 judicare,
1313 253 1407 305 quid
1437 254 1552 300 dicas,
1584 269 1724 308 magna

317 325 384 362 illa
403 324 562 377 quidem
583 322 683 365 sunt,
714 330 752 358 et
773 329 957 372 tanquam
977 320 1097 357 animi
1118 319 1232 357 instar
1258 319 1298 356 in
1319 334 1503 372 corpore3
1536 322 1597 359 sed
1629 336 1721 374 pro-

317 390 398 442 pria
416 388 538 440 magis
559 386 785 439 prudentiae,
808 398 926 437 quam
946 384 1174 437 eloquentiae
1193 399 1202 422 :
1235 398 1311 436 qua
1331 394 1458 422 tamen
1483 386 1521 423 in
1542 388 1649 425 causa
1669 388 1722 426 est

316 467 433 492 vacua
453 452 655 506 prudentia
673 453 685 488 ?
717 451 884 489 Noverit
904 451 1023 503 igitur
1043 450 1110 488 1110
1131 450 1291 503 quidem
1311 460 1450 495 orator,
1474 465 1591 503 quem
1614 454 1720 492 sum-

316 534 430 559 mum
460 520 531 558 effe
560 519 755 564 volumus,
786 527 1104 570 argumentorum
1135 527 1173 556 et
1207 518 1401 556 rationum
1434 519 1553 557 locos.
1616 521 1722 559 Nam

316 587 517 640 quoniam,
560 585 752 638 quidquid
785 585 838 623 est
871 585 976 637 quod
1021 585 1063 622 in
1098 585 1349 623 controverfia
1382 595 1448 623 aut
1486 586 1527 624 in
1558 597 1721 625 conten-

316 655 421 693 tione
454 653 634 697 versetur,
672 653 712 689 in
746 665 805 696 eo,
847 660 912 689 aut
946 651 1052 696 fitne,
1093 661 1158 689 aut
1189 651 1284 703 quid
1315 652 1371 696 fit,
1414 662 1479 690 aut
1515 653 1627 705 quale
1662 654 1720 698 fit,

316 721 522 773 quaeritur;
555 720 661 763 fitne,
684 718 822 770 fignis:
855 718 951 769 quid
971 718 1029 762 fit,
1051 717 1341 755 definitionibus
1361 733 1369 756 :
1402 719 1513 770 quale
1534 719 1591 764 fit,
1615 721 1719 765 redti,

314 787 498 839 pravique
528 785 730 838 partibus:
774 785 915 836 quibus
952 793 994 822 ut
1026 785 1083 822 uti
1115 784 1227 837 poffit
1261 794 1399 828 orator,
1431 799 1508 823 non
1540 785 1605 823 ille
1633 787 1720 824 vul-

315 853 430 905 garis,
475 852 536 890 sed
567 850 632 888 hic
677 850 883 894 excellens,
932 864 953 887 a
992 851 1154 902 propriis
1200 850 1366 902 personis
1398 861 1435 889 et
1480 853 1719 904 temporibus

315 919 475 971 semper,
518 918 544 955 fi
576 917 710 970 potest,
753 926 883 955 avocat
913 917 1219 954 controversiam.
1271 918 1405 955 Latius
1436 919 1541 956 enim
1573 920 1619 957 de
1651 934 1721 972 ge-

315 999 419 1030 nere,
451 998 569 1037 quam
598 983 644 1021 de
664 993 782 1036 parte,
818 983 1024 1036 disceptare
1045 983 1133 1021 licet
1148 1001 1160 1028 3
1194 992 1250 1028 ut,
1282 984 1387 1035 quod
1408 985 1447 1021 in
1469 985 1642 1023 universo
1677 987 1721 1024 sit

316 1052 539 1105 probatum,
570 1051 610 1088 id
629 1051 671 1088 in
702 1059 806 1102 parte
826 1050 876 1088 fic
899 1050 1050 1102 probari
1081 1050 1238 1088 necesse.
1302 1050 1400 1088 Haec
1427 1051 1546 1103 igitur
1565 1053 1721 1104 quaestio

316 1131 337 1155 a
367 1117 532 1170 propriis
565 1116 730 1170 personis
751 1125 788 1153 et
809 1116 1062 1168 temporibus,
1093 1116 1140 1154 ad
1161 1116 1320 1154 universi
1339 1117 1487 1168 generis
1508 1118 1722 1157 orationem

316 1184 500 1227 traducta,
532 1182 744 1235 appellatur
765 1182 880 1233 thefis.
940 1182 986 1219 In
1006 1180 1078 1220 hac
1099 1181 1321 1220 Aristoteles
1341 1182 1610 1229 adolescentes,
1642 1198 1721 1223 non

314 1250 362 1288 ad
394 1248 718 1302 Philosophorum
752 1262 903 1287 rnorem
933 1248 1098 1286 tenuiter
1132 1248 1348 1294 differendi,
1390 1249 1452 1287 sed
1486 1250 1532 1288 ad
1564 1251 1719 1303 copiam

315 1315 529 1360 rhetorum,
561 1317 600 1354 in
637 1325 840 1367 utramque
875 1324 1039 1368 partem,
1078 1324 1121 1352 ut
1155 1316 1339 1360 ornatius,
1381 1325 1418 1353 et
1453 1316 1605 1354 uberius
1640 1317 1718 1356 dici

315 1383 441 1436 poffit,
480 1383 648 1421 exercuit
664 1401 675 1427 ς
708 1382 889 1434 idemque
909 1382 1026 1427 locos,
1053 1382 1119 1433 (fic
1139 1382 1244 1420 enim
1265 1382 1445 1434 appellat)
1478 1383 1580 1434 quasi
1601 1397 1716 1436 argu-

314 1458 536 1487 mentorum
556 1458 677 1493 notas,
709 1448 879 1493 tradidit,
903 1447 1002 1485 unde
1021 1449 1148 1486 omnis
1179 1449 1219 1486 in
1241 1457 1443 1500 utramque
1469 1457 1617 1501 partem
1639 1459 1715 1488 tra-

313 1513 470 1553 heretur
489 1515 622 1553 oratio.

369 1582 460 1619 XV.
503 1580 632 1619 Facile
652 1580 771 1632 igitur
795 1578 860 1616 hic
880 1578 1016 1624 noster,
1054 1578 1150 1630 (non
1180 1579 1286 1617 enim
1316 1579 1610 1618 declamatorem
1643 1581 1714 1619 ali-

313 1660 431 1699 quem
452 1648 498 1685 de
518 1647 623 1692 ludo,
654 1655 719 1684 aut
739 1645 912 1683 rabulam
932 1645 979 1682 de
1006 1644 1104 1690 foro,
1136 1645 1198 1682 sed
1218 1644 1479 1684 donftiffimum
1499 1655 1538 1684 et
1563 1646 1715 1698 perfec-

314 1711 502 1750 tiffimum
538 1712 762 1763 quaerimus)
795 1711 981 1763 quoniam
1019 1711 1096 1748 loci
1132 1711 1227 1749 certi
1265 1712 1478 1756 traduntur,
1521 1722 1714 1764 percurret

314 1790 447 1815 omnes
463 1796 474 1821 3
507 1786 636 1814 utetur
656 1777 752 1828 aptis
773 1776 1011 1828 generatim;
1043 1776 1160 1814 discet
1190 1790 1236 1814 ex
1263 1791 1341 1828 quo
1372 1787 1551 1815 emanent
1581 1779 1712 1823 etiam,

316 1843 384 1894 qui
406 1855 633 1880 communes
667 1841 903 1894 appellantur
922 1841 1011 1879 loci.
1063 1842 1150 1879 Nec
1181 1856 1269 1880 vero
1301 1852 1429 1880 utetur
1448 1844 1715 1896 imprudenter

314 1907 386 1946 hac
408 1909 529 1960 copia,
576 1907 637 1944 sed
656 1907 786 1945 omnia
806 1907 1008 1959 expendet,
1040 1916 1076 1943 et
1106 1907 1250 1959 seliget.
1311 1908 1405 1945 Non
1425 1909 1530 1947 enim
1550 1909 1711 1961 semper,

314 1987 385 2012 nec
406 1975 447 2011 in
467 1974 649 2012 omnibus
667 1972 799 2018 causis,
814 1986 861 2011 ex
881 1972 1014 2010 iisdem
1031 1972 1161 2010 eadem
1177 1982 1495 2026 argumentorum
1515 1984 1715 2014 momenta

313 2039 415 2078 sunt.

369 2105 569 2156 Judiciurn
604 2105 723 2157 igitur
755 2103 981 2150 adhibebit;
1013 2118 1082 2143 nec
1113 2105 1281 2143 inveniet
1310 2105 1434 2143 solum
1466 2106 1560 2157 quid
1595 2106 1709 2151 dicat,

314 2170 375 2209 sed
407 2172 523 2209 etiam
554 2171 755 2224 expendet.
816 2170 932 2208 Nihil
952 2171 1057 2208 enim
1084 2171 1136 2208 est
1165 2170 1326 2209 feracius
1348 2172 1525 2224 ingeniis,
1547 2172 1593 2209 iis
1612 2186 1710 2224 prce-

314 2236 456 2282 sertim,
488 2251 571 2289 quae
592 2237 800 2289 disciplinis
827 2237 980 2275 exculta
999 2237 1098 2275 sunt.
1140 2237 1211 2275 Sed
1242 2247 1284 2275 ut
1304 2238 1444 2290 segetes
1464 2237 1653 2276 foecundae
1672 2247 1710 2275 et

314 2303 463 2346 uberes,
494 2317 570 2340 non
603 2303 727 2340 solum
760 2301 903 2354 fruges,
934 2317 1068 2341 verum
1101 2302 1234 2341 herbas
1255 2305 1371 2342 etiam
1391 2303 1595 2341 effundunt
1631 2304 1707 2341 ini-

314 2368 536 2406 miciffimas
568 2367 769 2421 frugibus,
801 2369 849 2407 s1c
881 2370 1076 2407 interdum
1097 2382 1143 2407 ex
1164 2369 1241 2407 illis
1262 2370 1371 2415 locis,
1402 2379 1465 2407 aut
1486 2370 1581 2406 levia
1601 2382 1706 2420 quae-

312 2434 417 2478 dam,
448 2444 511 2471 aut
542 2434 657 2472 causis
692 2434 823 2478 aliena,
854 2444 918 2472 aut
939 2449 1017 2473 non
1052 2434 1174 2479 utilia,
1202 2436 1442 2487 gignuntur;
1474 2447 1640 2485 quorum
1661 2434 1707 2470 ab

313 2500 471 2553 oratoris
486 2500 636 2553 judicio
657 2499 822 2539 delectus
853 2513 1016 2553 magnus
1038 2499 1297 2541 adhibebitur.
1333 2501 1518 2552 =Alioqui
1539 2513 1707 2551 quonam
