2176 2912
404 291 477 334 108
651 292 763 331 DE
839 289 1549 331 INVENTIONE

398 387 447 425 L.
465 385 688 438 Opimium,
707 394 743 423 et
763 385 842 437 ejus
864 385 1075 424 concilium
1094 384 1161 422 diu
1181 384 1328 423 dietum
1348 383 1412 422 est.
1444 384 1497 421 Et
1517 382 1638 436 magis
1659 381 1699 420 in
1719 380 1796 421 hoc

397 452 557 505 quidem
586 451 817 504 ignoscendi,
849 465 966 504 quam
992 451 1244 504 cognoscendi
1272 450 1475 502 postulatio
1493 449 1626 488 valuit.
1686 449 1794 488 Nam

398 519 545 571 semper
561 519 689 556 animo
706 518 808 556 bono
823 518 911 556 sein
926 519 1117 571 populum
1130 519 1354 556 Romanum
1370 515 1478 555 fuisse
1492 530 1570 555 non
1588 526 1667 554 tam
1681 515 1795 553 facile

396 584 594 636 probabat,
613 596 704 621 cum
720 583 966 634 conjesturali
978 583 1249 621 constitutione
1265 591 1444 626 uteretur,
1462 595 1580 634 quam
1596 590 1651 626 ut,
1673 594 1792 634 prop-
1848 604 1851 605 ν

397 658 453 687 ter
480 650 662 702 posterius
695 649 941 694 beneficium,
983 649 1053 687 fibi
1083 649 1353 701 ignosceretur,
1399 662 1491 687 cum
1518 647 1792 702 deprecationis

396 725 520 768 partes
546 716 781 768 adjungeret.

449 781 620 820 XXXV.
653 782 861 833 Oportebit
879 781 997 833 igitur
1016 794 1121 825 eum,
1146 781 1227 832 qui,
1251 780 1319 818 fibi
1346 788 1388 818 ut
1407 779 1637 832 ignoscatur,
1659 780 1793 833 postu-

395 846 506 892 labit,
542 860 858 891 commemorare,
892 847 918 884 fi
945 860 1021 899 qua
1046 846 1109 884 sua
1128 846 1269 899 poterit
1298 846 1494 891 beneficia,
1524 854 1563 884 et
1587 846 1613 883 fi
1633 846 1790 898 poterit,

393 912 599 956 ostendere,
629 925 672 949 ea
691 913 833 963 majora
851 910 935 956 effe,
966 925 1084 964 quam
1101 911 1196 956 haec,
1228 925 1312 963 quae
1333 911 1549 963 deliquerit,
1581 920 1624 949 ut
1638 911 1725 964 plus
1743 910 1792 949 ab

393 991 439 1016 eo
458 979 551 1016 boni
572 991 689 1030 quam
715 978 807 1016 mali
833 977 1050 1031 profeemm
1080 977 1151 1016 effe
1175 977 1358 1016 videatur.
1417 978 1568 1016 Deinde
1597 978 1791 1029 majorum

394 1043 550 1082 suorum
571 1044 768 1089 beneficia,
799 1044 904 1096 siqua
933 1044 1146 1088 exstabunt,
1177 1043 1356 1096 proferre.
1413 1043 1565 1081 Deinde
1583 1042 1790 1089 ostendere,

394 1122 471 1147 non
491 1109 594 1154 odio,
626 1123 750 1161 neque
769 1109 991 1147 crudelitate
1010 1107 1135 1147 feciffe
1155 1109 1259 1161 quod
1277 1109 1425 1153 feeerit,
1457 1108 1518 1146 sed
1533 1118 1597 1147 aut
1613 1108 1789 1153 stultitia,

393 1183 459 1212 aut
489 1175 658 1227 impulsu
682 1175 857 1226 alicujus,
899 1184 965 1212 aut
994 1175 1121 1226 aliqua
1153 1174 1321 1219 honesta,
1352 1184 1417 1212 aut
1446 1174 1637 1226 probabili
1667 1174 1787 1212 causa.

394 1240 526 1278 Postea
544 1241 717 1293 polliceri
737 1250 775 1278 et
795 1241 1035 1285 confirmare,
1068 1239 1103 1277 se
1123 1250 1159 1278 et
1179 1240 1254 1278 hoc
1275 1249 1432 1293 peccato
1458 1240 1629 1284 doftum,
1662 1248 1699 1277 et
1719 1240 1788 1277 be-

394 1305 531 1344 neficio
550 1319 697 1350 eorum,
720 1306 787 1358 qui
809 1307 877 1344 sibi
897 1306 1127 1358 ignoverint,
1147 1305 1436 1350 confirmatum,
1453 1305 1562 1343 omni
1582 1314 1754 1357 tempore
1769 1317 1791 1342 a

393 1371 460 1408 tali
482 1372 626 1408 ratione
646 1371 886 1409 abfuturum.
919 1371 1072 1408 Deinde
1087 1370 1192 1422 spem
1208 1370 1414 1415 ostendere,
1431 1370 1561 1422 aliquo
1578 1370 1612 1407 se
1627 1370 1667 1407 in
1685 1370 1786 1415 loco,

393 1448 534 1488 magno
554 1436 615 1480 iis,
633 1437 701 1488 qui
723 1436 791 1473 fibi
811 1435 1072 1479 concesserint,
1093 1435 1177 1474 usui
1195 1435 1387 1474 futurum.
1420 1435 1564 1479 Postea,
1585 1435 1611 1472 fi
1627 1434 1788 1474 facultas

391 1502 476 1546 erit,
492 1501 526 1538 se
542 1510 606 1538 aut
619 1501 959 1553 consanguineum,
973 1510 1038 1539 aut
1048 1502 1131 1552 jam
1147 1515 1167 1538 a
1182 1501 1392 1553 majoribus
1409 1501 1449 1538 in
1465 1501 1600 1553 primis
1616 1501 1788 1538 amicum

391 1567 462 1604 effe
481 1566 779 1611 demonstrabit,
811 1576 849 1604 et
875 1567 1173 1618 amplitudinem
1193 1567 1266 1604 suae
1285 1567 1507 1611 voluntatis,
1535 1576 1573 1604 et
1602 1566 1786 1604 nobilita-

391 1642 471 1670 tem
502 1632 648 1684 generis
679 1645 828 1675 eorum,
859 1632 928 1683 qui
948 1632 983 1668 se
1017 1632 1163 1669 salvum
1182 1632 1316 1676 velint,
1348 1642 1385 1670 et
1411 1632 1639 1684 dignitatem
1660 1631 1785 1670 osten-

392 1698 491 1741 dere,
523 1706 560 1735 et
586 1706 718 1735 caetera
736 1711 791 1741 ea,
820 1711 904 1749 quae
924 1697 1090 1748 personis
1112 1697 1157 1735 ad
1178 1696 1413 1735 honestatem
1433 1707 1470 1735 et
1486 1698 1785 1751 amplitudinem

392 1763 478 1800 sunt
508 1762 703 1806 attributa,
735 1775 827 1800 cum
858 1762 1141 1813 conquestione,
1173 1763 1248 1800 sine
1268 1763 1478 1815 arrogantia
1507 1764 1547 1802 in
1569 1763 1604 1800 se
1625 1763 1694 1801 effe
1717 1764 1784 1801 de-

391 1827 631 1872 monstrabit,
652 1837 696 1866 ut
712 1826 855 1865 honore
875 1829 1002 1879 potius
1023 1828 1165 1880 aliquo,
1184 1842 1301 1880 quam
1321 1829 1403 1866 ullo
1421 1828 1623 1881 supplicio,
1645 1829 1785 1882 dignus

390 1893 462 1931 effe
483 1893 666 1931 videatur.
727 1893 879 1931 Deinde
909 1902 1060 1931 caeteros
1095 1893 1275 1946 proferre,
1307 1894 1449 1946 quibus
1477 1896 1619 1946 majora
1649 1895 1787 1933 delicia

391 1958 563 1996 concessa*
594 1959 679 1996 sint.
739 1961 799 1996 Ac
838 1959 1010 1997 multum
1050 1959 1237 2011 proficiet,
1287 1960 1313 1997 si
1349 1960 1384 1998 se
1422 1960 1706 1999 misericordem
1743 1961 1785 1998 in

390 2024 585 2076 potestate,
608 2033 645 2061 et
664 2024 896 2077 propensum
917 2024 963 2062 ad
983 2025 1260 2077 ignoscendum
1279 2024 1402 2069 fuisse,
1424 2025 1607 2063 ostendet.
1653 2027 1786 2077 Atque

391 2090 515 2141 ipsum
537 2090 633 2128 illud
654 2100 854 2142 peccatum
874 2091 945 2128 erit
965 2090 1265 2134 extenuandum,
1281 2099 1323 2128 ut
1342 2104 1461 2142 quam
1482 2091 1694 2128 minimum
1710 2091 1783 2128 ob-

391 2154 497 2193 suiffe
518 2156 686 2194 videatur
706 2172 714 2194 ;
747 2166 783 2194 et
804 2166 867 2194 aut
888 2166 1013 2208 turpe,
1035 2165 1098 2194 aut
1119 2156 1256 2194 inutile
1276 2156 1629 2200 demonstrandum,
1652 2157 1717 2194 tali
1738 2157 1784 2194 de

390 2220 549 2259 homine
571 2222 802 2274 supplicium
824 2222 983 2259 sumere.
1034 2221 1186 2260 Deinde
1216 2221 1309 2259 locis
1330 2222 1606 2260 communibus
1632 2222 1780 2260 miseri-

390 2287 560 2325 cordiam
581 2296 729 2339 captare
761 2287 953 2340 oportebit
984 2299 1030 2325 ex
1047 2287 1092 2325 iis
1112 2288 1323 2340 praeceptis,
1356 2301 1440 2340 quae
1464 2288 1503 2326 in
1529 2288 1656 2340 primo
1684 2287 1784 2327 libro

392 2353 475 2390 sunt
495 2353 673 2404 exposita.

444 2418 635 2456 XXXVI.
669 2417 911 2455 Adversarius
933 2427 1061 2456 autem
1081 2417 1279 2456 malefaCM
1298 2419 1453 2471 augebit
1471 2433 1479 2457 :
1510 2418 1609 2456 nihil
1630 2418 1780 2470 impru-

388 2483 535 2528 denter,
568 2483 629 2520 sed
649 2484 780 2521 omnia
799 2498 845 2522 ex
866 2484 1090 2521 crudelitate
1120 2492 1158 2522 et
1189 2484 1335 2521 malitia
1354 2483 1451 2522 faeta
1475 2484 1589 2522 dicet.
1650 2484 1781 2536 Ipsum

390 2549 748 2594 immisericordem,
779 2549 985 2602 superbum
1006 2549 1128 2595 fuisse,
1147 2558 1198 2596 et,
1221 2549 1246 2588 fi
1269 2551 1423 2603 poterit,
1445 2549 1616 2589 ostendet
1635 2549 1783 2604 semper
