2176 2912
448 191 530 230 444
891 177 1424 218 ORATOR.

447 273 658 318 cernimus,
691 280 820 310 tamen
850 272 981 310 animo
1002 280 1127 310 tenere
1149 271 1361 326 poffumus.
1421 271 1516 310 Non
1543 270 1649 309 enlm
1670 270 1858 324 eloquen-

448 347 528 377 tem
561 353 703 391 quaer0‚
746 352 871 391 neque
905 338 1121 391 quidquam
1157 339 1318 377 mortale
1353 348 1391 376 et
1421 338 1628 383 caducum,
1668 337 1730 376 sed
1760 337 1859 376 illud

448 405 587 458 ipsum,
620 406 728 458 cujus
751 405 819 457 qui
839 405 883 443 fit
915 419 1090 457 compos,
1111 405 1155 443 fit
1175 405 1386 457 eloquens;
1419 404 1525 457 quod
1544 403 1643 442 nihil
1665 403 1718 441 est
1737 402 1858 449 aliud,

448 472 517 510 nisi
551 472 771 525 eloquentia
805 472 895 524 ipsa,
940 485 1058 524 quam
1101 472 1233 516 nullis,
1278 472 1346 509 nifi
1389 471 1530 509 mentis
1573 470 1694 509 oculis
1728 470 1857 508 videre

447 537 658 591 possumus.
710 539 747 576 Is
769 539 842 576 erit
862 539 980 590 igitur
1000 538 1198 589 eloquens,
1233 538 1294 588 (ut
1315 537 1420 574 idem
1441 536 1539 574 illud
1558 537 1758 587 iteremus)
1787 535 1857 588 qui
1894 544 1898 545 ⁷

446 605 590 657 poterit
623 618 736 658 parva
769 603 978 648 summisse,
1009 603 1163 641 modica
1185 612 1407 655 temperate,
1444 616 1584 655 magna
1603 603 1767 655 graviter
1792 601 1855 640 di-

445 684 544 710 cere.

502 738 605 776 Tota
625 735 726 775 mihi
746 735 854 774 causa
886 749 956 788 pro
977 734 1130 773 Caecina
1150 734 1196 772 de
1216 734 1340 772 verbis
1362 734 1557 772 interdicti
1577 732 1681 772 fuit:
1713 746 1769 771 res
1790 733 1854 771 in-

445 803 592 841 volutas
627 801 846 839 definiendo
875 801 1182 854 explicavimus:
1210 801 1275 853 jus
1296 800 1409 838 civile
1440 800 1710 838 laudavimus:
1741 798 1856 837 verba

445 869 628 921 ambigua
647 867 909 906 distinximus.
942 868 1035 906 Fuit
1055 867 1246 905 ornandus
1266 867 1306 904 in
1328 867 1495 905 Manilia
1513 867 1597 919 lege
1617 865 1853 919 Pompeius:

444 943 654 988 temperata
673 934 843 973 oratione
864 934 1024 972 ornandi
1058 934 1211 986 copiam
1231 933 1419 986 persecuti
1439 933 1585 971 sumus.
1646 933 1716 983 Jus
1736 944 1853 970 omne

445 1002 652 1040 retinendae
682 1000 886 1053 majestatis
921 1000 1072 1038 Rabirii
1103 999 1213 1038 causa
1233 999 1529 1038 continebatur:
1561 1013 1652 1052 ergo
1672 999 1711 1036 in
1741 997 1852 1037 omni

443 1082 580 1121 genere
600 1067 913 1121 amplificationis
934 1067 1152 1105 exarfimus.

498 1136 554 1173 At
574 1133 655 1173 haec
675 1135 872 1172 interdum
894 1134 1152 1186 temperanda,
1183 1141 1220 1171 et
1246 1132 1421 1170 varianda
1441 1132 1542 1170 sunt.
1594 1131 1713 1183 Qod
1733 1131 1852 1184 igitur

442 1201 482 1239 in
503 1200 752 1239 accusationis
773 1200 919 1253 septem
939 1200 1049 1237 libris
1070 1213 1146 1237 non
1169 1199 1355 1252 reperitur
1374 1212 1496 1251 genus
1515 1199 1527 1235 ?
1560 1198 1663 1250 quod
1690 1198 1730 1235 in
1750 1197 1850 1235 Avi-

441 1267 504 1304 ti?
537 1267 641 1319 quod
672 1267 711 1304 in
734 1266 935 1304 Cornelii?
967 1265 1072 1318 quod
1094 1266 1133 1303 in
1164 1265 1342 1318 plurimis
1371 1265 1504 1303 nostris
1532 1263 1847 1302 defensionibus?

441 1347 526 1385 quae
559 1333 736 1386 exempla
767 1332 988 1385 selegiffem,
1021 1332 1088 1370 nifi
1110 1332 1170 1369 vel
1202 1341 1292 1370 nota
1312 1331 1382 1370 effe
1413 1332 1625 1376 arbitrarer,
1657 1330 1716 1368 vel
1748 1329 1850 1383 poffe

440 1400 592 1452 eligere,
639 1400 707 1452 qui
744 1408 969 1451 quaererent.
1030 1399 1154 1437 Nulla
1185 1398 1237 1436 est
1271 1399 1377 1437 enim
1412 1398 1494 1436 ullo
1528 1399 1568 1436 in
1598 1411 1736 1450 genere
1766 1397 1847 1434 laus

438 1468 613 1512 oratoris,
644 1467 754 1518 cujus
788 1466 827 1503 in
849 1466 984 1504 nostris
1005 1465 1243 1504 orationibus
1271 1479 1349 1503 non
1378 1465 1422 1503 fit
1442 1465 1581 1517 aliqua,
1613 1465 1639 1502 fi
1660 1478 1736 1502 non
1757 1477 1846 1516 per-

437 1531 568 1577 festio,
599 1541 636 1570 at
668 1540 827 1569 conatus
848 1541 990 1576 tamen,
1021 1541 1135 1583 atque
1166 1531 1422 1569 adumbratio.
1470 1531 1564 1569 Non
1585 1530 1816 1581 assequimur
1830 1547 1846 1574 ς.

437 1607 488 1643 at,
520 1598 615 1650 quid
649 1598 792 1641 deceat,
826 1597 1015 1634 videmus.
1077 1596 1163 1634 Nec
1194 1597 1299 1634 enim
1335 1610 1439 1634 nunc
1470 1596 1516 1633 de
1551 1596 1675 1640 nobis,
1707 1595 1768 1633 sed
1798 1595 1846 1633 de

438 1677 476 1701 re
497 1663 662 1701 dicimus
680 1692 691 1708 ,
723 1663 761 1700 in
783 1676 861 1714 quo
881 1671 1034 1700 tantum
1064 1662 1177 1706 abest,
1211 1671 1253 1699 ut
1288 1661 1410 1699 nostra
1431 1662 1631 1706 miremur,
1664 1670 1708 1699 ut
1727 1661 1846 1713 usque

436 1743 481 1768 eo
500 1729 691 1773 difficiles,
725 1742 768 1766 ac
790 1728 928 1766 morosi
949 1728 1080 1772 fimus,
1112 1737 1154 1765 ut
1186 1728 1297 1766 nobis
1330 1741 1406 1766 non
1429 1727 1630 1765 satisfaciat
1660 1727 1738 1780 ipse
1759 1728 1843 1765 De-

435 1793 683 1839 mosthenem
716 1794 785 1846 qui
819 1807 1041 1847 quanquam
1073 1807 1172 1831 unus
1193 1793 1339 1830 eminet
1373 1793 1471 1830 inter
1497 1806 1631 1831 omnes
1661 1792 1701 1830 in
1733 1793 1844 1832 omni

435 1876 572 1914 genere
593 1861 761 1906 dicendi,
793 1869 921 1899 tamen
943 1874 1020 1897 non
1043 1859 1189 1912 semper
1208 1860 1346 1913 implet
1367 1873 1474 1898 aures
1505 1873 1607 1897 meas
1631 1874 1639 1897 ε
1677 1859 1730 1897 ita
1755 1859 1844 1898 sunt

435 1927 551 1966 avidae
569 1936 775 1980 et‘capaces
792 1945 804 1972 3
827 1935 865 1965 et
885 1926 1032 1979 semper
1051 1925 1200 1978 aliquid
1220 1926 1458 1964 immensum
1478 1925 1756 1977 infinitumque
1773 1925 1840 1963 de-

435 1993 608 2031 siderant.

488 2060 620 2097 XXX.
654 2059 724 2097 Sed
746 2068 888 2104 tamen,
920 2058 1107 2111 quoniam
1139 2066 1176 2096 et
1210 2057 1317 2096 hunc
1350 2066 1392 2095 tu
1423 2066 1613 2095 oratorem
1646 2070 1738 2095 cum
1759 2058 1840 2110 ejus

433 2126 697 2164 studiofiffimo
725 2127 951 2169 Pammene,
981 2138 1072 2162 cum
1093 2123 1182 2161 effes
1213 2123 1392 2168 Athenis,
1433 2132 1561 2161 totum
1595 2123 1838 2175 diligentiffi-

432 2206 496 2230 me
517 2191 755 2244 cognovisti;
788 2205 913 2243 neque
933 2204 1023 2229 eum
1044 2190 1209 2227 dimittis
1230 2204 1251 2227 e
1271 2190 1475 2234 manibus5
1504 2198 1541 2227 et
1566 2198 1695 2227 tamen
1716 2190 1840 2228 nostra

432 2259 546 2297 etiam
568 2258 712 2295 lec‘titas
732 2272 740 2294 :
773 2256 877 2294 vides
899 2255 1084 2309 profectO,
1117 2255 1230 2293 illum
1259 2255 1382 2293 multa
1402 2255 1595 2308 perficere,
1624 2269 1693 2293 nos
1714 2256 1840 2294 multa

431 2324 560 2362 conari
577 2341 588 2368 ;
621 2323 734 2360 illum
758 2322 871 2374 poffe,
903 2336 971 2360 nos
992 2321 1101 2367 velle,
1133 2335 1366 2374 quocunque
1386 2322 1504 2360 modo
1524 2322 1632 2360 causa
1657 2322 1837 2374 postulet,

431 2391 570 2429 dicere.
631 2389 701 2427 Sed
737 2388 803 2425 ille
839 2401 1029 2440 magnus:
1076 2401 1167 2425 nam
1201 2397 1238 2426 et
1272 2387 1443 2426 succeflit
1477 2388 1553 2441 ipse
1589 2388 1753 2441 magnis,
1800 2397 1838 2426 et

431 2456 622 2494 maximos
656 2462 819 2492 oratores
854 2452 992 2491 habuit
1024 2453 1198 2506 aequales.
1259 2453 1344 2492 Nos
1381 2467 1569 2506 magnum
1603 2452 1834 2497 fecissemus,

430 2523 455 2561 s1
486 2521 644 2575 quidem
662 2519 928 2574 potuissemus,
960 2534 1039 2573 quo
1059 2519 1344 2565 contendimus,
1369 2521 1581 2573 pervenire,
1603 2519 1644 2558 in
1663 2533 1706 2558 ea
1725 2519 1833 2563 urbe,
