2176 2912
573 131 866 172 VARIAE
951 131 1514 177 LECTIONES.

411 223 433 253 1.

322 268 358 303 87
406 273 441 302 ¹4
461 271 603 301 quamque
621 262 657 291 M
671 275 795 302 quamque
808 275 859 292 rem
880 278 895 292 κ
913 266 943 293 in
957 276 1023 304 qua-

501 314 594 340 cunque

404 353 437 383 ¹5
463 343 508 371 sed
529 344 588 381 ast

400 399 441 407 -
462 384 496 411 ad
522 383 635 412 BWet
658 383 759 413 Led.

406 425 439 452 18
463 433 632 461 unaquaque
654 424 687 451 M
703 435 857 463 unaquaque
866 431 944 463 parte

402 471 440 493 22
462 471 556 492 autem
576 464 597 491 L
613 467 677 492 enim

400 519 442 526 —
462 504 575 532 incedet
597 503 617 531 B
634 517 647 530 κ
668 504 760 532 incidet

403 554 439 581 23
463 543 645 581 pertractabit
666 544 688 571 B
704 547 885 581 pertranavit

402 594 443 622 ²4
464 583 627 621 suspicionis
649 597 663 611 κ
676 586 842 621 fisa-Pleni:
863 583 1027 622 (firspicimis

493 623 580 662 scrib.
594 626 622 650 in
635 624 694 656 M.)

403 663 441 694 26
464 672 513 691 cur
620 663 655 690 ab
671 663 722 690 illo
740 664 770 690 M
787 665 813 691 d.

405 714 442 738 ²7
466 714 516 731 cur
531 703 563 732 fit
585 703 619 730 M
639 704 782 739 cu›·1;irfit

404 745 441 773 28
465 744 517 771 hoe
533 749 597 770 ante
612 742 717 770 factum
733 743 765 772 fit
783 744 805 771 9
819 743 863 772 hoc
874 744 903 772 d.

404 793 441 817 29
462 782 531 820 quid
554 783 576 810 B
593 783 615 810 9
635 784 662 810 d.

405 833 443 860 30
465 822 536 860 quid
558 823 578 851 B
593 822 627 850 M
647 824 667 850 5>
682 823 710 851 d.

405 872 438 900 3¹
464 863 518 890 hoc
539 864 560 890 θ
580 864 609 891 d.

406 913 441 941 32
464 912 498 930 an
521 904 591 937 Ls,
613 916 628 931 κ
649 911 719 932 anet

428 952 437 971 1
464 953 529 971 cum
545 943 582 969 W
596 954 649 971 rum

403 998 443 1005 —
465 991 523 1012 tum
547 997 561 1011 κ
573 984 628 1021 sed
638 992 691 1012 tum
706 985 753 1019 (in
765 982 811 1012 M.
824 992 848 1013 et
861 982 928 1020 lum)

407 1032 443 1052 10
464 1023 484 1051 ii
509 1024 528 1051 B
542 1024 573 1062 fi

407 1072 440 1101 13
464 1063 548 1101 ipfius
575 1064 643 1092 W&
662 1064 714 1102 eju!

407 1106 442 1131 18
463 1104 493 1131 in
508 1103 655 1142 plerasque
677 1118 690 1131 κ
707 1103 840 1142 plerasque

405 1153 442 1172 22
464 1143 606 1181 quandam
629 1144 662 1172 M
683 1145 710 1171 d.

402 1198 444 1206 —
463 1183 517 1211 hoc
531 1184 570 1210 W
584 1198 599 1212 κ
613 1185 638 1212 d.

402 1240 443 1247 —
465 1224 542 1252 volet
564 1225 584 1252 B
601 1225 625 1252 L
639 1225 673 1252 M
686 1224 725 1251 W
738 1225 770 1258 9,
791 1238 806 1252 κ
827 1225 895 1254 velit

408 1266 443 1292 28
465 1271 514 1291 aut
537 1265 559 1291 L
576 1264 608 1292 M
625 1265 662 1291 W
678 1278 692 1292 »ι
707 1265 734 1292 d.

402 1319 444 1325 —
463 1303 692 1343 indignationem
712 1304 734 1332 B
755 1306 885 1343 quandam
902 1307 1028 1335 indullio-

503 1356 557 1372 nem

407 1399 445 1406 —
467 1392 516 1421 per
537 1384 558 1412 Β
573 1383 598 1412 L
619 1386 646 1412 A.

426 1434 441 1452 2
464 1424 538 1452 enim
559 1438 573 1452 κ
595 1434 678 1453 autem

425 1474 442 1501 7
465 1464 667 1494 exercitatione
690 1465 710 1494 Β
734 1466 758 1494 L
781 1466 816 1494 M
838 1466 877 1494 W
896 1466 930 1499 3,
958 1479 973 1493 κ.
1001 1469 1029 1494 in

503 1507 685 1534 exercitatam

423 1554 442 1582 9
464 1552 598 1582 poterunt
615 1547 634 1572 5
650 1552 789 1584 potutrun!

408 1593 443 1621 ¹4
464 1593 492 1613 et
507 1594 562 1612 non
577 1592 708 1622 oportere
725 1587 746 1613 L
762 1586 800 1612 W
813 1587 834 1613 5
848 1588 876 1615 d.

404 1639 446 1646 -—
467 1623 581 1652 testibus
602 1638 617 1652 ιι
637 1626 664 1652 d.
687 1625 781 1660 (firib.
795 1630 822 1654 in
836 1626 892 1660 M.)

410 1673 444 1701 17
468 1665 592 1702 eJusdem
605 1665 626 1692 9
639 1666 794 1703 ejusdemque

403 1719 445 1727 -ν-
465 1704 602 1732 εάιτιίἢῖε
615 1706 635 1732 9
649 1706 770 1743 admfiffi
783 1707 881 1734 dicitur

410 1746 445 1772 18
467 1744 591 1780 ejusdem
614 1745 634 1773 B
656 1747 761 1784 ejusdem
782 1748 869 1783 cargsae

407 1795 445 1814 20
465 1785 637 1815 diducentur
654 1787 673 1813 B
693 1786 726 1812 W
742 1787 774 1819 Β,
796 1799 811 1813 κ
825 1787 979 1816 diducuntur

405 1834 444 1861 24
464 1824 655 1853 accusatorum
677 1827 696 1852 9
718 1825 873 1861 accusatcris

405 1874 441 1902 23
465 1865 663 1902 conquestione
679 1866 700 1894 B
715 1865 748 1893 M
763 1868 886 1905 questione

406 1904 445 1933 26
467 1913 564 1933 omnes
580 1905 618 1932 W
631 1907 662 1939 9,
678 1920 692 1934 κ
705 1907 731 1934 d.

405 1959 447 1968 --
467 1954 501 1972 ex
522 1958 537 1973 κ
558 1946 580 1973 ei
594 1956 628 1974 ex

408 1994 445 2022 27
468 1985 525 2014 illae
545 1987 575 2018 9.
591 1999 605 2014 κ
625 1985 668 2014 ilfi

409 2034 445 2063 33
469 2025 542 2053 Cum
566 2026 599 2054 M
623 2027 688 2055 Cum
700 2035 785 2057 autem

409 2065 503 2104 35-C.
521 2066 678 2094 Flaminius
700 2069 721 2096 B
744 2069 779 2098 G.
794 2067 940 2097 Flaminius

428 2114 448 2142 4
469 2105 587 2134 deduxit
605 2107 639 2134 M
660 2109 747 2137 eduxit

406 2160 446 2169 —-
466 2146 605 2174 arceffitur
627 2148 647 2175 Β
663 2148 696 2176 Μ
718 2149 848 2186 artfftur
860 2158 917 2178 reus
936 2146 965 2186 ψ
981 2159 1029 2180 ac-

552 2188 569 2208 s:

427 2225 448 2255 6
469 2195 610 2255 degam?
624 2198 790 2266 'Mntduxisti

429 2275 447 2303 7
470 2266 558 2296 Ratio
578 2267 602 2295 L
622 2268 703 2296 Ratio
716 2270 749 2305 est

428 2308 446 2335 8
467 2307 631 2345 potestatem
653 2308 686 2336 M
703 2309 825 2346 potestate

425 2356 446 2386 9
467 2347 631 2385 potestatem
645 2361 661 2376 ιι
673 2351 829 2387 majestatem

412 2395 448 2418 ιο
467 2387 524 2418 hoe
537 2402 578 2412 —
591 2388 756 2428 potestatem
770 2389 796 2419 L
812 2390 850 2420 W
863 2391 896 2427 Β,
910 2403 937 2426 κ,
952 2389 1020 2428 ψᾰ.

1170 226 1192 255 1.

1163 277 1172 295 ι
1183 276 1197 295 2
1218 268 1478 306 argumentationes
1496 270 1633 300 omnes-L
1646 270 1783 310 argumetss

1260 317 1379 336 tattonem
1393 321 1483 337 omnf'm

1164 346 1199 375 16
1221 347 1322 384 inqua
1343 351 1361 376 9
1383 353 1502 387 inquam

1164 388 1198 415 18
1220 389 1348 416 attenuet
1368 402 1382 416 κ
1403 392 1522 418 attendat

1164 436 1199 462 19
1221 427 1350 457 incident
1367 429 1404 455 W
1419 431 1449 460 S,
1472 442 1486 457 κ
1506 429 1641 458 inciderint

1162 476 1198 496 22
1223 468 1349 496 minuere
1370 469 1404 497 M
1425 471 1565 498 deminuere

1162 516 1201 542 24
1221 506 1377 545 expolitum
1393 523 1408 536 κ
1421 517 1555 546 expostum
1568 511 1604 547 est

1162 557 1195 583 ²3
1220 547 1352 584 pluribus
1373 549 1395 576 B
1413 548 1534 586 plurimis

1162 595 1199 617 27
1221 595 1248 614 et
1269 600 1283 614 κ
1304 589 1332 615 d,
1357 591 1403 622 (in
1417 588 1568 625 M.scrib.)

1162 629 1198 655 28
1222 626 1323 654 docere
1344 641 1358 655 κ
1379 628 1501 665 oportebit
1515 628 1596 657 docere

1184 676 1194 695 1
1220 666 1375 695 ostenditur
1397 668 1417 696 Β
1438 668 1685 706 ἄιηισηβναόέηινῐι
1699 668 1786 698 MW

1260 708 1292 739 9,
1307 721 1332 743 ῃ,
1348 706 1375 742 ψ
1386 710 1523 746 ostendetur

1183 755 1199 773 z
1222 745 1241 773 fi
1263 746 1284 774 B
1301 747 1334 775 M
1350 749 1385 775 W
1406 749 1434 777 d.

1183 794 1199 823 3
1221 793 1250 814 et
1265 787 1298 814 M
1313 801 1327 814 κ
1341 795 1364 816 et
1378 799 1410 816 ex

1184 835 1199 863 ς
1223 835 1396 863 exponemus
1413 828 1452 856 W
1463 830 1483 857 9
1498 830 1645 867 qstendetnur

1158 865 1340 905 -fiLſsc

1181 908 1198 934 8
1221 906 1374 937 affirmatur
1388 923 1403 937 κ
1417 911 1558 947 affirmetur

1165 955 1199 974 12
1222 947 1375 977 tractanda.
1399 949 1421 976 Β
1444 949 1487 987 (et
1502 953 1529 978 in
1545 950 1639 988 Marg.
1661 951 1686 984 κ)
1709 952 1784 979 trac-¹

1260 990 1352 1016 tanda.
1384 989 1421 1017 Ut
1434 991 1521 1028 sisur
1534 992 1567 1028 ‘3st
1581 992 1611 1019 de
1614 993 1695 1029 furto
1699 991 1730 1029 fi
1732 991 1783 1028 sa-

1260 1028 1367 1066 trilegus
1381 1030 1555 1068 desbcrilegio

1164 1075 1201 1103 ¹4
1221 1075 1339 1096 conetur
1351 1083 1365 1096 ν.
1378 1079 1483 1098 conatur

1165 1115 1201 1144 ¹9
1221 1107 1399 1136 confirmatio
1420 1110 1453 1137 M
1480 1112 1635 1149 confirmatio
1657 1112 1691 1150 {st
1705 1112 1788 1150 faei-

1259 1149 1325 1176 enda
1341 1149 1378 1175 W
1393 1163 1408 1177 ν.
1421 1152 1577 1189 confirmatio
1590 1154 1625 1189 est

1162 1194 1196 1215 21
1223 1187 1382 1226 adaugetur
1403 1191 1436 1218 M
1458 1199 1566 1229 augetur

1163 1235 1199 1262 27
1223 1236 1398 1257 commutare
1420 1232 1452 1259 M
1475 1240 1575 1260 mutare

1165 1276 1201 1303 32
1224 1267 1330 1297 Eorum
1353 1284 1368 1298 κ
1387 1272 1611 1310 Eorumstquidem

1165 1315 1200 1343 33
1224 1317 1321 1336 eorum
1346 1310 1378 1337 M
1394 1312 1432 1338 W
1452 1313 1472 1339 5>
1494 1314 1521 1339 d.

1161 1361 1202 1367 —-
1223 1348 1376 1385 postulabit
1397 1352 1430 1379 M
1454 1350 1622 1390 exstqstulabit

1186 1396 1202 1415 2
1225 1397 1289 1416 cum
1314 1390 1334 1417 Β
1352 1391 1375 1418 L
1397 1403 1443 1419 non
1458 1403 1510 1420 cum

1163 1443 1203 1449 -—
1224 1438 1257 1456 eo
1272 1430 1387 1467 quicum
1404 1433 1443 1458 W
1456 1444 1502 1469 quo
1516 1434 1649 1470 quodcum

1188 1477 1201 1504 3
1225 1477 1296 1505 quos
1320 1470 1342 1498 L
1364 1483 1423 1509 ques
1436 1481 1530 1509 oportet

1185 1507 1203 1535 6
1225 1510 1261 1536 est
1284 1511 1316 1538 M
1339 1514 1485 1549 quidemest

1185 1556 1201 1584 7
1225 1550 1409 1579 multitudine
1432 1553 1455 1580 L
1472 1553 1510 1580 W
1529 1552 1691 1583 multitudini

1186 1589 1202 1615 8
1225 1589 1300 1617 Nam
1321 1592 1340 1617 9
1361 1592 1431 1619 Nam
1444 1603 1476 1620 ex

1185 1637 1203 1665 9
1225 1636 1253 1657 et
1271 1631 1292 1657 L
1310 1631 1348 1657 W
1361 1641 1393 1659 ex

1163 1682 1204 1689 —
1225 1670 1363 1706 praetoriis
1388 1671 1409 1699 L
1425 1686 1440 1699 κ
1455 1676 1579 1710 praetoris

1168 1717 1202 1736 12
1221 1709 1285 1745 jure
1306 1724 1320 1738 κ
1332 1712 1395 1748 jure
1407 1713 1488 1740 civili

1164 1763 1204 1769 —
1225 1757 1253 1778 et
1270 1752 1290 1778 3
1310 1752 1337 1779 d.

1169 1797 1206 1825 14
1226 1791 1377 1828 conceptio
1396 1793 1417 1820 9
1433 1796 1553 1831 conceptio
1562 1801 1749 1832 praeceptorum

1169 1829 1204 1857 16
1226 1831 1428 1860 confirmentur
1444 1834 1481 1860 W
1495 1835 1527 1868 9,
1541 1848 1556 1862 »ι
1576 1836 1758 1873 corfirmantur

1168 1877 1204 1906 19
1226 1878 1305 1899 extra
1326 1872 1360 1900 M
1381 1881 1404 1902 et
1418 1882 1495 1902 extra

1166 1917 1203 1937 22
1228 1918 1257 1939 ut
1277 1913 1297 1939 S>
1319 1920 1346 1940 ut
1360 1921 1384 1941 et

1166 1959 1202 1987 23
1226 1951 1335 1980 afficere
1350 1966 1364 1980 ν.
1379 1954 1448 1991 affici

1166 1999 1202 2028 25
1226 2002 1259 2019 ex
1284 1993 1302 2020 B
1318 1993 1351 2020 M
1367 2007 1382 2021 κ
1402 1995 1429 2022 d.

1166 2032 1204 2059 28
1227 2033 1415 2070 consequatur
1431 2035 1451 2062 Β
1473 2035 1630 2073 constquitur

1166 2079 1204 2108 29
1225 2082 1329 2109 genere
1350 2074 1382 2101 M
1402 2085 1489 2112 genere
1503 2077 1587 2111 cause

1166 2119 1201 2147 33
1225 2112 1326 2141 armati
1346 2115 1363 2141 S
1387 2124 1419 2141 ex
1433 2117 1544 2143 armaris

1189 2151 1357 2181 zhicxd.
1399 2153 1525 2183 ist.

1186 2200 1202 2229 ς
1226 2191 1313 2220 Ratio
1332 2194 1352 2220 S
1373 2193 1452 2221 Ratio
1466 2202 1549 2222 autem
1563 2196 1598 2232 ψ

1185 2230 1204 2258 6
1226 2232 1423 2270 praejudicium
1445 2235 1604 2272 xjudicium

1186 2272 1202 2298 8
1225 2282 1340 2310 quoque
1361 2273 1386 2301 L
1407 2285 1502 2313 quoque
1515 2282 1720 2313 antepraetorem

1186 2320 1205 2349 9
1226 2313 1295 2341 dum
1309 2323 1343 2341 ea
1364 2312 1391 2349 ψ
1411 2325 1465 2343 cum
1478 2315 1507 2342 de
1519 2325 1550 2343 ea
1561 2326 1590 2345 re

1165 2364 1205 2373 —
1223 2352 1370 2389 judicetur
1390 2355 1429 2381 W
1438 2355 1582 2393 judicatur

1168 2400 1200 2421 ιι
1225 2393 1307 2424 causa
1325 2395 1347 2423 9
1367 2395 1615 2435 ‹ausatrarstativa
