2176 2912
656 202 1377 243 ORATORIBUS.
1639 221 1720 261 415

318 297 516 338 neminem
543 295 614 334 effe
646 295 777 334 secum
811 295 1128 349 comparandum,
1160 295 1371 348 negligeret
1400 305 1529 335 autem
1564 311 1626 336 eos
1653 300 1722 351 qui

321 363 506 403 Consules
537 375 615 400 non
650 360 821 414 fuiffent)
854 361 1054 400 summum
1083 361 1184 399 illud
1213 361 1326 400 suum
1360 362 1529 401 studium
1565 366 1724 410 remisit,

319 443 399 482 quo
418 442 438 466 a
457 441 575 481 puero
593 426 718 466 fuerat
738 427 927 473 incensus,
958 437 1073 480 atque
1093 428 1133 465 in
1158 429 1340 466 omnium
1366 441 1496 467 rerum
1527 430 1727 468 abundan-

319 496 373 534 tia
390 493 515 532 voluit
534 493 697 538 beatius,
728 503 772 532 ut
792 493 869 546 ipse
889 494 1061 546 putabat,
1093 493 1279 532 remiffius
1306 503 1421 539 certe,
1452 495 1592 533 vivere.
1644 497 1730 534 Pri—

320 574 423 607 mus,
455 569 494 598 et
523 560 709 599 secundus
730 574 866 605 annus,
897 569 934 598 et
966 560 1100 598 tertius
1121 570 1275 599 tantum
1296 561 1399 614 quasi
1420 561 1466 599 de
1485 562 1642 614 picturae
1663 576 1728 599 ve—

320 627 414 665 teris
448 627 576 665 colore
602 626 824 672 detraxerat,
855 636 1046 678 quantum
1079 640 1158 665 non
1192 627 1319 679 quivis
1351 640 1449 665 unus
1486 641 1533 665 ex
1567 628 1727 680 populo,

322 693 384 732 sed
403 693 637 732 existimator
657 693 791 731 doctus
821 702 859 731 et
874 693 1094 745 intelligens
1115 692 1233 746 poffet
1265 693 1503 746 cognoscere.
1554 694 1728 746 Longius

321 769 451 799 autem
470 760 694 813 procedens,
711 769 749 798 et
769 760 809 798 in
829 760 971 798 caeteris
991 760 1220 812 eloquentiae
1243 760 1427 813 partibuS,
1450 770 1536 798 tuni
1557 761 1727 798 maxime

322 827 363 864 in
385 826 576 864 celeritate
593 835 632 864 et
651 826 939 865 continuatione
959 827 1164 864 verborum
1185 825 1453 871 adhaerescens,
1488 827 1543 864 sui
1564 826 1727 864 diffimi-

324 893 397 930 lior
416 891 616 930 videbatur
634 892 715 930 fieri
731 893 920 944 quotidie.

378 959 465 997 Nos
496 967 625 996 autem
656 972 734 996 non
769 958 1049 1003 defistebamus,
1091 973 1184 996 cum
1219 960 1328 997 omni
1368 973 1505 1011 genere
1538 960 1725 997 exercita-

323 1024 456 1070 tionis,
498 1035 584 1062 tum
616 1026 786 1063 maxime
817 1025 927 1077 stylo,
963 1025 1136 1063 nostrum
1170 1025 1282 1070 illud,
1311 1026 1415 1078 quod
1449 1035 1540 1070 erat,
1577 1039 1728 1078 augere,

326 1100 672 1143 quantumcunque
703 1100 793 1129 erat.
853 1093 985 1144 Atque
1022 1092 1083 1143 (ut
1113 1092 1237 1129 multa
1255 1093 1454 1143 omittam)
1490 1093 1529 1129 in
1550 1090 1625 1130 hoc
1647 1093 1730 1144 spa—-

325 1158 395 1202 tio,
417 1167 455 1195 et
491 1157 531 1194 in
562 1157 608 1194 iis
637 1157 718 1210 post
739 1158 959 1196 aedilitatem
981 1158 1103 1202 annis,
1134 1166 1172 1196 et
1194 1160 1336 1196 Praetor
1355 1159 1517 1211 primm,
1547 1168 1585 1196 et
1605 1159 1732 1196 iucre-

326 1224 439 1261 dibili
459 1223 634 1276 populari
654 1223 863 1269 voluntate,
886 1224 971 1262 sum
991 1223 1126 1262 faustus.
1160 1225 1265 1262 Nam
1287 1239 1378 1262 cum
1400 1234 1555 1278 propter
1575 1225 1729 1262 affidui-

325 1299 444 1328 tatem
463 1291 504 1327 in
524 1289 640 1327 causis
660 1299 699 1328 et
718 1291 957 1335 industriam,
989 1299 1075 1328 tum
1095 1300 1250 1343 propter
1269 1292 1508 1343 exquifitius,
1543 1300 1581 1328 et
1609 1292 1730 1329 mini-

327 1369 390 1394 me
419 1356 575 1410 vulgare
609 1357 791 1394 orationis
817 1371 951 1410 genus,
984 1357 1132 1395 animos
1159 1355 1368 1395 hominum
1402 1357 1448 1395 ad
1482 1371 1545 1395 me
1579 1357 1732 1395 dicendi

327 1423 496 1461 novitate
525 1432 801 1461 converteram.
860 1423 975 1462 Nihil
999 1424 1044 1461 de
1064 1437 1127 1461 me
1150 1424 1305 1461 dicam:
1338 1424 1463 1462 dicam
1493 1424 1538 1461 de
1569 1424 1736 1469 caeteris,

327 1502 496 1542 quorum
516 1503 631 1527 nemo
650 1499 743 1534 erat,
776 1490 844 1541 qui
864 1490 1057 1527 videretur
1076 1490 1315 1541 exquifitius,
1347 1504 1464 1542 quam
1495 1489 1632 1542 vulgus
1654 1488 1729 1527 ho-

327 1556 496 1601 minum,
528 1555 705 1594 studuiffe
736 1556 871 1600 literis,
902 1556 1044 1607 quibus
1074 1554 1161 1593 fons
1193 1555 1367 1608 perfeftae
1388 1556 1614 1608 eloquentia:
1635 1569 1739 1593 cone

326 1621 499 1659 tinctur:
530 1634 660 1666 nemo,
691 1621 759 1674 qui
779 1620 1066 1674 philosophiam
1085 1621 1311 1674 complexus
1332 1621 1433 1666 fellet,
1457 1631 1619 1659 matrem
1641 1635 1729 1659 om·-

327 1687 439 1724 nium
459 1687 556 1725 bene
575 1686 780 1732 fadtorum‚
812 1688 986 1739 beneque
1019 1688 1242 1726 dictorum:
1275 1702 1404 1732 nemo,
1435 1688 1503 1740 qui
1528 1688 1591 1739 jus
1618 1687 1732 1725 civile

329 1752 530 1799 didicisset,
570 1767 652 1792 rem
687 1755 733 1792 ad
759 1755 922 1807 privatas
954 1755 1094 1798 causas,
1135 1763 1173 1792 et
1206 1755 1251 1793 ad
1278 1755 1435 1793 oratoris
1470 1755 1728 1808 prudentiam,

330 1819 500 1856 maxime
520 1819 759 1857 necessariam
778 1834 786 1857 :
820 1833 948 1864 nemo,
971 1820 1039 1871 qui
1060 1822 1290 1859 memoriam
1311 1835 1440 1859 rerum
1463 1822 1730 1859 Romanarum

330 1892 488 1928 teneret,
524 1897 570 1922 ex
599 1898 688 1936 qua,
724 1885 750 1922 fi
781 1885 934 1937 quando
967 1899 1062 1938 opus
1097 1885 1198 1930 efl‘et,
1240 1886 1286 1923 ab
1313 1885 1445 1924 inferis
1482 1885 1731 1939 locupletiffi-

330 1963 415 1988 mos
451 1949 559 1988 testes
591 1951 799 1990 excitaret:
843 1965 971 1996 nemo,
1012 1952 1079 2004 qui
1114 1952 1292 1997 breviter,
1328 1963 1549 2005 arguteque,
1587 1952 1734 1990 incluso

331 2015 551 2060 adversario,
588 2015 729 2054 laxaret
754 2017 936 2068 judicum
971 2018 1134 2062 animos,
1169 2027 1283 2070 atque
1313 2032 1332 2055 a
1364 2018 1555 2055 severitate
1591 2017 1732 2070 paulis-

333 2095 400 2134 per
433 2081 479 2118 ad
513 2080 760 2128 hilaritatem,
798 2083 990 2135 risumque
1031 2084 1268 2121 traduceret:
1316 2097 1444 2128 nemo,
1481 2084 1548 2136 qui
1579 2084 1736 2121 dilatare

332 2145 464 2198 posset,
509 2157 624 2200 atque
657 2162 677 2186 a
712 2149 862 2201 propria
895 2163 944 2197 vac
984 2149 1141 2187 definita
1174 2150 1428 2202 disputatione
1460 2149 1647 2193 hominia
1692 2162 1734 2186 ac

333 2213 532 2265 temporis,
563 2215 609 2252 ad
629 2228 881 2253 communem
902 2217 1151 2268 quaestionem
1173 2217 1332 2254 universi
1354 2217 1501 2269 generis
1522 2217 1733 2254 orationem

335 2279 569 2317 traduceret:
616 2294 745 2325 nemo,
784 2283 852 2333 qui
896 2282 1106 2320 dele&andi
1140 2284 1259 2335 gratia
1296 2283 1443 2335 digredi
1480 2295 1683 2336 parumper
1713 2295 1735 2318 a

335 2343 468 2381 causa:
492 2357 621 2389 nemo,
644 2346 711 2397 qui
732 2346 776 2384 ad
797 2347 1031 2386 iracundiam
1053 2361 1283 2400 magnopere
1301 2349 1488 2399 judicem,
1512 2361 1640 2390 nemo,
1663 2347 1732 2397 qui

336 2410 381 2447 ad
400 2409 548 2454 fletum,
570 2411 687 2463 poffet
704 2412 887 2450 adducere
905 2429 913 2450 :
937 2428 1066 2458 nemo,
1081 2416 1149 2465 qui
1167 2415 1342 2452 animum
1363 2416 1442 2466 ejus
1467 2414 1588 2465 (quod
1610 2426 1730 2449 uuum

335 2476 388 2513 est
408 2478 565 2515 oratoris
586 2478 754 2517 maxime
774 2480 992 2533 proprium)
1026 2493 1259 2532 quocunque
1280 2494 1335 2518 res
1353 2481 1569 2534 postularet,
1592 2477 1732 2530 impel-

337 2542 442 2580 leret.
1361 2539 1368 2546 ’
