2176 2912
720 179 1439 220 ORATORIBUS.
1705 194 1783 234 355

385 271 513 324 Scipio
543 280 580 309 et
602 272 654 309 D.
679 272 819 309 Brutus
852 272 914 322 (ut
932 271 1086 323 opinor)
1121 270 1305 309 Consules
1326 271 1372 308 de
1399 285 1437 309 re
1456 272 1588 316 atroci,
1620 285 1780 324 magna·

382 351 459 389 que
488 347 712 389 quaererent.
772 337 879 375 Nam
909 351 1001 374 cum
1035 337 1074 374 in
1098 337 1186 374 silva
1217 338 1366 374 Scantia
1397 337 1495 375 faeta
1527 338 1645 376 caedes
1678 336 1780 382 effer,

383 403 542 454 notique
579 401 758 440 homines
793 401 996 447 interfeffi,
1041 402 1402 454 insimulareturque
1436 401 1596 447 familia,
1641 404 1782 455 partini

382 467 500 506 etiam
527 468 639 506 liberi
677 468 864 506 societatis
897 469 992 520 ejus,
1028 482 1112 520 quae
1147 468 1304 520 picarias
1338 468 1384 506 de
1415 469 1460 506 P.
1494 469 1691 512 Cornelio,
1732 470 1781 507 L.

383 533 589 572 Mummio
611 534 841 573 Censoribus
863 533 1086 579 redemisset,
1119 534 1317 573 decrevisse
1338 534 1524 579 senatum,
1557 542 1600 571 ut
1621 534 1666 571 de
1686 548 1726 571 ea
1747 548 1784 570 re

383 600 655 652 cognoscerent
675 610 712 638 et
732 601 937 639 statuerent
957 600 1142 638 Consules
1162 615 1171 639 :
1203 600 1353 639 causam
1374 615 1443 654 pro
1473 600 1689 653 publicanis
1720 613 1783 637 ac-

383 675 527 711 curate,
550 676 592 704 ut
612 667 757 719 semper
776 667 907 705 solitus
928 665 1028 711 effer,
1043 666 1306 719 eleganterque
1324 666 1455 704 dixiffe
1475 666 1657 704 Laelium.
1681 667 1787 703 Cum

387 733 588 778 Consules,
620 747 658 771 re
691 734 832 779 audita,
863 734 1012 786 amplius
1041 733 1087 771 de
1109 733 1271 771 Consilii
1297 733 1478 771 sententia
1504 731 1786 785 pronuntiavis-

386 798 480 844 sent,
501 800 633 852 paucis
655 801 884 853 interpositis
906 801 1040 838 diebus
1058 801 1199 838 iterum
1216 800 1383 838 Laelium
1401 800 1528 837 multo
1548 799 1786 852 diligentius,

384 866 599 918 meliusque
618 866 764 911 dixiffe,
786 867 1005 918 iterumque
1024 866 1161 905 eodem
1180 867 1298 904 modo
1319 880 1339 903 a
1359 865 1594 904 Consulibus
1615 879 1698 903 rem
1717 865 1789 903 effe

384 931 588 983 prolatam.
648 933 758 970 Tum
780 932 962 976 Laelium,
993 945 1086 969 cum
1112 945 1203 969 eum
1235 932 1325 970 socii
1358 931 1523 969 domum
1543 931 1787 976 reduxiffent,

384 996 618 1050 egissentque
655 998 820 1050 gratias,
851 1007 916 1043 et,
948 1011 995 1035 ne
1024 996 1318 1051 defatigaretur,
1349 997 1562 1041 oravissent,
1613 997 1791 1036 locutum

385 1063 458 1101 effe
488 1064 553 1108 ita,
585 1064 633 1108 se,
668 1078 752 1116 quae
780 1064 938 1109 fecisset,
969 1063 1126 1103 honoris
1153 1078 1287 1102 eorum
1313 1063 1435 1108 causa,
1466 1063 1643 1107 studiose,
1673 1077 1790 1101 accu-

388 1138 542 1182 rateque
559 1129 683 1168 feciffe
700 1149 712 1175 5
744 1129 805 1168 sed
826 1131 861 1168 se
881 1130 1066 1176 arbitrari,
1088 1131 1238 1169 causam
1257 1130 1366 1168 illam
1386 1143 1406 1167 a
1423 1131 1500 1168 Ser.
1524 1128 1664 1174 Galba,
1686 1130 1791 1182 quod

387 1196 419 1234 is
448 1197 487 1234 in
525 1197 689 1235 dicendo
721 1196 858 1235 fortior
888 1198 1085 1249 acriorque
1110 1197 1212 1242 esset,
1257 1198 1407 1250 gravius
1445 1205 1484 1234 et
1522 1194 1791 1234 vehementius

387 1262 490 1315 poffe
520 1262 688 1301 defendi.
748 1263 883 1316 Itaque
917 1264 1138 1301 auctoritate
1169 1264 1218 1301 C.
1242 1263 1353 1301 Laelii
1382 1261 1610 1315 publicanos
1640 1262 1794 1300 causam

387 1328 563 1367 detulisse
594 1329 640 1366 ad
661 1329 842 1368 Galbam.
903 1329 1023 1367 Illum
1046 1338 1190 1373 autem,
1222 1329 1327 1381 quod
1347 1329 1382 1365 ei
1407 1329 1489 1365 viro
1509 1327 1794 1365 succedendum

390 1394 493 1440 effer,
528 1395 739 1433 verecunde
772 1405 809 1433 et
838 1396 1058 1434 dubitanter
1088 1394 1277 1447 recepisse.
1328 1395 1481 1438 Unum,
1509 1393 1611 1445 quasi
1631 1406 1793 1446 compe-

390 1461 625 1507 rendinatus,
659 1461 834 1500 medium
855 1462 959 1500 diem
979 1461 1101 1506 fuiffe,
1124 1474 1242 1514 quem
1266 1470 1394 1499 totum
1418 1459 1586 1498 Galbam
1606 1460 1647 1496 in
1667 1459 1792 1497 confi·-

390 1528 555 1566 deranda
585 1528 704 1573 causa,
736 1528 1082 1580 componendaque
1114 1526 1271 1579 posuiffe
1288 1545 1299 1570 ς
1345 1535 1396 1570 et,
1432 1539 1525 1563 cum
1560 1525 1793 1577 cognitionis

390 1594 470 1632 dies
491 1593 592 1638 effet,
623 1603 661 1632 et
692 1592 768 1646 ipse
789 1593 962 1632 Rutilius
995 1601 1128 1645 rogatu
1148 1593 1339 1630 sociorum
1360 1592 1524 1630 domum
1553 1591 1598 1628 ad
1626 1591 1795 1629 Galbam

393 1673 504 1698 mane
524 1659 692 1705 venisset,
724 1668 768 1698 ut
787 1673 878 1698 eum
903 1660 1138 1704 admoneret,
1169 1668 1207 1697 et
1232 1659 1278 1697 ad
1305 1658 1457 1696 dicendi
1491 1667 1644 1709 tempus
1671 1657 1794 1694 addu-

392 1734 509 1769 ceret,
541 1725 659 1776 usque
693 1725 823 1770 illum,
854 1725 981 1777 quoad
1007 1724 1041 1761 ei
1071 1725 1295 1763 nuntiatum
1325 1724 1412 1762 esset
1433 1722 1618 1761 Consules
1639 1722 1794 1760 descen-

393 1790 499 1835 diffe,
530 1790 712 1828 omnibus
732 1790 905 1835 exclusis,
928 1799 1237 1828 commentatum
1258 1791 1298 1828 in
1319 1790 1483 1842 quadam
1501 1788 1686 1827 testudine
1703 1801 1796 1826 cum

346 1902 350 1905 Δ
395 1856 506 1893 servis
538 1856 696 1893 literatis
714 1854 850 1899 fuiffe3
883 1868 1051 1908 quorum
1071 1855 1175 1893 aliud
1194 1855 1259 1892 alii
1286 1855 1425 1893 diftare
1459 1854 1595 1892 eodem
1625 1862 1797 1906 tempore

394 1922 527 1959 solitus
547 1921 648 1960 effet.
681 1923 844 1960 Interim
864 1935 956 1959 cum
976 1921 1062 1959 ess‘et
1083 1922 1117 1959 ei
1149 1922 1371 1959 nuntiatum
1401 1932 1555 1972 tempus
1580 1919 1664 1964 effe,
1686 1919 1798 1957 exiffe

395 1988 437 2025 in
459 1988 553 2026 mdes
574 2000 618 2025 eo
639 1988 778 2033 colore,
801 1997 839 2025 et
859 1988 904 2025 iis
925 1987 1062 2032 oculis,
1099 1996 1141 2025 ut
1161 1987 1271 2039 egiffe
1291 1986 1454 2030 causam,
1485 1999 1562 2023 non
1593 1998 1797 2024 commen-

396 2065 521 2094 tatum
543 2064 707 2108 putares.
740 2054 917 2093 Addebat
938 2055 1070 2099 etiam,
1103 2055 1218 2107 idque
1249 2054 1294 2091 ad
1315 2068 1396 2091 rem
1417 2053 1604 2106 pertinere
1624 2052 1796 2105 putabat,

398 2122 595 2174 scriptores
617 2122 703 2159 illos
724 2122 824 2159 male
843 2122 1033 2160 mulcatos
1054 2121 1166 2160 exiffe
1189 2135 1280 2159 cum
1303 2120 1442 2158 Galba.
1489 2120 1550 2157 Ex
1571 2133 1650 2171 quo
1679 2118 1796 2172 figni-

399 2187 550 2232 ficabat,
572 2188 686 2226 illum
707 2202 783 2226 non
804 2190 843 2227 in
865 2189 1012 2241 agendo
1033 2188 1170 2233 solum,
1194 2188 1254 2226 sed
1275 2189 1391 2225 etiam
1412 2188 1452 2225 in
1473 2186 1709 2230 meditando,
1732 2199 1796 2222 ve-

398 2252 622 2291 hementem
642 2263 756 2305 atque
776 2254 974 2293 incensum
995 2253 1116 2292 fuiss'e.
1150 2254 1258 2305 Qid
1279 2254 1402 2291 multa
1419 2254 1433 2290 ?
1464 2266 1603 2304 magna
1621 2253 1796 2303 expezfta-

399 2320 517 2363 tione,
549 2319 725 2369 plurimis
756 2320 1013 2366 audientibus,
1045 2335 1173 2359 coram
1205 2320 1284 2372 ipso
1305 2320 1425 2358 Laelio
1444 2319 1492 2356 fic
1522 2318 1629 2356 illam
1650 2316 1797 2354 causam

401 2393 504 2421 tanta
534 2384 585 2428 vi,
616 2393 794 2436 tantaque
813 2386 995 2437 gravitate
1026 2386 1157 2424 dixisse
1185 2385 1365 2430 Galbam,
1399 2394 1441 2423 ut
1471 2383 1576 2422 nulla
1604 2381 1681 2419 fere
1714 2392 1796 2431 pars

401 2449 579 2489 orationis
600 2449 747 2490 filentio
767 2452 1031 2505 praeteriretur.
1075 2452 1209 2505 Itaque
1227 2452 1362 2489 multis
1391 2450 1568 2503 querelis,
1601 2446 1798 2497 multaque

1245 2518 1387 2567 Yy2
