2176 2912
467 219 545 268 462
909 217 1443 256 ORATOR.

607 312 703 350 Bene
723 324 828 363 quam
847 311 1012 349 meritam
1033 310 1092 364 ff
1109 322 1290 356 autumas,
1312 311 1397 350 dicis
1416 311 1504 349 male
1523 312 1664 350 mereri.

606 378 656 416 Id
670 376 853 431 qzcodscis,
869 377 1010 430 prodest
1028 378 1142 417 nihil:
1173 378 1221 422 id,
1244 379 1337 431 quod
1352 379 1471 432 nescis,
1493 378 1591 431 obest.

468 444 633 482 Versum
653 444 772 482 efficit
792 444 870 496 ipsa
889 444 1021 481 relatio
1041 445 1336 482 contrariorum.
1376 445 1419 482 ld
1440 444 1527 482 effet
1549 446 1588 482 in
1608 444 1778 482 oratione
1799 457 1873 481 nu-

468 512 678 556 merosum,
701 510 895 564 Qodstz's,
918 511 1011 549 nihil
1019 511 1157 563 prodest
1172 527 1185 549 .·
1208 512 1300 564 quod
1315 512 1434 564 nescis,
1456 512 1606 550 multum
1621 511 1720 564 obest.

524 579 573 615 L.
621 578 778 629 Semper
797 575 894 621 haec,
925 590 1011 628 quae
1043 577 1171 614 Graeci
1192 578 1341 616 άντίθετα
1361 577 1577 621 nominant,
1609 574 1701 614 cum
1721 585 1873 614 contra-

469 644 534 682 riis
566 652 819 696 opponuntur
850 642 1051 686 contraria,
1085 655 1296 679 numerum
1326 643 1537 680 oratorium
1558 642 1769 680 necestitate
1799 642 1878 695 ipsa

466 710 656 753 efficiunt,
687 719 727 746 et
751 722 842 745 eum
872 708 948 745 sine
968 707 1166 746 industria.
1226 708 1318 745 Hoc
1338 721 1476 760 genere
1496 709 1660 760 antiqui,
1688 709 1770 760 jam
1789 718 1876 746 ante

470 777 688 819 Isocratem,
731 774 1030 819 delcetabantur‚
1072 783 1111 812 et
1141 774 1311 812 maxime
1345 774 1510 827 Gorgias
1527 793 1539 819 ;
1571 775 1681 826 cujus
1716 775 1756 812 in
1791 787 1875 812 ora-

469 844 573 880 tione
594 841 827 894 plerumque
847 840 968 879 efficit
995 854 1206 878 numerum
1234 840 1313 893 ipsa
1331 841 1587 879 concinnitas.
1639 840 1725 879 Nos
1759 840 1876 878 etiam

468 910 507 947 in
528 907 604 946 hoc
624 920 761 960 genere
792 906 1011 959 frequentes
1028 926 1040 952 ;
1073 916 1117 945 ut
1146 907 1212 945 illa
1232 907 1320 945 sunt
1349 908 1389 945 in
1420 917 1558 960 quarto
1578 906 1844 945 Accusationis
1863 925 1875 951 3

469 975 640 1028 Cmfirte
659 975 752 1012 hanc
770 983 896 1026 pacem
927 988 1004 1012 cum
1034 974 1091 1012 illo
1110 973 1218 1018 bell03
1250 974 1353 1026 hujus
1366 974 1542 1027 praetoris
1560 973 1768 1018 adventum,
1800 987 1878 1012 cum

468 1042 562 1080 illius
595 1040 821 1094 imperator&
859 1041 1041 1085 vifhria,
1088 1040 1194 1092 hujus
1226 1041 1401 1079 cohortem
1443 1041 1632 1093 impuram,
1670 1054 1747 1078 cum
1785 1040 1878 1078 illius

468 1108 627 1147 exercitu
657 1108 818 1151 τ’)ιυίὲῗω
864 1106 968 1158 hujus
1001 1107 1172 1151 lt'bzdines,
1214 1121 1292 1145 cum
1318 1107 1411 1145 illius
1440 1106 1685 1150 continentiam
1731 1106 1778 1144 ab
1807 1107 1877 1151 illo,

469 1175 533 1227 qui
561 1174 664 1226 cepit,
696 1173 880 1217 conditam
912 1173 957 1211 ab
983 1173 1060 1217 hoc,
1092 1174 1155 1226 qui
1183 1173 1390 1226 constitutas
1422 1173 1571 1225 accipit,
1603 1181 1729 1225 captas
1758 1171 1880 1212 dicetis

470 1241 675 1294 Syracustzs.
737 1241 841 1292 Ergo
861 1249 899 1276 et
919 1239 962 1276 hi
983 1241 1135 1277 numeri
1156 1240 1228 1278 fint
1249 1240 1411 1292 cogniti.

526 1308 660 1345 Genus
692 1305 791 1343 illud
812 1306 971 1344 tertium
993 1306 1222 1358 explicetur,
1255 1306 1367 1359 quale
1399 1307 1457 1351 sit,
1489 1305 1698 1344 numerosae
1719 1314 1757 1343 et
1782 1313 1879 1358 aptae

469 1373 651 1412 orationis
670 1388 678 1410 ε
711 1373 817 1425 quod
838 1373 906 1425 qui
928 1387 1006 1410 non
1035 1373 1218 1418 sentiunt,
1250 1387 1344 1425 quas
1364 1386 1471 1411 aures
1492 1372 1669 1417 habeant,
1699 1381 1764 1410 aut
1784 1372 1880 1424 quid

470 1440 510 1477 in
531 1439 590 1477 his
612 1437 783 1477 hominis
804 1439 927 1477 simile
954 1440 1012 1484 fit,
1035 1439 1175 1478 nescio.
1216 1440 1317 1478 Meae
1341 1440 1501 1492 quidem
1521 1449 1558 1477 et
1578 1437 1746 1492 perfeeto
1766 1451 1878 1476 com-

470 1505 653 1558 pletoque
700 1504 906 1542 verborum
950 1505 1101 1542 ambitu
1135 1505 1318 1556 gaudent,
1363 1515 1401 1543 et
1441 1514 1549 1543 curta
1582 1505 1764 1549 sentiunt,
1809 1516 1880 1541 nec

470 1580 601 1608 amant
635 1569 897 1607 redundantia.
959 1571 1067 1622 Qid
1101 1571 1188 1608 dico
1222 1572 1356 1608 meas?
1389 1572 1592 1609 conciones
1625 1571 1719 1622 saepe
1749 1569 1878 1608 excla-

471 1650 575 1674 mare
596 1636 690 1680 vidi,
721 1649 814 1673 cum
845 1645 931 1687 apte
952 1636 1064 1673 verba
1095 1636 1328 1675 cecidissent.
1390 1637 1434 1674 Id
1455 1638 1561 1674 enim
1581 1638 1782 1688 expectant
1809 1649 1879 1674 au·-

472 1717 542 1747 res,
575 1711 618 1740 ut
641 1702 764 1739 verbis
785 1702 1020 1754 colligentur
1052 1702 1259 1741 sententiaa.
1300 1703 1414 1741 ‘Non
1444 1712 1523 1740 erat
1553 1701 1628 1739 hoc
1656 1703 1757 1754 apud
1777 1702 1879 1740 anti-

471 1781 582 1820 quos.
634 1768 687 1804 Et
708 1767 867 1819 quidem
903 1765 1001 1805 nihil
1033 1768 1138 1805 aliud
1166 1766 1244 1805 fere
1266 1782 1343 1806 non
1371 1778 1472 1806 erat:
1506 1782 1595 1805 nam
1616 1777 1653 1805 et
1675 1767 1787 1805 verba
1807 1768 1878 1805 eli-

471 1834 626 1886 gebant,
659 1842 697 1870 et
731 1833 933 1871 sententias
968 1847 1113 1886 graves,
1136 1843 1173 1871 et
1202 1834 1330 1872 suaves
1353 1835 1604 1887 reperiebant,
1632 1834 1694 1872 sed
1725 1847 1784 1872 eas
1814 1843 1880 1872 aut

474 1899 709 1943 vinciebant,
741 1909 805 1936 aut
826 1900 1032 1951 explebant
1052 1914 1204 1952 parum.

529 1966 620 2003 Hoc
652 1979 715 2003 me
746 1965 871 2017 ipsum
893 1965 1066 2010 delectat,
1098 1967 1296 2018 inquiunt.
1341 1967 1450 2019 Qid
1478 1966 1503 2004 fi
1524 1966 1785 2019 antiquissima
1814 1966 1881 2009 illa

474 2031 621 2083 pietura
655 2045 868 2083 paucorum
902 2032 1079 2070 colorum
1121 2034 1269 2084 magis,
1319 2047 1436 2084 quam
1471 2031 1552 2070 haec
1581 2033 1665 2084 jam
1699 2031 1877 2084 perfecta,

472 2097 666 2134 delectet?
713 2097 779 2133 illa
810 2097 921 2134 nobis
952 2097 1010 2142 fit,
1045 2099 1172 2143 credo,
1211 2098 1439 2150 repetenda5
1471 2096 1553 2135 haec
1588 2097 1733 2135 scilicet
1764 2112 1879 2151 repu-

474 2162 623 2200 dianda.
684 2163 925 2200 Nominibus
947 2173 1119 2201 veterum
1149 2164 1375 2215 gloriantur.
1436 2163 1567 2201 Habet
1601 2173 1731 2201 autem
1763 2175 1804 2202 ut
1839 2165 1878 2203 in
1923 2202 1927 2205 ,

473 2228 647 2266 aetatibus
668 2229 934 2266 auctoritatem
954 2228 1137 2274 senectus,
1169 2230 1218 2267 fic
1246 2230 1283 2267 in
1315 2230 1501 2282 exemplis
1527 2231 1762 2282 antiquitas;
1794 2245 1879 2284 quae

473 2294 634 2347 quidem
656 2294 757 2346 apud
779 2308 841 2331 me
863 2295 989 2347 ipsum
1010 2296 1108 2333 valet
1129 2296 1360 2348 plurimum.
1385 2297 1471 2335 Nec
1492 2311 1563 2349 ego
1584 2298 1636 2342 id,
1655 2298 1760 2350 quod
1780 2298 1879 2336 deest

475 2361 708 2412 antiquitati,
743 2360 876 2412 flagito
914 2362 1057 2413 potius,
1102 2376 1219 2414 quaxn
1253 2363 1380 2407 laudo,
1412 2365 1517 2415 quod
1546 2363 1626 2408 est5
1672 2364 1878 2416 praesertim

475 2439 568 2464 cum
589 2439 630 2463 ea
650 2427 792 2478 majora
806 2426 997 2477 judicem,
1020 2441 1104 2480 quae
1126 2428 1226 2472 sunt,
1249 2442 1366 2480 quam
1387 2429 1466 2475 illa,
1488 2443 1572 2481 quae
1595 2429 1742 2467 desunt.
1786 2430 1878 2468 Plus

475 2492 527 2529 est
561 2492 728 2529 enimin
749 2492 886 2536 verbis,
918 2493 1015 2530 etin
1049 2493 1244 2531 sententiis
1281 2495 1386 2540 boni,
1418 2495 1560 2547 quibus
1588 2496 1647 2533 illi
1666 2495 1876 2540 excellunt,

474 2571 592 2609 quam
612 2558 651 2596 in
673 2558 915 2598 conclufione
937 2558 1224 2606 sententiarum,
1246 2574 1363 2614 quam
1385 2575 1461 2600 non
1483 2561 1639 2600 habent.
