2176 2912
487 186 805 225 LIBER
882 187 1457 230 SECUNDUS.
1619 206 1671 244 99

266 278 554 318 constitutiones
575 287 685 316 erunt
706 278 883 324 induetae,
912 279 951 317 in
972 280 1016 318 iis
1039 280 1114 333 ipse
1134 294 1288 333 quoque
1308 295 1354 319 ex
1374 282 1508 320 iisdem
1530 284 1669 322 consti-

267 344 481 383 tutionibus
502 342 760 382 defenfionem
782 346 1018 397 comparabit
1031 364 1042 390 ;
1075 355 1226 384 caeteros
1248 356 1376 385 autem
1396 361 1529 386 omnes
1551 351 1669 394 locos,

267 411 336 462 qui
355 410 402 447 ad
421 409 540 462 ipsam
564 411 892 462 comparationem
918 413 1178 464 pertinebunt,
1210 426 1255 450 ex
1275 414 1465 451 contrario
1484 416 1669 453 tractabit.

266 476 363 514 Loci
383 485 511 514 autem
533 489 762 514 communes
782 486 893 515 erunt
914 478 1169 523 Accusatoris‚
1203 479 1243 517 in
1263 493 1368 524 eum,
1401 480 1482 532 qui,
1513 494 1605 518 cum
1626 481 1672 519 de

265 540 366 580 faCto
386 542 489 594 turpi
516 541 660 594 aliquo,
691 552 756 580 aut
777 543 921 589 inutili,
953 553 1017 582 aut
1048 554 1210 597 utroque
1230 544 1404 590 fateatur,
1437 556 1579 598 quaerat
1614 556 1672 584 ta-

267 621 358 646 men
388 607 558 660 aliquam
588 607 861 654 defenfionem,
892 608 983 648 facti
1017 611 1268 649 inutilitatem
1296 621 1360 649 aut
1391 611 1673 664 turpitudinem

266 688 359 713 cum
390 674 653 727 indignatione
684 674 864 727 proferre.
925 675 1144 715 Defensoris
1168 678 1233 723 est,
1266 678 1421 716 nullum
1441 677 1589 717 factum
1610 680 1671 716 in—

267 741 375 786 utile,
417 754 541 794 neque
573 750 697 794 turpe,
740 755 862 794 neque
893 743 987 780 item
1018 744 1127 788 utile,
1158 758 1283 797 neque
1313 744 1517 783 honestum
1548 746 1675 798 putari

265 816 453 860 oportere,
483 807 566 851 nisi,
597 821 676 859 quo
705 808 849 852 animo,
886 822 964 860 quo
996 819 1181 862 tempore,
1213 824 1288 863 qua
1320 811 1367 849 de
1400 811 1508 850 causa
1526 810 1674 850 factum

266 872 325 917 fit,
348 872 600 924 intelligatur.
632 873 714 923 Qi
734 872 840 911 locus
862 874 914 923 ita
931 876 1153 914 communis
1173 875 1238 920 est,
1258 886 1300 914 ut
1321 876 1418 914 bene
1434 878 1612 915 tractatus
1632 877 1674 916 in

266 936 339 976 hac
360 938 466 976 causa
486 951 628 990 magno
649 938 695 975 ad
711 939 1015 991 persuadendum
1034 951 1237 980 momento
1252 941 1405 980 futurus
1425 942 1482 980 fit.
1512 943 1564 981 Et
1580 943 1674 980 alter

266 1002 390 1048 locus,
427 1017 495 1056 per
528 1017 646 1056 quem
681 1018 820 1057 magna
854 1019 947 1044 cum
982 1006 1282 1059 amplificatione
1315 1007 1491 1046 beneficii
1518 1010 1672 1061 magni-

266 1070 362 1109 tudo
392 1083 438 1109 ex
469 1070 649 1115 utilitate,
680 1080 745 1109 aut
766 1069 972 1118 honestate,
1004 1082 1069 1111 aut
1088 1072 1178 1112 facti
1198 1074 1481 1119 neceffitudine,
1509 1075 1672 1113 demon-

267 1135 415 1175 stratur.
475 1137 529 1174 Et
549 1138 697 1182 tertius,
729 1151 795 1190 per
825 1152 944 1190 quem
973 1153 1030 1178 res
1061 1140 1225 1193 expreffa
1254 1142 1393 1186 verbis,
1427 1150 1513 1179 ante
1540 1142 1673 1180 oculos

267 1215 417 1246 eorum,
435 1203 502 1254 qui
518 1202 692 1248 audiunt,
707 1204 877 1255 ponitur,
896 1214 938 1243 ut
950 1205 1019 1258 ipfi
1038 1205 1072 1244 se
1090 1219 1246 1259 quoque
1264 1207 1369 1246 idem
1387 1206 1552 1246 facturos
1564 1206 1676 1246 fuiffe

266 1267 512 1312 arbitrentur,
544 1267 569 1305 fi
591 1267 659 1305 fibi
679 1268 746 1306 illa
765 1282 820 1307 res
842 1279 955 1322 atque
975 1284 1018 1308 ea
1043 1270 1209 1310 faciendi
1234 1273 1342 1310 causa
1362 1286 1429 1325 per
1446 1272 1550 1310 idem
1571 1282 1673 1311 tem-

266 1347 338 1386 pus
359 1333 563 1371 accidisset.
610 1334 762 1373 Relatio
782 1336 957 1374 criminis
978 1336 1044 1381 est,
1067 1350 1160 1375 cum
1180 1351 1265 1376 reus
1286 1338 1339 1383 id,
1361 1338 1467 1390 quod
1487 1338 1673 1390 arguitur,

266 1397 471 1444 confeffus,
507 1399 661 1437 alterius
693 1400 728 1438 se
758 1401 963 1440 inductum
982 1411 1139 1455 peccato
1162 1404 1249 1454 jure
1278 1402 1404 1441 feciffe
1424 1403 1671 1442 demonstrat.

266 1466 326 1504 Ea
344 1465 397 1503 est
416 1464 663 1518 hujusmodi3
695 1467 896 1513 Horatius,
927 1468 1059 1507 occifis
1092 1468 1213 1507 tribus
1239 1470 1436 1514 Curiatiis,
1463 1479 1501 1507 et
1521 1470 1672 1508 duobus

267 1531 408 1570 amiffis
428 1530 624 1576 fratribus,
646 1532 810 1570 domum
831 1533 866 1571 se
886 1534 1006 1572 vietor
1026 1534 1181 1587 recepit.
1225 1536 1261 1573 Is
1282 1535 1551 1573 animadvertit
1569 1535 1673 1574 soro-

268 1611 349 1636 rem
364 1598 469 1637 suam
490 1598 535 1636 de
552 1597 714 1637 fratrum
731 1609 856 1638 morte
876 1614 954 1638 non
975 1600 1227 1646 laborantem,
1241 1600 1362 1654 sponfi
1383 1610 1514 1640 autem
1530 1615 1675 1640 nomen

268 1664 525 1717 appellantem
557 1665 770 1703 identidem
810 1667 974 1704 Curiatii
1008 1680 1100 1705 cum
1131 1668 1282 1720 gemitu
1312 1677 1350 1706 et
1386 1668 1672 1707 lamentatione.

271 1730 432 1782 Indigne
452 1730 572 1783 paffus
593 1731 782 1783 virginem
803 1733 962 1771 occidit.
1021 1733 1246 1772 Accusatur.

325 1796 496 1833 Intentio
516 1795 581 1840 est,
614 1797 759 1848 Injuria
779 1797 943 1836 sororem
963 1799 1150 1837 occidisti.
1193 1798 1377 1852 Depulfio
1395 1799 1460 1844 est,
1494 1800 1585 1851 Jure
1604 1813 1672 1838 oc-

269 1860 360 1898 cidi.
394 1860 563 1912 Qaestio
582 1860 647 1905 est,
663 1863 812 1912 -Jurene
828 1863 1010 1901 occiderit
1026 1865 1038 1900 ?
1071 1865 1187 1902 Ratio
1203 1864 1268 1910 est,
1291 1865 1361 1903 Illa
1376 1866 1482 1903 enim
1502 1864 1673 1904 hostium

269 1935 438 1964 mortem
458 1925 626 1978 lugebat,
645 1925 806 1965 fratrum
823 1928 1042 1981 negligebat
1057 1947 1069 1973 ς
1098 1943 1162 1967 me
1183 1939 1219 1967 et
1239 1930 1430 1982 populum
1446 1931 1673 1969 Romanum

268 1991 395 2030 viciffe
415 1992 572 2030 moleste
592 1991 750 2032 ferebat.
795 1993 1010 2033 Infirmatio
1037 1995 1103 2040 est,
1126 1997 1278 2033 Tamen
1299 2009 1319 2033 a
1336 1995 1448 2034 fratre
1469 1996 1672 2034 indemna-

267 2066 350 2096 tam
371 2059 495 2096 necari
516 2071 591 2096 non
613 2059 798 2111 oportuit.
832 2061 892 2098 Ex
913 2074 988 2112 qua
1001 2061 1192 2112 judicatio
1212 2061 1269 2106 fit,
1290 2063 1394 2100 Cum
1413 2062 1576 2100 Horatia
1594 2061 1672 2100 fra-

269 2132 375 2161 trum
406 2134 573 2161 mortem
608 2125 831 2177 negligeret,
863 2125 1033 2164 hostium
1065 2126 1226 2179 lugeret,
1258 2127 1303 2164 de
1324 2126 1448 2165 fratris
1483 2136 1520 2165 et
1540 2127 1674 2180 populi

271 2189 444 2228 Romani
464 2190 621 2228 victoria
651 2205 728 2229 non
759 2191 952 2244 gauderet,
983 2194 1205 2246 oportuitne
1231 2207 1315 2231 eam
1348 2207 1368 2230 a
1388 2192 1500 2231 fratre
1521 2194 1672 2232 indem-

271 2265 401 2294 natam
423 2257 561 2295 necari.

328 2322 500 2361 XXVII.
534 2323 625 2362 Hoc
647 2324 686 2362 in
707 2338 843 2378 genere
863 2326 994 2372 causae,
1017 2325 1203 2380 primum,
1227 2327 1253 2366 fi
1270 2328 1364 2381 quid
1377 2341 1423 2367 ex
1443 2327 1586 2366 caeteris
1607 2327 1674 2365 da-

273 2387 378 2425 bitur
411 2388 766 2436 constitutionibus,
798 2392 898 2430 sumi
936 2394 1143 2446 oportebit,
1182 2395 1277 2432 ficut
1312 2395 1351 2432 in
1391 2394 1676 2446 comparatione

274 2463 507 2506 praeceptum
527 2455 593 2493 est.
654 2457 797 2502 Postea,
820 2458 845 2496 fi
867 2472 943 2511 qua
962 2459 1121 2498 facultas
1142 2461 1226 2505 erit,
1258 2474 1324 2512 per
1343 2461 1512 2512 anquam
1533 2459 1675 2497 consti-

275 2519 466 2559 tutio'nem
487 2521 616 2567 illum,
630 2522 671 2561 in
692 2536 811 2576 quem
831 2526 977 2564 crimen
999 2525 1237 2571 transfertur,
1257 2525 1471 2565 defendere.
1511 2523 1675 2568 Deinde,

993 2591 1033 2630 N
1067 2603 1088 2630 2
