2176 2912
376 289 407 316 p.

379 319 419 346 60

385 997 419 1025 61

631 181 926 222 VARIAE
1011 175 1575 220 LECTIONES.

465 327 499 346 12
524 317 600 345 Nam
617 316 637 345 B
654 318 722 345 Nam
736 322 761 345 et

464 367 496 395 ις
522 357 646 395 Qando
662 371 673 384 ιε
689 358 746 394 on
761 357 830 384 modo

459 413 500 420 —-
522 397 667 434 proferent
683 398 717 425 M
728 400 863 435 prqurunt

465 439 498 465 18
522 437 677 475 pertinebit
694 451 709 464 »ι
719 440 831 475 pertinet

463 485 500 514 19
522 477 576 505 aIia
592 491 608 505 κ
623 477 673 506 illa

463 525 501 545 20
522 517 571 556 qui
586 519 617 550 3,
635 531 651 545 κ
666 519 724 555 qui:

464 566 497 585 21
522 565 624 594 putent
638 559 658 585 9
669 562 745 594 paret

463 606 502 633 24
525 597 720 635 excogitatum
735 594 761 630 ψ
776 598 916 632 cogitatum

463 647 499 675 23
522 645 645 664 oratores
661 645 688 664 et
705 635 860 663 mediocres
875 634 896 662 B
910 642 934 663 et
956 633 1088 662 mediocres

564 685 586 704 et
601 676 681 703 malos
695 683 806 703 oratores

466 726 503 754 30
523 716 656 743 convenit
671 716 690 743 B
705 717 837 742 conveniet

462 771 504 778 ·-
525 755 680 783 orationem
698 755 717 782 B
732 755 771 781 W
783 755 804 781 θ
819 755 846 781 d.

466 805 499 833 3¹
525 794 742 823 ratiocinatione
756 795 776 822 3
791 795 890 822 ratione

467 846 500 873 33
525 835 605 863 abuti
620 836 643 863 L
658 835 692 862 M
708 833 735 869 ψ
748 837 789 863 uti

466 886 503 913 34
526 875 561 903 ab
587 875 795 912 approbatione
811 873 832 902 B
858 873 891 900 M
907 871 1091 910 adprobatione

565 917 630 954 (sed
640 917 734 952 corrig,
749 927 766 942 a
776 913 866 952 prob.)
883 926 900 940 κ
914 913 1090 949 aproposttio-

564 966 595 984 ne
610 956 672 991 (sed
683 958 712 983 in
725 966 810 992 marg.
826 952 1018 991 approbarione)

490 1005 501 1024 1
527 995 711 1033 perspiciatur
725 995 746 1023 B
762 995 796 1022 M
812 1008 828 1021 κ
838 993 1021 1030 perspiciamus

489 1046 503 1072 3
529 1036 604 1063 fastu
620 1036 651 1063 M
660 1038 744 1074 facJo
760 1032 972 1072 (vels‘alJumJZ
985 1031 1020 1066 l.)

485 1076 502 1102 6
525 1075 683 1103 rationibus
699 1074 725 1108 ψ
736 1073 931 1111 probationibus

487 1117 503 1142 S
527 1115 659 1143 xidentur
673 1115 694 1143 Β
711 1115 735 1142 L
751 1114 833 1142 MW
846 1116 863 1142 9
883 1113 1012 1150 visasint!

471 1164 506 1184 10
529 1155 574 1182 sed
588 1157 608 1182 5·
622 1156 649 1183 d.

473 1205 509 1232 ³4
530 1195 641 1223 levatur
652 1195 673 1223 B
690 1195 713 1223 L
728 1195 762 1224 M
777 1194 816 1221 W
831 1194 861 1225 9,
877 1206 890 1220 κ
905 1192 1054 1222 alleviatur
1067 1191 1095 1228 ψ

569 1235 707 1264 alle-vatur

473 1285 508 1313 19
531 1275 588 1303 illis
608 1275 642 1303 M
657 1275 720 1303 aliis

472 1324 503 1343 21
530 1315 683 1353 praeceptio
696 1317 716 1343 9
731 1316 759 1345 d.

441 1364 445 1367 ¹
469 1364 506 1384 22
530 1356 630 1385 modos
646 1356 679 1384 M
694 1365 806 1384 numeros

468 1410 508 1417 ·—-
529 1395 719 1424 observabunt
743 1397 764 1423 θ
787 1393 974 1434 constrvabunt
999 1391 1026 1429 ψ
1051 1392 1095 1422 ob-

561 1435 691 1473 servabit

470 1485 507 1513 ²3
530 1483 664 1514 poterunt
679 1473 706 1511 ψ
717 1479 813 1514 poterit

471 1517 508 1544 26
530 1516 647 1553 aliquod
662 1517 681 1544 5
697 1518 724 1545 d.

471 1557 508 1585 28
532 1556 550 1583 fi
566 1556 600 1583 M
615 1557 643 1584 d.

471 1605 508 1634 29
530 1595 587 1623 alia
610 1605 691 1634 aeque
714 1595 794 1624 firma
819 1608 835 1623 κ
863 1595 920 1623 alia
944 1604 1002 1633 quae
1025 1603 1098 1632 aeque

561 1636 648 1672 firma
658 1636 692 1672 est

474 1685 511 1713 30
532 1675 575 1709 id,
599 1676 676 1713 quod
694 1676 729 1704 M
743 1675 812 1714 quod
829 1676 848 1703 3
873 1676 902 1702 id
923 1675 1097 1714 quodstgnum

574 1717 617 1753 effi
630 1717 786 1753 advetsarii
800 1716 924 1743 dixerunt

473 1766 510 1794 34
530 1756 693 1794 complexio
709 1756 730 1783 B
745 1755 921 1793 comprehensio

470 1811 512 1819 ——
531 1806 596 1830 una,
619 1803 668 1824 aut
681 1798 700 1824 3
718 1807 770 1824 una
782 1805 816 1824 ex

494 1846 509 1865 2
533 1846 584 1874 pro
599 1837 633 1864 M
648 1838 667 1864 5
683 1838 710 1864 d.

471 1892 512 1898 —
533 1875 791 1914 argumentandum
807 1873 834 1910 ψ
855 1877 1098 1913 argumentationem

492 1927 512 1954 4
532 1917 664 1947 credibili
678 1917 716 1944 W
730 1917 758 1943 9·
769 1914 917 1944 incredibili

472 1973 512 1979 -—
534 1958 551 1985 si
568 1958 588 1986 Β
595 1958 625 1994 fi
633 1959 701 1995 quod

495 1999 511 2026 8
533 1998 610 2036 quis,
632 2006 717 2035 quem
734 1997 754 2025 B
769 1996 804 2024 M
824 2008 840 2024 κ
854 1995 964 2034 aliquem
986 1994 1010 2023 L
1024 1994 1064 2023 W
1077 1995 1098 2023 3

574 2038 669 2076 aliquis
684 2049 754 2075 quem

495 2089 512 2116 9
534 2078 612 2105 dicat
625 2092 640 2105 γ.
656 2086 684 2105 ut
698 2079 770 2106 dicat

478 2127 508 2146 ιι
535 2117 648 2145 evenire
663 2118 684 2145 Β
699 2119 723 2146 L
741 2118 775 2145 M
791 2117 829 2145 W
845 2119 938 2145 venire

480 2168 511 2196 ¹5
536 2157 641 2185 Curius
657 2170 683 2190 κ,
697 2156 723 2191 ψ
739 2157 818 2186 Curio

480 2207 513 2236 19
535 2198 596 2234 ejus
611 2210 627 2224 ν.
639 2197 744 2235 ejzgsdem

476 2247 507 2266 21
535 2244 584 2264 aut
600 2245 656 2264 non
678 2237 783 2264 fae'tum
797 2236 832 2264 M
847 2237 982 2273 etfaHum
996 2247 1044 2265 non
1058 2237 1101 2274 effi

473 2292 515 2300 -
535 2276 694 2314 oportuerit
709 2277 742 2304 M
757 2283 901 2314 oportuerm

473 2332 515 2342 .-
534 2317 570 2345 de
585 2326 641 2354 qua
654 2318 686 2350 9,
702 2330 718 2344 κ
736 2317 765 2345 de
778 2328 824 2354 quo

477 2367 515 2393 24
535 2357 592 2394 ipsa
608 2357 631 2384 L
645 2358 673 2386 d.

476 2400 513 2428 28
536 2397 687 2427 inducetur
699 2399 718 2426 9
733 2397 866 2426 inducitur

1142 283 1172 311 p.

1142 313 1179 342 62

1142 592 1178 631 63

1153 2115 1194 2153 64

1234 272 1255 302 l.

1224 323 1260 350 29
1283 311 1405 340 maxime
1417 313 1439 340 3
1453 313 1479 339 d.

1225 363 1261 390 30
1282 352 1444 380 conferetur
1459 352 1482 379 L
1497 351 1532 379 M
1546 364 1562 378 κ
1576 351 1706 389 constrlur

1225 402 1260 430 33
1284 393 1416 421 afferetur
1432 391 1455 419 L
1471 392 1505 419 M
1518 392 1628 429 afflrtur

1225 442 1262 470 34
1283 442 1372 470 genus
1389 433 1409 460 B
1426 433 1450 460 L
1465 433 1493 459 d.

1224 483 1258 511 35
1283 472 1356 509 quid
1370 473 1405 500 M
1420 473 1483 510 quid
1496 470 1634 509 (qualiss.
1650 469 1685 503 l.)

1221 528 1262 534 —
1281 511 1517 540 demonstrabitur
1532 512 1554 538 B
1575 511 1599 538 L
1616 511 1651 538 M
1665 511 1704 538 W
1718 511 1750 544 9,
1772 523 1799 544 κ,
1822 508 1849 545 ψ

1323 551 1550 589 demonstrabimus

1244 601 1262 628 4
1285 591 1314 619 Si
1332 593 1353 619 B
1370 592 1393 619 L
1409 591 1442 618 M
1458 591 1496 617 W
1511 591 1531 617 Β
1548 590 1595 617 Sin

1243 642 1259 670 7
1282 629 1532 659 commemorando
1556 631 1589 663 θ,
1615 642 1633 657 ιι
1660 637 1685 658 et
1711 639 1849 658 commemo-

1323 672 1406 699 raudo

1245 712 1261 738 8
1284 711 1417 739 omnibus
1433 709 1460 746 ψ
1474 707 1618 738 hominibus

1246 760 1265 790 9
1286 751 1363 789 quod
1378 751 1400 779 Β
1417 752 1440 779 L
1456 751 1490 778 M
1507 751 1545 777 W
1559 751 1579 777 θ
1593 752 1634 785 (et
1647 749 1722 777 inm.
1736 748 1762 783 ιι)
1786 748 1853 787 quod

1325 791 1542 829 adjudicandum

1224 846 1265 854 —
1284 840 1319 860 ex
1335 831 1356 860 B
1372 832 1406 859 M
1418 833 1446 860 d.

1229 881 1265 900 ιο
1287 872 1305 899 fi
1322 873 1356 900 M
1372 883 1427 900 cum

1229 921 1239 940 ι
1252 920 1260 938 1
1287 921 1322 940 ne
1338 913 1361 940 L
1376 923 1434 940 num
1449 911 1484 939 M
1498 922 1534 939 an

1231 961 1240 979 1
1250 960 1264 988 3
1288 961 1323 980 ne
1339 953 1360 980 B
1376 952 1399 979 L
1415 963 1474 980 num

1225 1003 1266 1013 —·-
1287 991 1338 1029 qui
1353 993 1387 1020 M
1402 994 1446 1028 qui
1461 991 1528 1027 (vel
1538 991 1639 1029 quods.
1655 989 1690 1025 l.)

1231 1041 1263 1068 17
1284 1032 1407 1068 judicati
1423 1032 1457 1059 M
1473 1033 1501 1059 cl.

1228 1084 1268 1092 ·—
1288 1071 1406 1109 quidem
1435 1078 1604 1111 argumenta
1634 1069 1655 1098 B
1689 1069 1724 1098 M
1754 1071 1855 1109 quidem

1232 1154 1266 1180 18
1289 1159 1458 1190 argumenta
1470 1153 1489 1179 9
1505 1153 1532 1180 d.

1229 1207 1270 1214 —
1290 1191 1438 1221 sumuntur
1454 1193 1492 1219 W
1506 1191 1670 1228 &ficmentur

1232 1242 1269 1261 20
1290 1232 1463 1262 inducentur
1477 1233 1498 1261 Β
1512 1233 1536 1261 L
1551 1232 1590 1259 W
1603 1233 1635 1265 ἓ,
1659 1244 1676 1259 κ
1693 1231 1808 1260 dicentur
1820 1231 1856 1260 M

1331 1275 1454 1301 ducentur

1233 1322 1269 1342 22
1290 1313 1452 1351 complexio
1467 1313 1488 1341 B
1505 1313 1528 1341 L
1544 1311 1571 1347 ’ψ
1586 1311 1763 1350 comprehenſso

1229 1367 1272 1376 ·—
1293 1361 1385 1381 utrum
1401 1354 1440 1381 W
1453 1354 1474 1381 9
1489 1362 1621 1390 utrumque

1233 1403 1269 1430 23
1291 1393 1454 1421 concesseris
1471 1393 1492 1421 B
1509 1393 1532 1421 L
1548 1393 1582 1421 M
1595 1392 1633 1419 W
1645 1393 1666 1419 S
1681 1393 1816 1430 concff’rit

1233 1443 1272 1470 ²4
1293 1434 1472 1462 conversione
1494 1435 1514 1461 S
1541 1433 1697 1470 con-vetsione
1723 1434 1858 1471 utriusque

1350 1480 1431 1506 artis,

1231 1528 1272 1535 —·
1293 1482 1408 1542 algerius
1423 1514 1457 1541 M
1472 1514 1581 1552 aliczy'us
1596 1512 1754 1549 (alteriusſs
1769 1512 1804 1548 l.)

1235 1553 1272 1581 26
1293 1554 1361 1590 quid
1379 1554 1404 1588 ψ
1420 1557 1464 1592 qui

1235 1602 1270 1629 27
1295 1593 1646 1627 SinBLMWQzSi

1231 1648 1272 1658 -κ
1294 1633 1381 1660 animi
1396 1633 1543 1671 ingenium
1559 1648 1574 1660 κ
1589 1634 1616 1660 d.
1633 1636 1681 1668 (in
1695 1632 1846 1670 Mflscrib.)

1235 1674 1271 1701 28
1293 1673 1408 1702 aestimet
1425 1675 1462 1701 W
1475 1676 1506 1706 Β,
1523 1687 1539 1701 >a
1552 1675 1678 1711 existimet

1236 1723 1274 1750 29
1296 1712 1566 1751 fiWS‚n‚-»21stve

1233 1768 1274 1774 --
1295 1753 1350 1781 ssve
1365 1763 1420 1781 non
1437 1753 1526 1782 vereri
1540 1754 1629 1791 &five
1645 1764 1692 1781 non
1706 1754 1805 1781 dixeris
1840 1781 1844 1784 ,

1233 1808 1274 1815 -—
1295 1794 1526 1822 concludendum
1550 1794 1571 1822 B
1587 1794 1612 1822 L
1629 1795 1661 1822 M
1678 1793 1716 1821 W
1731 1795 1762 1828 9,
1784 1807 1811 1827 κ,
1832 1791 1860 1829 ψ

1333 1835 1509 1863 concedendum

1236 1883 1273 1911 30
1296 1874 1380 1910 Qod
1398 1875 1418 1903 B
1434 1876 1502 1913 quod
1513 1885 1568 1902 cum

1233 1928 1274 1936 —
1294 1914 1518 1952 reprehendetur
1547 1916 1567 1942 9·
1597 1913 1790 1952 reprehenditur
1818 1912 1862 1951 (et

1334 1957 1410 1993 infra
1426 1955 1477 1992 34)

1235 2003 1271 2032 32
1295 1994 1442 2023 aestimabit
1456 2008 1472 2022 κ
1487 1993 1644 2032 existimabit

1234 2049 1274 2056 —
1296 2035 1640 2072 SinBLMW9,xfi

1237 2084 1251 2112 3
1258 2085 1272 2113 3
1297 2083 1391 2104 tamen
1405 2089 1421 2103 κ
1435 2077 1463 2105 d.

1257 2125 1273 2143 2
1295 2122 1512 2143 annumeratum
1530 2127 1545 2141 κ
1560 2121 1731 2142 enumeratum

1233 2169 1275 2178 ·-
1295 2163 1344 2184 aut
1357 2155 1500 2183 infirmum
1510 2169 1550 2176 —-
1561 2154 1692 2193 poffimus
1707 2151 1863 2182 concedere

1258 2245 1272 2274 3
1296 2234 1373 2273 quod
1389 2241 1438 2263 aut
1454 2234 1488 2262 M
1505 2236 1574 2273 quod

1255 2285 1276 2312 4
1296 2274 1557 2304 enumerationibus
1571 2276 1591 2303 9
1610 2272 1864 2305 annumerationibus

1256 2316 1274 2343 6
1297 2315 1351 2343 tibi
1365 2329 1381 2343 κ
1395 2317 1423 2344 d.
1458 2332 1461 2333 ν

1257 2366 1273 2392 7
1296 2355 1351 2383 Sed
1368 2355 1389 2383 B
1398 2356 1430 2393 si

1257 2397 1274 2424 8
1296 2395 1453 2426 hereditate
1467 2395 1489 2426 B
1504 2405 1538 2426 ex
1550 2395 1692 2427 hereditate
