2176 2912
782 187 820 224 O
878 187 916 223 R
973 186 1009 222 A
1067 185 1104 222 T
1163 184 1200 221 O
1260 185 1310 221 R.
1671 196 1746 236 451

405 279 618 319 XXXVII.
651 278 744 316 Duo
764 278 864 322 sunt,
896 291 980 329 quae
1002 277 1097 315 bene
1119 278 1272 314 traetata
1290 275 1337 313 ab
1358 284 1515 320 oratore,
1538 275 1746 314 admirabi-

346 347 425 383 lem
445 344 707 396 eloquentiam
728 343 870 381 faciant
888 358 896 381 :
921 356 1087 394 quorum
1109 343 1271 379 alterum
1292 341 1358 385 est,
1377 342 1481 394 quod
1503 343 1629 379 Graeci
1649 343 1748 387 :59m‘w

345 420 496 455 vocant,
528 411 573 448 ad
604 419 769 454 naturas,
801 419 838 447 et
858 409 903 446 ad
924 423 1063 453 mores,
1091 418 1129 446 et
1149 408 1195 446 ad
1215 422 1374 446 omnem
1394 409 1481 446 vitae
1500 407 1746 445 consuetudi-

344 490 436 514 nem
464 476 802 514 accommodatum
821 495 831 520 ;
864 475 1041 520 alterum,
1074 475 1179 527 quod
1199 474 1318 512 iidem
1343 475 1510 519 παθητικὲν
1530 474 1744 516 nominant,

343 556 422 595 quo
439 543 712 596 perturbantur
731 543 851 580 animi
872 551 909 579 et
928 543 1186 586 concitantur,
1206 542 1245 578 in
1263 554 1341 593 quo
1363 553 1440 577 uno
1460 548 1589 592 regnat
1612 540 1744 577 oratio.

344 608 449 646 Illud
480 608 664 661 superius,
697 622 820 653 come,
846 607 1082 659 jucundum,
1115 607 1161 645 ad
1195 606 1501 644 benevolentiam
1533 604 1747 642 concilian-

343 675 433 712 dam
453 684 627 727 paratum
649 692 659 719 3
692 673 780 719 hoc,
811 672 1032 718 vehemens,
1055 673 1268 717 incensum,
1290 672 1510 716 incitatum,
1533 684 1612 723 quo
1631 670 1748 708 causa:

343 740 559 792 eripiuntur
575 759 587 785 ς
611 741 729 792 quod,
752 753 844 778 cum
865 739 992 792 rapide
1012 739 1144 784 fertur,
1160 739 1330 777 sustineri
1350 737 1459 776 nullo
1479 738 1589 790 pacto
1609 736 1745 789 potest.

343 807 435 858 Qo
455 819 589 859 genere
609 819 678 845 nos
700 806 926 851 mediocres,
957 816 1021 845 aut
1051 806 1178 844 multo
1198 806 1314 843 etiam
1336 804 1491 849 minus;
1523 803 1584 841 sed
1604 817 1747 856 magno

341 871 491 924 semper
510 872 563 910 ufi
599 872 749 924 impetu
782 872 876 924 saepe
910 871 1135 909 adversarios
1168 872 1213 908 de
1244 871 1341 909 statu
1374 870 1483 907 omni
1518 869 1743 920 dejecimus.

341 938 469 976 Nobis
490 952 559 991 pro
575 937 757 976 familiari
777 951 840 976 reo
855 938 1027 976 summus
1047 947 1172 976 orator
1192 951 1269 976 non
1290 936 1482 989 respondit
1499 937 1742 975 Hortenfius.

340 1005 378 1042 A
399 1004 510 1042 nobis
541 1003 663 1042 homo
683 1004 948 1042 audaciffimus
972 1004 1140 1042 Catilina
1155 1004 1205 1042 vin
1236 1003 1365 1041 senatu
1386 1001 1578 1040 accusatus
1599 1002 1743 1040 obmu-

338 1070 429 1108 tuit.
473 1070 601 1108 Nobis
622 1070 766 1121 privata
786 1070 826 1107 in
847 1070 955 1107 causa
975 1084 1112 1122 magna
1130 1079 1167 1107 et
1187 1069 1305 1122 gravi,
1327 1082 1419 1106 cum
1437 1067 1606 1120 coepiffet
1623 1068 1744 1106 Curio

338 1144 444 1187 pater
464 1135 699 1188 respondere,
714 1135 840 1174 subito
859 1135 1001 1181 affedit,
1019 1149 1112 1174 cum
1132 1135 1202 1174 fibi
1222 1135 1377 1173 venenis
1398 1143 1568 1187 ereptam
1588 1147 1742 1174 memo-

341 1202 437 1240 riam
459 1202 612 1241 diceret.

395 1269 503 1321 Qid
524 1283 594 1322 ego
615 1269 661 1307 de
684 1269 991 1308 miserationibus
1011 1270 1174 1322 loquar?
1206 1269 1347 1322 quibus
1368 1272 1413 1307 eo
1434 1269 1518 1307 sum
1539 1267 1626 1306 usus
1649 1267 1740 1320 plu-

337 1334 458 1379 ribus,
480 1336 585 1387 quod
605 1335 722 1373 etiam
741 1335 767 1373 si
783 1335 909 1388 plures
931 1336 1167 1380 dicebamus,
1189 1335 1469 1388 perorationem
1489 1332 1590 1371 mihi
1611 1342 1741 1371 tamen

336 1413 470 1440 omnes
492 1400 772 1453 relinquebant.
833 1403 877 1439 In
900 1416 977 1454 quo
1010 1411 1052 1440 ut
1072 1402 1216 1439 viderer
1235 1400 1432 1445 excellere,
1464 1413 1541 1438 non
1568 1399 1738 1452 ingenio,

336 1466 399 1504 sed
420 1467 564 1512 dolore,
586 1467 813 1520 affequebar.
847 1470 945 1519 Qae
961 1468 1242 1520 qualiacunque
1262 1468 1301 1505 in
1323 1481 1386 1504 me
1406 1467 1506 1511 sunt,
1531 1466 1613 1517 (me
1633 1466 1739 1504 enirn

335 1532 462 1585 ipsum
483 1547 560 1571 non
580 1533 757 1585 poenitet,
775 1543 917 1586 quanta
936 1534 1026 1585 fint)
1048 1534 1108 1572 sed
1128 1542 1307 1586 apparent
1328 1534 1369 1570 in
1389 1531 1650 1576 orationibus5
1673 1532 1737 1569 etsi

334 1608 464 1637 carent
495 1599 585 1637 libri
605 1599 740 1652 spiritu
774 1599 857 1644 illo,
888 1610 1043 1653 propter
1072 1614 1191 1652 quem
1222 1600 1366 1651 majora
1384 1598 1516 1637 eadem
1536 1597 1615 1642 illa,
1646 1611 1738 1636 curn

334 1674 515 1717 aguntur,
537 1679 656 1718 quarn
673 1680 767 1704 cum
784 1667 978 1719 leguntur,
1009 1667 1130 1704 videri
1150 1666 1281 1705 solent.

389 1732 624 1770 XXXVIII.
656 1733 743 1770 Nec
778 1746 866 1771 vero
886 1733 1126 1770 miseratione
1146 1733 1270 1771 solum
1299 1746 1408 1771 mens
1435 1732 1616 1784 judicum
1647 1744 1734 1784 per-

334 1797 522 1835 movenda
537 1797 590 1834 est
611 1798 705 1849 (qua
723 1811 790 1836 nos
812 1799 864 1836 ita
884 1799 1055 1836 dolenter
1075 1799 1131 1836 uti
1151 1799 1330 1844 solemus,
1353 1808 1396 1836 ut
1416 1812 1580 1851 puerum
1604 1796 1733 1835 infan-

333 1872 413 1901 tem
433 1863 474 1901 in
496 1863 674 1901 manibus
695 1873 909 1916 perorantes
925 1865 1159 1902 tenuerimus
1177 1883 1187 1910 3
1210 1874 1253 1902 ut
1274 1866 1346 1903 alia
1366 1865 1405 1902 in
1426 1864 1545 1908 causa,
1569 1864 1734 1902 excitato

332 1941 396 1966 reo
416 1929 551 1973 nobili,
588 1928 737 1967 sublato
763 1930 879 1967 etiam
911 1929 993 1967 filio
1024 1944 1151 1982 parvo,
1183 1930 1364 1982 plangore
1393 1939 1430 1967 et
1461 1929 1734 1966 lamentatione

330 1995 614 2049 compleremus
636 1995 784 2048 forum)
804 1997 864 2035 sed
879 1998 994 2035 etiarn
1014 1997 1065 2035 est
1084 1997 1319 2041 faciendum,
1343 2006 1385 2034 ut
1406 1995 1731 2047 irascaturjudex,

331 2062 543 2114 mitigetur,
566 2061 745 2106 invideat,
776 2061 913 2107 faveat,
944 2072 1179 2107 contemnat,
1210 2063 1431 2106 admiretur,
1467 2061 1603 2106 oderit,
1639 2061 1731 2099 dili-

329 2137 407 2180 gat,
438 2128 582 2181 cupiat,
615 2128 780 2166 satietate
800 2129 998 2174 afficiatur,
1031 2129 1164 2182 speret,
1196 2137 1357 2173 metuat,
1385 2129 1546 2172 laetetur,
1578 2127 1727 2166 doleat:

329 2207 405 2246 qua
434 2194 475 2231 in
509 2194 697 2238 varietate,
740 2195 953 2241 duriorum,
996 2195 1200 2234 Accusatio
1234 2194 1490 2247 suppeditabit
1523 2193 1699 2246 exempla
1713 2211 1726 2238 3

328 2260 546 2304 mitiorum,
568 2258 800 2298 defenfiones
821 2275 928 2300 meae.
961 2262 1088 2300 Nullo
1107 2262 1214 2300 enim
1235 2261 1353 2299 modo
1373 2261 1524 2298 animus
1541 2260 1726 2297 audientis

328 2335 393 2363 aut
412 2326 577 2370 incitari,
608 2335 673 2364 aut
697 2326 807 2364 leniri
827 2328 961 2379 potest,
992 2329 1060 2381 qui
1081 2329 1218 2366 modus
1240 2342 1260 2366 a
1282 2342 1343 2366 me
1364 2342 1441 2366 non
1471 2335 1636 2365 tentatus
1665 2325 1723 2363 fit.

328 2391 511 2429 Dicerem
545 2390 770 2444 perfeetum,
807 2393 833 2430 fi
868 2393 920 2430 ita
947 2394 1176 2446 judicarem,
1209 2407 1278 2431 nec
1314 2394 1354 2431 in
1389 2393 1544 2430 veritate
1577 2391 1724 2427 crimen

328 2457 549 2510 arrogantiae
567 2457 868 2496 extirnescerem.
928 2460 998 2497 Sed
1021 2461 1082 2510 (ut
1102 2459 1210 2512 supra
1229 2459 1327 2511 dixi)
1351 2458 1456 2496 nulla
1476 2470 1537 2494 me
1564 2455 1723 2507 ingenii,

328 2523 390 2562 sed
412 2538 549 2578 magna
568 2525 623 2564 vis
653 2525 773 2564 animi
793 2525 1020 2572 inflammat,
1053 2534 1095 2565 ut
1126 2540 1190 2565 me
1209 2525 1287 2579 ipse
1318 2538 1394 2562 non
1416 2533 1578 2562 teneam.
1638 2521 1725 2560 Nec

1267 2592 1301 2630 L
1322 2591 1335 2628 l
1355 2591 1369 2628 l
1400 2603 1422 2630 2
