2176 2912
458 205 539 255 403
806 203 937 242 DE
1053 202 1527 242 CLARIS

459 298 600 344 fuiffet,
632 310 855 350 exponeres,
877 297 979 343 vide,
1016 296 1156 350 quaeso,
1188 296 1330 349 inquit,
1364 310 1411 335 ne
1443 306 1526 335 tam
1561 295 1868 350 reprehendenda

455 367 505 404 sit
524 365 659 409 ironia,
690 378 806 417 quam
829 364 869 402 in
889 364 1123 402 testimonio.

518 431 706 484 Qorsus,
728 432 904 484 inquam,
926 431 1022 469 istuc
1042 432 1054 468 ,Ρ
1086 444 1165 469 non
1185 430 1291 468 enim
1307 430 1500 484 intelligo.
1545 430 1649 483 Qia
1678 431 1867 484 primum,

458 499 606 552 inquit,
637 498 690 536 ita
723 497 920 536 laudavisti
954 497 1141 549 quosdam
1173 506 1351 541 oratores,
1383 507 1426 535 ut
1458 498 1657 550 imperitos
1679 497 1798 550 poffes
1828 499 1867 536 in

462 578 631 603 errorem
665 564 859 602 inducere.
892 563 1091 614 Equidem
1112 563 1152 600 in
1185 562 1417 613 quibusdam
1450 562 1569 600 risum
1589 563 1654 601 vix
1674 564 1869 608 tenebam,

461 645 556 670 cum
576 631 712 669 Attico
733 630 851 681 Lysiae
873 630 1063 668 Catonem
1082 627 1256 665 nostrum
1283 629 1544 680 comparabas,
1576 642 1763 681 magnum
1784 643 1869 667 me-

463 696 622 737 hercule
655 696 874 740 homfflem,
904 694 963 733 vel
983 694 1112 747 potius
1145 693 1360 738 summum,
1391 702 1428 731 et
1456 694 1684 747 singularem
1714 695 1868 733 virum:

462 777 581 802 nemo
601 763 702 800 dicet
722 761 825 799 secus
842 779 854 805 3
887 759 948 797 sed
967 768 1158 798 oratorem
1177 759 1190 795 ?
1222 758 1284 796 sed
1311 760 1427 797 etiam
1449 759 1569 811 Lyfiae
1590 760 1770 804 similem,
1792 774 1872 812 quo

464 828 565 867 nihil
586 828 708 882 potest
728 826 797 865 effe
818 826 986 879 pistius?
1018 825 1120 863 bella
1139 825 1274 870 ironia,
1297 825 1322 863 fi
1337 826 1585 877 jocaremur3
1618 826 1671 864 sm
1692 826 1871 864 assevera-

464 908 568 940 mus,
589 895 690 939 vide‚
713 907 760 932 ne
779 893 914 946 religio
933 892 1044 931 nobis
1080 901 1160 930 tam
1180 890 1396 930 adhibenda
1414 892 1474 937 fit,
1505 906 1623 945 quam
1649 893 1676 931 sl
1698 893 1871 932 testimo-

465 963 579 1000 nium
599 962 827 999 diceremus.

521 1029 609 1080 Ego
639 1027 745 1064 enim
767 1028 958 1065 Catonem
992 1034 1118 1069 tuum,
1151 1035 1194 1062 ut
1224 1025 1364 1069 civem,
1400 1033 1444 1062 ut
1474 1024 1700 1069 senatorem,
1730 1034 1772 1062 ut
1793 1025 1871 1063 im-

466 1103 695 1148 peratorem,
727 1100 769 1131 ut
790 1092 917 1130 virum
938 1091 1103 1143 denique
1129 1089 1221 1128 cum
1242 1090 1456 1143 prudentia,
1487 1100 1525 1129 et
1553 1090 1764 1143 diligentia,
1787 1100 1873 1129 tum

468 1162 579 1200 omni
599 1161 741 1199 virtute
766 1159 1035 1203 excellentem,
1062 1158 1213 1211 probo:
1246 1157 1433 1195 orationes
1465 1166 1594 1195 autem
1622 1158 1717 1210 ejus,
1749 1167 1793 1195 ut
1823 1158 1874 1196 il-

467 1229 515 1268 lis
537 1228 791 1281 temporibus,
822 1226 930 1265 valde
950 1225 1064 1264 laudo
1078 1244 1091 1271 3
1122 1224 1338 1278 significant
1366 1226 1471 1263 enim
1492 1225 1686 1277 quandam
1706 1225 1875 1264 formam

467 1294 629 1348 ingenii,
661 1293 722 1332 sed
752 1293 964 1331 admodum
995 1292 1231 1345 impolitam,
1263 1301 1301 1330 et
1334 1292 1445 1345 plane
1478 1291 1628 1330 rudem.
1690 1292 1874 1344 Origines

467 1375 557 1400 vero
591 1360 683 1399 cum
705 1360 888 1398 omnibus
922 1358 1080 1397 oratoris
1102 1358 1279 1396 laudibus
1313 1357 1468 1396 refertas
1495 1358 1653 1403 diceres,
1684 1366 1723 1396 et
1754 1356 1875 1397 Cato-

469 1442 561 1466 nem
596 1441 688 1466 cum
732 1425 893 1465 Philisto
937 1437 976 1464 et
1009 1424 1244 1477 Thucydide
1274 1438 1526 1479 comparares,
1563 1426 1735 1463 Brutone
1769 1434 1807 1463 te
1834 1426 1876 1464 id

469 1495 660 1539 censebas,
691 1507 739 1531 an
770 1492 870 1531 mihi
902 1492 1186 1545 probaturum?
1279 1506 1344 1530 uos
1365 1492 1470 1530 enim
1490 1505 1538 1530 ne
1569 1505 1589 1530 e
1609 1492 1754 1530 Graecis
1785 1493 1876 1544 qui-

470 1562 560 1600 dem
594 1560 800 1613 quisquam
834 1559 978 1597 imitari
1008 1558 1143 1611 potest,
1174 1557 1220 1595 iis
1251 1567 1293 1595 tu
1320 1571 1515 1610 comparas
1535 1557 1739 1596 hominem
1769 1558 1874 1596 Tus·-

470 1627 671 1671 culzmum,
715 1624 893 1664 nondum
927 1623 1182 1678 suspicantem
1213 1624 1326 1676 quale
1364 1622 1452 1662 effet
1489 1623 1640 1676 copiose
1677 1632 1715 1662 et
1744 1633 1876 1663 ornate

466 1695 610 1733 dicere.

525 1760 756 1799 LXXXVI.
790 1759 959 1798 Galbam
978 1759 1106 1798 laudas
1126 1774 1134 1797 :
1167 1759 1193 1797 fi
1229 1767 1271 1797 ut
1291 1759 1394 1797 illius
1414 1759 1533 1797 aetatis
1554 1758 1786 1812 principem,
1816 1758 1875 1797 as-

467 1827 612 1867 sentior
626 1845 638 1873 3
671 1827 720 1864 fic
740 1826 847 1864 enim
867 1827 1099 1879 accepimus,
1133 1827 1198 1864 Sin
1219 1835 1262 1864 ut
1282 1834 1483 1871 oratorem,
1504 1826 1611 1871 cedo,
1627 1825 1767 1878 quaeso,
1789 1839 1875 1864 ora-

469 1894 608 1940 tiones,
642 1893 747 1945 (sunt
767 1893 889 1945 enim)
921 1902 959 1931 et
978 1894 1054 1938 dic,
1077 1892 1196 1938 hunc,
1219 1906 1338 1945 quem
1360 1901 1402 1930 tu
1424 1893 1523 1945 plus,
1545 1905 1664 1944 quam
1685 1900 1734 1937 te,
1757 1905 1874 1937 amas,

470 1961 651 2005 Brutum,
684 1959 781 1998 velle
813 1968 850 1998 te
879 1959 949 1997 illo
980 1960 1098 1998 modo
1129 1960 1268 1998 dicere.
1320 1959 1461 1997 Probas
1482 1958 1623 2011 Lepidi
1657 1958 1873 2003 orationes;

470 2028 633 2080 paulum
653 2026 718 2065 hic
750 2027 823 2065 tibi
843 2025 1030 2072 assentior,
1062 2027 1180 2065 modo
1214 2027 1267 2065 ita
1286 2025 1430 2070 laudes,
1466 2034 1509 2063 ut
1541 2025 1739 2076 antiquas:
1771 2024 1877 2077 quod

469 2093 566 2131 item
590 2094 635 2131 de
655 2093 855 2138 Africano,
886 2093 933 2131 de
954 2093 1090 2138 Laelio,
1111 2095 1221 2146 cujus
1248 2102 1291 2130 tu
1321 2092 1491 2130 oratione
1510 2104 1623 2143 negas
1644 2090 1725 2128 ficri
1757 2091 1874 2143 quid-

471 2172 590 2211 quam
611 2159 712 2211 poffe
732 2158 898 2198 dulcius.
944 2159 1067 2196 Addis
1087 2159 1203 2197 etiam
1223 2157 1349 2196 nescio
1368 2157 1463 2209 quid
1483 2156 1690 2209 augustius,
1719 2157 1877 2195 nomine
1932 2201 1935 2203 Α

470 2238 541 2264 nos
576 2226 661 2278 capi
690 2226 820 2264 volens
851 2225 994 2263 summi
1029 2226 1114 2269 viri,
1159 2226 1325 2277 vitaeque
1358 2223 1642 2277 elegantiflimae
1675 2223 1876 2262 veriffimis

469 2292 663 2331 laudibus.
724 2292 898 2331 Remove
919 2291 1000 2330 haec
1017 2310 1028 2337 3
1061 2306 1118 2330 1]ae
1144 2292 1211 2329 ista
1231 2292 1355 2330 dulcis
1375 2291 1496 2330 oratio
1515 2291 1568 2329 ita
1588 2291 1633 2329 fit
1653 2291 1810 2343 abjeffita,
1833 2300 1876 2329 ut

471 2372 555 2397 eam
575 2358 738 2412 aspicere
758 2372 875 2397 nemo
894 2359 1000 2397 velit.
1062 2359 1282 2397 Carbonem
1312 2359 1353 2397 in
1374 2358 1535 2396 summis
1558 2357 1770 2396 oratoribus
1805 2356 1877 2395 ha-

472 2425 601 2463 bitum
623 2424 700 2462 scio
717 2443 728 2470 ς
760 2425 822 2463 sed
842 2439 933 2463 cum
954 2425 993 2463 in
1015 2425 1158 2463 caeteris
1180 2425 1304 2470 rebus,
1337 2433 1423 2463 tum
1443 2424 1484 2462 in
1504 2424 1682 2469 dicendo,
1713 2423 1875 2476 semper,

473 2505 552 2544 quo
572 2490 670 2529 nihil
698 2491 749 2530 est
775 2492 928 2537 melius,
959 2492 1000 2530 id
1028 2491 1186 2537 laudari,
1217 2491 1485 2545 qualecunque
1510 2491 1576 2536 est,
1607 2490 1713 2529 solet.
1773 2489 1877 2527 Dico

474 2559 578 2598 idem
605 2559 650 2598 de
685 2558 898 2606 Gracchis,
930 2559 995 2600 etsi
1030 2559 1077 2598 de
1109 2560 1156 2600 iis
1187 2572 1230 2599 ea
1262 2559 1350 2600 sunt
1383 2573 1404 2598 a
1433 2568 1471 2599 te
1490 2558 1604 2605 dista,
1634 2557 1775 2611 quibus
1805 2568 1876 2609 ego
