2176 2912
698 192 1408 234 ORATORIBUS.
1686 209 1763 250 405

410 288 618 329 LXXXII.
642 288 712 327 Sed
733 288 779 326 ad
796 288 960 327 Calvum
977 287 1026 339 (is
1042 286 1148 324 enim
1166 286 1277 324 nobis
1293 296 1372 324 erat
1390 286 1620 340 propositus)
1640 302 1764 328 rever-

365 364 494 393 tamur
505 374 516 399 5
540 354 609 406 qui
627 362 752 391 orator
768 353 895 391 fuiffet
915 351 1006 391 cum
1023 352 1142 390 literis
1164 352 1361 396 eruditior,
1380 366 1497 404 quam
1520 355 1655 400 Curio,
1678 365 1764 394 tum

365 422 482 458 etiam
503 420 714 457 accuratius
735 419 936 471 quoddam.
952 418 1105 456 dicendi
1121 427 1159 456 et
1174 418 1400 470 exquisitius
1417 418 1594 457 afferebat
1614 434 1732 472 genus
1749 441 1762 467 3

365 487 470 538 quod
491 500 713 538 quanquam
732 486 903 530 scienter,
935 485 1201 538 eleganterque
1217 485 1411 529 trastabat,
1440 486 1609 524 nimium
1637 496 1764 526 tamen

364 553 562 605 inquirens
583 554 623 590 in
639 553 688 598 se,
702 562 817 605 atque
836 553 915 605 ipse
935 552 1007 590 sese
1026 551 1500 604 observans‚metuensque
1517 566 1564 590 ne
1585 553 1765 592 vitiosum

364 619 577 672 colligeret,
618 619 734 657 etiam
768 633 903 657 verum
941 618 1164 670 sanguinem
1206 618 1447 670 deperdebat.
1507 619 1641 670 Itaque
1684 621 1764 671 ejus

365 685 486 722 oratio
521 685 642 722 nimia
676 684 860 736 religione
894 693 1098 728 attenuata,
1129 684 1264 727 dodfis,
1295 692 1333 720 et
1354 692 1497 721 attente
1519 685 1764 722 audientibus

363 758 441 786 erat
462 749 616 787 illustris
632 768 643 794 ς
667 763 687 786 a
703 749 955 787 multitudine
975 758 1118 793 autem,
1141 757 1178 786 et
1198 762 1218 786 a
1237 746 1335 793 foro,
1357 749 1426 786 cui
1442 758 1528 786 nata
1547 749 1766 802 eloquentia

362 814 429 858 est,
451 814 712 852 devorabatur.

417 881 527 919 Turn
559 881 714 925 Brutus,
750 881 931 919 Atticum
966 882 1018 926 se„
1055 882 1197 934 inquit,
1230 882 1370 920 Calvus
1406 882 1528 920 noster
1567 882 1644 920 dici
1678 897 1762 921 ora-

362 954 487 984 torem
521 946 686 984 volebat.
747 947 840 985 Inde
873 957 951 985 erat
984 947 1050 985 ista
1083 948 1247 992 exilitas,
1279 962 1394 1000 quam
1430 948 1495 986 ille
1516 949 1561 986 de
1582 949 1765 987 industria

361 1013 677 1065 consequebatur.
737 1013 916 1058 Dicebat,
947 1015 1122 1066 inquam,
1154 1014 1232 1058 ita;
1266 1013 1326 1050 sed
1352 1023 1390 1051 et
1424 1014 1500 1066 ipse
1534 1015 1693 1059 errabat,
1725 1025 1764 1052 et

361 1078 454 1115 alios
486 1079 602 1115 etiam
634 1091 752 1116 errare
783 1079 956 1131 cogebat.
1018 1079 1124 1117 Nam
1156 1079 1182 1117 fi
1218 1079 1304 1130 quis
1324 1092 1401 1123 θος,
1433 1080 1501 1131 qui
1533 1093 1603 1117 nec
1635 1080 1763 1133 inepte

361 1144 510 1188 dicunt,
542 1158 611 1182 nec
641 1145 781 1189 odiose,
812 1158 882 1182 nec
916 1145 1063 1198 putide,
1096 1146 1227 1183 Attice
1259 1155 1368 1197 putat
1401 1145 1553 1190 dicere3
1585 1147 1616 1183 is
1650 1149 1760 1192 reete,

361 1211 430 1248 nisi
451 1211 645 1255 Atticum,
677 1211 813 1263 probat
844 1212 1065 1249 neminem..
1117 1211 1370 1250 Insulsitatem
1401 1213 1505 1250 enim
1537 1223 1573 1250 et
1594 1213 1761 1251 insolen-

362 1278 471 1322 tiam,
493 1287 676 1330 tanquam
697 1277 881 1316 insaniam
901 1278 1095 1330 quandam
1115 1278 1312 1323 orationis,
1334 1278 1440 1323 odit3
1472 1279 1671 1317 sanitatem
1691 1293 1761 1317 au-

359 1352 441 1381 tem
475 1352 512 1381 et
543 1344 815 1396 integritatem,
846 1343 956 1396 quasi
979 1343 1206 1396 religionem
1238 1352 1278 1380 et
1301 1344 1570 1381 verecundiam
1604 1346 1761 1383 oratoris

359 1409 508 1462 probat.
542 1410 638 1448 Haec
659 1409 839 1447 omnium
859 1409 974 1448 debet
992 1418 1187 1447 oratorum
1207 1409 1339 1447 eadem
1360 1409 1430 1447 effe
1458 1410 1654 1448 sententia.
1695 1410 1762 1448 Sin

359 1484 490 1513 autem
503 1475 765 1527 jejunitatem,
797 1484 834 1513 et
850 1475 1073 1520 siccitatem,
1101 1485 1139 1513 et
1158 1475 1345 1527 inopiam,
1378 1475 1594 1514 dummodo
1623 1475 1668 1514 sit
1686 1490 1759 1528 po-

359 1541 440 1586 lita,
472 1542 566 1579 dum
602 1542 756 1586 urbana,
788 1541 883 1579 dum
917 1541 1084 1594 elegans,
1115 1542 1155 1579 in
1190 1542 1325 1579 Attico
1350 1554 1484 1594 genere
1514 1541 1651 1594 ponit,
1684 1541 1761 1580 hoc

359 1609 459 1645 recte
478 1608 663 1645 duntaxat
681 1622 690 1645 :
722 1607 785 1645 sed
818 1608 909 1659 quia
928 1607 1015 1645 sunt
1035 1608 1076 1645 in
1094 1607 1239 1645 Atticis
1273 1607 1346 1644 alia
1365 1607 1537 1652 meliora,
1568 1607 1694 1645 videat
1713 1621 1762 1645 ne

359 1674 510 1726 ignoret
544 1683 581 1712 et
615 1674 769 1726 gradus,
800 1683 837 1711 et
871 1673 1210 1719 diffimilitudines,
1255 1682 1293 1711 et
1326 1674 1420 1718 vim,
1465 1683 1503 1712 et
1541 1674 1761 1712 varietatem

359 1741 599 1778 Atticorum.
647 1741 814 1785 Atticos,
846 1741 988 1792 inquit,
1019 1740 1106 1778 volo
1126 1740 1283 1778 imitari.
1327 1741 1437 1792 Qos
1457 1741 1469 1778 ?
1492 1753 1564 1778 nec
1582 1740 1686 1778 enim
1707 1739 1760 1777 est

360 1819 484 1843 unum
504 1818 638 1857 genus.
671 1806 777 1844 Nam
797 1805 892 1857 quid
919 1805 971 1842 est
1003 1815 1131 1843 tamen
1151 1805 1344 1851 diffimile,
1375 1820 1492 1858 quam
1524 1805 1758 1844 Demosthe-

358 1885 424 1910 nes
455 1881 494 1909 et
514 1871 640 1922 Lysias
660 1872 672 1907 ?
704 1885 822 1924 quam
857 1871 974 1916 idem,
1007 1882 1044 1909 et
1064 1872 1282 1924 Hyperides
1302 1874 1313 1909 ?
1346 1886 1463 1923 quam
1483 1873 1664 1911 omnium
1684 1871 1759 1909 ho-

359 1952 447 1976 rum
467 1937 666 1975 AEschines
683 1939 695 1975 ?
729 1939 859 1989 Qem
877 1938 994 1990 igitur
1015 1938 1176 1976 imitaris
1193 1938 1205 1974 ?
1238 1939 1275 1975 Si
1295 1938 1463 1990 aliquem
1480 1957 1491 1983 3
1523 1939 1649 1976 caeteri
1668 1952 1759 1990 ergo

359 2004 490 2041 Attice
512 2017 588 2041 non
610 2003 801 2041 dicebant.
862 2004 899 2041 Si
934 2010 1095 2048 omnes,
1129 2003 1196 2055 qui
1223 2012 1343 2055 potes,
1375 2016 1467 2041 cum
1489 2003 1560 2040 sint
1580 2002 1648 2055 ipsi
1680 2002 1757 2040 dis-

359 2069 548 2107 simillimi
568 2069 666 2106 inter
686 2069 749 2107 se?
780 2070 828 2107 In
849 2082 927 2121 quo
942 2070 1058 2107 etiam
1079 2068 1177 2106 illud
1197 2083 1340 2121 quaero,
1364 2068 1567 2107 Phalereus
1588 2068 1653 2106 ille
1673 2069 1757 2106 De-

359 2135 517 2173 metrius
538 2135 718 2173 Atticene
743 2135 909 2173 dixerit?
942 2134 1049 2173 Mihi
1070 2135 1230 2186 quidem
1249 2149 1295 2172 ex
1316 2135 1419 2172 illius
1439 2135 1676 2173 orationibus
1697 2148 1757 2172 re-

359 2200 486 2238 dolere
519 2201 606 2252 ipsae
637 2200 799 2239 Athenae
826 2201 1017 2239 videntur.
1077 2203 1132 2239 At
1162 2201 1214 2238 est
1245 2200 1428 2246 floridior,
1460 2210 1503 2239 ut
1534 2201 1586 2238 ita
1615 2201 1756 2244 dicam,

360 2279 478 2318 quarn
514 2266 746 2318 Hyperides,
779 2280 897 2318 quam
918 2266 1073 2319 Lysias:
1106 2276 1239 2305 natura
1261 2267 1451 2318 quaedam,
1484 2276 1547 2305 aut
1582 2266 1757 2305 voluntas

359 2331 412 2368 ita
432 2331 583 2368 dicendi
606 2330 697 2369 fuit.

406 2397 635 2434 LXXXIII.
658 2398 709 2434 Et
728 2396 887 2448 quidem
907 2398 983 2436 duo
1003 2398 1161 2436 fuerunt
1182 2399 1366 2450 peridem
1387 2408 1537 2451 tempus
1559 2395 1755 2434 dissimiles

361 2463 458 2500 inter
479 2462 540 2507 se,
573 2462 633 2499 sed
654 2463 777 2500 Attici
810 2472 964 2509 tamen5
997 2477 1164 2516 quorum
1187 2463 1379 2502 Charisius
1407 2464 1546 2502 multas
1567 2463 1752 2499 orationes

359 2529 545 2568 scribebat
560 2529 658 2575 aliis,
675 2542 766 2568 cum
784 2542 922 2583 cupere
934 2530 1126 2569 videretur
1137 2530 1281 2569 imitari
1294 2530 1444 2582 Lysiam
1458 2548 1470 2576 5
1494 2527 1754 2567 Demochares
