2176 2912
423 260 499 301 332
778 247 895 286 DE
973 247 1476 287 ORATORE

477 340 608 379 LVII.
640 340 700 378 Ac
720 338 797 378 fine
816 339 936 378 dubio
957 341 997 378 in
1018 340 1127 378 omni
1148 353 1187 378 re
1217 341 1339 379 vincit
1376 339 1637 379 imitationem
1657 338 1792 378 veritas
1808 358 1825 385 ς

422 406 498 452 sed,
520 421 562 445 ea
582 407 608 445 fi
628 406 715 445 satis
735 407 775 444 in
795 406 942 445 actione
962 407 1127 445 efficeret
1152 407 1229 460 ipsa
1250 421 1314 460 per
1334 407 1419 453 sese,
1455 416 1533 445 arte
1553 405 1725 460 profecito
1744 419 1827 446 non

420 486 645 526 egeremus:
677 486 824 518 verum,
844 473 935 526 quia
953 474 1073 511 animi
1089 475 1294 527 permotiO,
1314 488 1399 527 quae
1420 474 1589 512 maxime
1609 482 1675 512 aut
1693 473 1824 512 decla-

421 539 537 578 randa
555 549 621 579 aut
640 539 826 578 imitanda
844 539 896 577 est
915 540 1076 583 afflone,
1103 541 1322 592 perturbata
1340 540 1434 593 saepe
1453 540 1506 577 ita
1524 540 1591 584 est,
1621 549 1664 577 ut
1683 538 1821 578 obscu-

420 614 539 651 retur,
570 619 612 644 ac
632 618 730 659 pene
749 605 946 649 obruatur,
977 604 1212 643 discutienda
1232 605 1319 643 sunt
1339 619 1393 649 ea,
1430 619 1514 656 quae
1534 605 1752 650 obscurant,
1784 613 1824 642 et

420 681 476 717 ea,
491 686 575 725 quae
595 672 682 710 sunt
701 671 912 708 eminentia
930 680 967 707 et
983 679 1176 722 prompta,
1195 671 1392 709 sumenda.
1416 671 1558 709 Omnis
1571 672 1677 709 enim
1692 680 1822 709 motus

421 738 543 776 animi
564 738 675 775 suum
706 736 900 788 quendam
920 748 941 772 a
961 744 1093 773 natura
1112 735 1227 774 habet
1247 737 1415 781 vultum,
1447 746 1484 775 et
1503 736 1655 781 sonum,
1683 746 1722 774 et
1740 736 1823 789 ges-

421 812 508 842 tum
520 822 533 848 5
564 812 770 854 totumque
785 814 922 854 corpus
942 800 1128 846 hominis,
1149 810 1187 840 et
1205 803 1286 855 ejus
1307 803 1436 842 omnis
1456 802 1601 848 vultus,
1614 802 1825 855 omnesque

420 882 546 914 voces,
578 877 622 906 ut
641 868 749 906 nervi
776 867 817 905 in
837 866 993 912 fidibus,
1026 867 1080 905 ita
1098 867 1245 914 sonant,
1276 878 1320 906 ut
1339 882 1359 906 a
1385 877 1497 906 motu
1517 869 1637 907 animi
1666 880 1827 921 quoque

418 934 507 973 sunt
525 933 656 988 pulsae.
688 934 796 972 Nam
813 946 938 978 voces,
960 942 1003 971 ut
1022 932 1189 979 chordae,
1207 933 1294 972 sunt
1314 935 1483 979 intentae,
1505 948 1589 986 quae
1608 934 1655 972 ad
1680 947 1829 986 quem-⁷

418 1014 497 1054 que
512 1003 663 1039 -tadtum
683 999 949 1053 respondeant,
967 1010 1091 1045 acuta,
1117 1002 1240 1054 gravis
1256 1020 1268 1047 3
1289 1002 1378 1046 cita,
1401 1002 1505 1039 tarda
1516 1019 1528 1046 3
1559 1014 1712 1054 magna,
1733 1013 1825 1053 par·

420 1081 465 1106 va
476 1086 489 1113 5
521 1080 613 1120 quas
635 1076 763 1104 tamen
781 1066 883 1104 inter
902 1079 1035 1104 omnes
1056 1067 1107 1104 est
1128 1067 1194 1105 suo
1213 1081 1374 1120 quaeque
1390 1068 1430 1105 in
1445 1080 1580 1120 genere
1600 1067 1825 1105 mediocris.

419 1135 552 1187 Atque
571 1134 690 1172 etiam
709 1133 776 1171 illa
795 1133 883 1171 sunt
903 1133 950 1171 ab
971 1132 1031 1171 his
1053 1133 1200 1186 delapsa
1219 1134 1328 1186 plura
1344 1147 1496 1186 genera,
1516 1133 1614 1178 lene,
1627 1133 1823 1186 asperum;

418 1202 676 1245 contraitum,
709 1199 892 1238 diffusum
909 1218 920 1244 ς
952 1199 1170 1238 continenti
1190 1199 1338 1252 spiritu,
1371 1198 1582 1238 intermisso
1597 1218 1609 1245 ;
1640 1197 1824 1244 stastum,

418 1265 596 1312 sciffum3
628 1266 727 1305 flexo
745 1266 838 1304 sono
855 1275 1111 1311 attenuatum,
1133 1265 1326 1305 inflatum.
1357 1266 1531 1305 Nullum
1550 1266 1604 1304 est
1620 1266 1726 1304 enim
1745 1264 1822 1304 ho-

418 1347 506 1373 rum
527 1333 713 1372 fimilium
732 1345 932 1385 generum,
954 1333 1059 1386 quod
1088 1347 1166 1372 non
1186 1343 1263 1372 arte
1282 1347 1324 1372 ac
1346 1334 1607 1372 moderatione
1627 1334 1824 1371 traetetur.

418 1402 477 1440 Hi
497 1400 583 1439 sunt
603 1401 734 1445 astori,
755 1409 799 1438 ut
819 1400 971 1453 pic'tori,
991 1400 1153 1454 expofiti
1170 1401 1217 1439 ad
1236 1401 1460 1440 variandum
1476 1401 1636 1439 colores.

464 1467 614 1506 LVIII.
646 1466 768 1504 Aliud
787 1467 893 1505 enim
912 1467 1016 1505 vocis
1036 1480 1155 1520 genus
1173 1467 1370 1506 iracundia
1389 1468 1459 1506 fibi
1478 1467 1626 1513 sumat;
1646 1474 1827 1510 acutum,

415 1533 638 1576 incitatum,
660 1532 796 1570 crebro
815 1532 988 1570 incidens
1005 1551 1016 1576 3

554 1597 689 1650 Impius
704 1597 879 1636 hortatur
896 1612 948 1636 me
952 1598 1103 1650 frater,
1125 1607 1167 1637 ut
1186 1612 1274 1636 meos
1288 1600 1390 1637 malis
1407 1600 1459 1637 mi
1470 1614 1510 1637 er

554 1662 767 1702 Manderem
785 1671 888 1701 natos
899 1678 913 1702 s

417 1735 453 1764 et
473 1738 527 1771 ea,
559 1738 643 1777 quae
665 1733 707 1761 tu
727 1723 891 1769 dudum,
922 1724 1085 1769 Antoni,
1107 1724 1314 1777 protulisti,

555 1792 752 1843 Segregare
768 1789 832 1828 abs
851 1799 885 1828 te
903 1792 1008 1843 ausus
1025 1790 1044 1828 ?
1211 1799 1263 1835 et,

554 1856 689 1909 Ecquis
706 1855 770 1894 hoc
789 1856 1051 1895 animadvertit
1068 1855 1087 1893 ἒ
1120 1855 1272 1895 Vincite.
1297 1886 1304 1894 .
1326 1886 1335 1895 .
1356 1886 1365 1895 .

417 1933 454 1963 et
475 1924 614 1961 Atreus
635 1921 713 1960 fere
734 1931 850 1960 totus.

471 1989 592 2027 Aliud
623 1987 828 2033 miseratio,
860 2002 901 2027 ac
922 2002 1064 2027 moeror
1076 2007 1088 2033 3
1121 1988 1304 2034 flexibile,
1336 1988 1511 2041 plenum,
1544 1990 1818 2041 interruptum,

418 2055 535 2094 flebili
556 2068 649 2092 voce
662 2073 674 2099 ς

554 2122 631 2172 Quo
650 2135 744 2159 nunc
763 2135 815 2158 me
834 2129 978 2159 vertam
995 2120 1015 2159 ἓ
1045 2119 1138 2173 quod
1153 2120 1224 2159 iter
1242 2120 1406 2172 incipiam
1427 2120 1598 2173 ingredi?

553 2187 711 2225 Domum
726 2195 962 2237 paternamne
975 2186 995 2224 ?
1024 2200 1116 2223 anne
1134 2185 1184 2223 ad
1195 2186 1414 2237 Peliaefilias
1428 2187 1447 2224 :³
1559 2196 1595 2224 et
1616 2186 1695 2231 illa,

558 2253 592 2290 O
606 2260 730 2303 pater,
762 2265 779 2289 o
793 2252 936 2303 patria,
967 2266 985 2289 o
1005 2252 1152 2290 Priami
1165 2251 1280 2290 domus
1298 2254 1314 2290 !
1435 2261 1472 2289 et
1488 2266 1572 2305 quae
1592 2253 1815 2305 sequuntur,

554 2317 650 2355 Haec
667 2317 781 2355 omnia
801 2315 880 2354 vidi
896 2316 1124 2370 itfiammczri,

555 2383 704 2421 Priamo
724 2382 768 2421 vi
783 2382 899 2420 vitam
919 2383 1067 2422 evitari.

461 2449 596 2489 -Aliucl
617 2458 741 2488 metus
758 2468 770 2494 ς
802 2449 1021 2495 dcmiffum,
1052 2459 1089 2487 ct
1109 2448 1295 2493 haefitans,
1317 2458 1354 2486 et
1374 2450 1566 2502 abjectum
1583 2468 1595 2494 ς

557 2515 688 2554 Multi'
708 2513 814 2553 modis
817 2515 903 2568 ficm
923 2515 1200 2559 circumventus,
1221 2515 1351 2560 morbo,
1370 2516 1482 2560 exilio,
1503 2525 1610 2568 atque
1628 2515 1744 2568 inopia
1760 2530 1774 2554 ε

559 2577 650 2621 Tum
660 2590 785 2634 pavor
789 2581 1008 2635 sapientiam
1027 2581 1114 2621 mihi
1129 2596 1260 2622 onmem
1278 2581 1476 2621 exanimato
1494 2583 1695 2634 expec‘lorat
1709 2597 1722 2620 .-
