2176 2912
393 288 466 317 102
633 275 1555 316 DEINVENTIONE

387 370 571 410 omnibus
592 379 656 407 aut
676 369 817 408 neceffe
836 368 902 413 est,
933 378 997 406 aut
1017 378 1166 421 oportet
1186 368 1267 413 effe,
1290 368 1406 407 fuerit
1425 365 1627 408 vindicata.

442 437 593 474 XXIX.
626 436 810 473 Remotio
830 434 1003 472 criminis
1024 433 1088 478 est,
1120 447 1212 471 cum
1243 436 1322 486 ejus
1354 435 1519 473 intentio
1544 435 1648 480 faeti,
1678 436 1782 487 quod

388 502 436 540 ab
456 501 661 539 adversario
680 500 856 545 infertur,
889 500 928 537 in
948 500 1081 544 alium,
1103 509 1167 537 aut
1185 500 1225 537 in
1246 500 1362 545 aliud,
1395 501 1626 539 dimovetur.
1674 501 1717 540 Id
1738 501 1782 540 fit

388 568 570 621 bipartito
586 585 597 612 ;
630 581 718 604 nam
738 576 822 604 tum
843 565 962 610 causa,
986 575 1071 604 tum
1089 579 1144 603 res
1165 565 1255 618 ipsa,
1287 576 1516 605 removetur.

444 633 574 672 Causae
593 633 816 670 remotionis
837 630 911 669 hoc
932 631 1042 669 nobis
1058 632 1238 684 exemplo
1254 632 1321 675 sit3
1355 631 1501 670 Rhodii
1522 632 1704 684 quosdam
1726 632 1780 670 le-

388 709 527 753 garunt
547 697 731 737 Athenas.
792 697 945 749 Legatis
967 697 1179 747 Qaestores
1200 697 1415 749 sumptum,
1447 711 1565 749 quem
1584 698 1783 750 oportebat

384 766 479 809 dari,
502 778 579 802 non
599 764 796 801 dederunt.
840 761 975 814 Legati
991 760 1151 814 profecti
1172 775 1248 799 non
1269 762 1367 799 sunt.
1412 763 1661 800 Accusantur.
1714 764 1781 801 In-

385 832 509 871 tentio
528 830 594 874 est,
612 828 804 867 Proficisci
820 828 1003 880 oportuit.
1027 827 1210 879 Depulfio
1231 827 1296 872 est,
1320 828 1413 866 Non
1429 829 1613 880 oportuit.
1647 828 1782 880 Qaes-

386 897 443 935 tio
464 896 528 939 est,
561 894 864 947 oportueritne?
901 893 1017 933 Ratio
1045 892 1110 936 est,
1142 895 1326 946 Sumptus
1346 894 1451 930 enim
1472 894 1540 945 qui
1560 893 1606 931 de
1625 893 1785 946 publico

387 963 467 1000 dari
488 961 594 1005 solet,
625 961 655 998 is
674 960 720 997 ab
736 959 930 1011 Qaestore
950 972 1027 996 non
1048 958 1099 996 est
1115 958 1237 996 datus.
1297 959 1512 997 Infirmatio
1538 959 1603 1003 est,
1623 959 1702 996 Vos
1725 968 1781 996 ta-

387 1042 479 1066 men
499 1027 551 1071 id,
574 1025 678 1079 quod
696 1026 853 1078 publice
880 1025 987 1062 vobis
1008 1024 1142 1062 datum
1162 1034 1238 1062 erat
1259 1025 1418 1077 negotii,
1450 1024 1637 1062 conficere
1666 1037 1782 1077 opor-

386 1094 506 1132 tebat.
538 1092 732 1143 Judicatio
752 1091 817 1135 est,
842 1092 945 1128 Cum
965 1091 1026 1134 iis,
1058 1091 1125 1142 qui
1145 1091 1260 1142 legati
1280 1100 1397 1136 erant,
1429 1090 1618 1143 sumptus,
1649 1090 1717 1142 qui
1738 1090 1784 1127 de

385 1159 546 1213 publico
579 1158 801 1200 debebatur,
832 1170 910 1194 non
941 1156 1105 1200 daretur,
1137 1156 1397 1208 oportueritne
1416 1169 1478 1194 eos
1510 1155 1696 1194 conficere
1720 1155 1783 1193 ni-

385 1224 601 1263 hilominus
620 1223 865 1276 legationem.
911 1223 1002 1260 Hoc
1022 1222 1061 1258 in
1081 1234 1218 1274 genere
1238 1222 1426 1274 primum,
1448 1221 1544 1258 ficut
1563 1221 1603 1258 in
1624 1221 1782 1264 caeteris,

386 1291 414 1329 fi
434 1289 530 1343 quid
549 1299 613 1327 aut
631 1302 678 1327 ex
697 1288 954 1340 conjecturali,
986 1296 1050 1325 aut
1079 1301 1125 1325 ex
1155 1287 1227 1324 alia
1247 1286 1518 1325 constitutione
1538 1286 1636 1324 sumi
1656 1285 1782 1339 poffit,

385 1356 507 1394 videri
525 1355 731 1408 oportebit.
783 1354 934 1392 Deinde
952 1354 1131 1405 pleraque
1151 1366 1199 1390 ex
1221 1352 1519 1405 comparatione,
1551 1362 1589 1390 et
1619 1365 1666 1390 ex
1687 1352 1783 1390 rela-

385 1421 490 1461 tione
509 1421 682 1458 criminis
703 1420 743 1458 in
762 1417 862 1457 hanc
881 1433 1036 1472 quoque
1052 1419 1201 1456 causam
1221 1419 1422 1456 convenire
1437 1427 1631 1471 poterunt.

442 1487 651 1526 Accusator
670 1495 798 1524 autem
817 1485 947 1530 illum,
978 1486 1086 1536 cujus
1107 1485 1221 1537 culpa
1244 1485 1283 1522 id
1302 1484 1448 1522 saecum
1464 1497 1547 1522 reus
1567 1484 1681 1528 dicet,
1703 1483 1783 1536 pri-

386 1567 500 1591 mum
520 1551 710 1595 defendet,
741 1551 767 1589 fi
799 1551 954 1603 poterit.
1015 1551 1080 1588 Sin
1102 1550 1228 1588 minus
1249 1550 1413 1602 poterit,
1445 1550 1612 1602 negabit,
1644 1549 1690 1587 ad
1709 1548 1784 1587 hoc

381 1619 576 1671 judicium
605 1618 722 1661 illius,
754 1617 814 1654 sed
834 1616 963 1668 hujus,
986 1629 1102 1668 quem
1123 1616 1199 1668 ipse
1219 1616 1380 1660 accuset,
1406 1616 1560 1668 culpam
1581 1616 1782 1669 pertinere.

388 1685 519 1724 Postea
550 1684 665 1728 dicet,
708 1685 783 1721 Suo
810 1695 1002 1735 quemque
1028 1682 1158 1720 officio
1186 1682 1380 1721 consulere
1407 1692 1601 1734 oportere;
1644 1696 1727 1728 nec,
1758 1682 1784 1720 fi

386 1752 453 1790 ille
472 1750 667 1804 peccasset,
697 1748 802 1788 hunc
822 1748 1024 1801 oportuiffe
1044 1762 1210 1802 peccare.
1262 1748 1412 1787 Deinde
1434 1748 1458 1786 fi
1481 1748 1546 1786 ille
1566 1748 1782 1801 deliquerit,

387 1818 585 1870 separatim
603 1817 732 1861 illum,
764 1816 857 1853 sicut
877 1814 995 1859 hunc,
1026 1815 1188 1852 accusari
1208 1824 1393 1867 oportere,
1424 1824 1461 1852 et
1491 1828 1567 1852 non
1594 1829 1686 1853 cum
1707 1814 1783 1853 hu-

381 1885 447 1935 jus
468 1883 682 1921 defensione
702 1882 884 1934 conjungi
905 1881 1009 1918 illius
1025 1881 1317 1919 accusationem.
1346 1879 1533 1918 Defensor
1552 1890 1679 1919 autem
1693 1895 1784 1919 cum

389 1958 534 1993 caetera,
564 1948 669 2000 siqua
692 1961 739 1985 ex
769 1947 850 1984 aliis
882 1946 1053 1984 incident
1079 1946 1430 1991 constitutionibus,
1462 1947 1707 1998 pertrastarit,
1739 1946 1785 1984 de

387 2014 464 2067 ipsa
477 2015 687 2052 remotione
700 2013 748 2051 s1c
765 2013 1104 2066 argumentabitur.
1128 2011 1321 2057 Primum,
1340 2013 1448 2064 cujus
1462 2013 1641 2050 acciderit
1656 2012 1783 2064 culpa,

385 2080 674 2118 demonstrabit.
734 2078 898 2124 Deinde,
931 2092 1023 2116 cum
1044 2079 1082 2116 id
1101 2078 1222 2116 aliena
1242 2077 1356 2129 culpa
1382 2077 1584 2122 accidiffet,
1616 2077 1785 2116 ostendet

388 2146 423 2184 se
443 2156 506 2184 aut
535 2160 609 2184 non
631 2145 804 2198 potuiffe,
835 2155 898 2183 aut
925 2159 1001 2183 non
1029 2144 1194 2182 debuiffe
1225 2144 1263 2181 id
1294 2142 1430 2187 facere,
1461 2143 1565 2195 quod
1593 2143 1784 2181 accusator

386 2211 488 2250 dicat
519 2212 734 2263 oportuisse.
795 2209 911 2261 Qiod
933 2223 1009 2247 non
1040 2210 1222 2261 potuerit,
1254 2222 1300 2246 ex
1332 2209 1507 2246 utilitatis
1528 2209 1713 2260 partibus,
1744 2209 1785 2246 in

382 2277 527 2329 >quibus
548 2276 599 2313 est
621 2275 898 2314 neceffitudinis
919 2275 973 2312 vis
997 2274 1205 2327 implicata,
1237 2273 1523 2311 demonstrabit.
1570 2273 1688 2324 Qod
1709 2286 1784 2312 non

383 2342 573 2386 debuerit,
604 2355 649 2379 ex
669 2340 861 2378 honestate
881 2340 1187 2379 confiderabitur.
1241 2340 1300 2377 De
1321 2348 1482 2391 utroque
1502 2338 1713 2377 distinctius
1744 2340 1784 2378 in

382 2408 631 2446 deliberativo
650 2420 784 2459 genere
805 2406 963 2443 dicetur.
998 2406 1161 2450 Deinde,
1183 2406 1313 2443 omnia
1332 2405 1428 2442 facta
1447 2405 1517 2444 effe
1536 2405 1582 2443 ab
1604 2419 1678 2450 reo,
1701 2419 1786 2457 quae
1839 2422 1842 2424 ·

388 2474 427 2511 in
450 2474 562 2526 ipsius
584 2472 726 2510 fuerint
746 2472 949 2525 potestate;
973 2472 1077 2524 quod
1090 2472 1233 2516 minus,
1256 2484 1372 2524 quam
1392 2472 1624 2516 convenerit,
1639 2471 1786 2510 faftum

385 2540 444 2585 fit,
476 2540 589 2593 culpa
610 2539 648 2577 id
674 2539 826 2578 alterius
846 2538 1031 2577 accidiffe.
1091 2538 1256 2583 Deinde,
1288 2538 1327 2576 in
1353 2537 1506 2576 alterius
1527 2538 1638 2590 culpa
1664 2551 1782 2592 expo—
