2176 2912
729 175 1394 219 PARTITIONES.
1686 190 1764 230 535

361 275 506 328 copias,
547 281 613 311 aut
646 284 735 325 opes
770 271 928 310 abfuiffe
963 268 1264 308 demonstrabit:
1296 277 1361 306 aut
1393 266 1564 305 alienum
1595 275 1762 321 tempus,

362 350 428 380 aut
462 341 594 378 locum
619 351 697 376 non
731 337 930 381 idoneum,
961 345 1027 373 aut
1058 334 1202 373 multos
1231 334 1407 378 arbitros,
1439 347 1606 385 quorum
1632 334 1764 372 crede—

362 415 418 444 ret
438 404 584 443 nemini
596 421 608 447 ;
640 411 705 440 aut
725 416 802 440 non
823 401 859 439 se
884 410 966 439 tam
996 401 1187 453 ineptum,
1210 408 1253 436 ut
1274 398 1313 437 id
1333 397 1548 451 susciperet,
1570 399 1674 450 quod
1695 413 1763 437 oc-

361 470 508 509 cultare
539 482 617 507 non
650 466 782 520 posset,
814 480 939 519 neque
966 475 1046 504 tam
1077 473 1288 508 amentem,
1324 473 1368 502 ut
1400 478 1545 516 poenas,
1586 478 1628 501 ac
1654 464 1764 516 judi-

361 537 421 575 cia
441 543 718 575 contemneret.
779 533 1062 586 Consequentia
1094 540 1223 569 autem
1253 529 1392 575 diluet,
1426 531 1654 582 exponendo
1688 544 1765 568 non

361 602 434 641 effe
466 602 532 640 illa
567 611 668 639 certa
701 600 843 638 indicia
870 599 975 644 fasti,
1007 612 1093 650 quae
1120 597 1237 635 etiam
1255 596 1365 634 nullo
1394 595 1553 634 admisso
1585 595 1767 647 consequi

360 669 536 721 poffent3
568 667 819 719 confistetque
850 666 889 704 in
921 665 1105 718 lingulis:
1142 673 1179 701 et
1205 677 1261 708 ea,
1292 672 1357 701 aut
1389 676 1538 706 eorum,
1574 675 1658 714 quae
1690 662 1765 715 ipse

362 735 461 774 facta
490 735 561 774 effe
595 735 711 779 dicet,
743 733 896 787 propria
927 732 998 771 effe
1026 730 1203 769 defendet
1233 731 1376 782 potius,
1409 743 1526 782 quam
1561 728 1735 766 criminis
1752 746 1764 772 3

364 812 429 840 aut
463 803 489 840 s1
510 801 579 839 fibi
613 814 705 838 cum
726 800 939 838 accusatore
968 797 1195 836 communia
1224 796 1353 840 effem,
1385 809 1454 848 pro
1489 794 1661 847 periculo
1692 808 1766 846 po-

363 869 454 912 tius,
476 881 595 919 quam
615 875 747 904 contra
767 865 925 903 salutem
946 864 1068 902 valere
1099 863 1235 900 debere
1250 880 1262 906 5
1294 861 1539 912 testiumque,
1571 869 1609 897 et
1644 860 1766 912 quaes-

363 934 517 971 tionum
542 945 662 985 genus
698 931 929 976 universum,
963 939 1001 967 et
1034 929 1139 982 quod
1172 928 1326 980 poterit,
1360 928 1399 964 in
1421 927 1594 978 finguliS,
1625 940 1671 964 ex
1706 940 1766 964 re-

360 999 621 1053 prehenfionis
642 998 751 1043 locis,
785 997 831 1035 de
850 997 991 1049 quibus
1010 1006 1095 1034 ante
1116 995 1264 1032 dietum
1291 993 1356 1038 est,
1390 992 1550 1030 refellet.
1611 993 1766 1030 Harum

363 1066 559 1104 causarum
586 1064 774 1118 principia
804 1062 1003 1115 suspiciosa
1023 1062 1069 1099 ad
1098 1060 1348 1098 acerbitatem
1371 1059 1416 1097 ab
1448 1058 1660 1096 accusatore
1694 1072 1766 1110 po·-

363 1142 505 1170 nentur
524 1151 536 1177 3
567 1131 939 1182 denunciabiturque
963 1128 1183 1166 insidiarum
1205 1139 1415 1164 commune
1436 1125 1668 1178 periculum,
1697 1138 1765 1162 ex-

362 1200 662 1251 citabunturque
682 1198 816 1241 animi,
848 1206 891 1234 ut
919 1195 1129 1233 attendant.
1189 1196 1226 1232 A
1257 1207 1321 1231 reo
1340 1202 1468 1230 autem
1489 1191 1643 1244 querela
1670 1205 1766 1229 con-

361 1265 444 1305 fiati
478 1265 668 1310 criminis,
699 1264 1026 1314 collectarumque
1060 1260 1337 1313 suspicionum,
1378 1268 1416 1296 et
1449 1257 1674 1296 accusatoris
1702 1259 1765 1295 in-

363 1332 478 1377 fidiae,
510 1342 549 1369 et
586 1332 680 1369 item
714 1342 924 1368 commune
959 1327 1178 1381 periculum
1216 1324 1448 1378 proferetur,
1490 1323 1686 1375 animique
1719 1323 1766 1360 ad

364 1398 665 1437 misericordiam
694 1397 924 1440 allicientur,
955 1404 993 1432 et
1022 1394 1175 1432 modice
1195 1391 1461 1430 benevolentia
1480 1390 1661 1444 judicum
1681 1389 1766 1427 col-

363 1465 518 1516 ligetur.
578 1463 758 1502 Narratio
777 1471 907 1500 autem
927 1460 1152 1499 accusatoris
1184 1459 1254 1496 erit
1275 1457 1377 1509 quasi
1404 1456 1652 1494 membratim
1673 1455 1767 1507 gesti

365 1531 511 1583 negotii
531 1528 731 1582 suspiciosa
750 1527 970 1582 explicatio,
998 1526 1125 1578 sparsis
1145 1524 1328 1562 omnibus
1349 1522 1598 1574 argumentis,
1626 1521 1765 1559 obscu-

364 1597 454 1634 ratis
494 1594 790 1633 defensionibus.
851 1591 1065 1636 Defensori,
1105 1599 1169 1628 aut
1209 1589 1420 1642 praeteritis,
1458 1597 1522 1625 aut
1556 1586 1766 1624 obscuratis

364 1662 624 1715 suspicionum
643 1659 893 1713 argumentis,
925 1671 1052 1696 rerum
1078 1656 1244 1709 ipsarum
1265 1664 1422 1692 eventus
1443 1661 1568 1696 erunt,
1590 1652 1767 1704 casusque

364 1728 554 1767 narrandi.
614 1728 660 1764 In
702 1724 974 1763 confirmandis
1017 1732 1145 1760 autem
1181 1721 1314 1760 nostris
1353 1719 1766 1772 argumentationibus,

365 1792 681 1844 infirmandisque
701 1791 914 1835 contrariis,
932 1789 1025 1841 saepe
1044 1797 1156 1826 erunt
1174 1787 1380 1825 accusatori
1394 1795 1524 1824 motus
1545 1784 1765 1822 animorum

365 1860 566 1904 incitandi,
598 1872 662 1896 reo
693 1857 911 1909 mitigandi.
970 1857 1102 1907 Atque
1131 1853 1213 1892 haec
1233 1853 1392 1906 quidem
1415 1853 1567 1903 utrique
1597 1851 1768 1888 maxime

366 1927 407 1965 in
429 1926 664 1979 peroratione
684 1923 879 1962 facienda:
912 1921 1033 1966 alteri,
1051 1920 1356 1972 frequentatione
1376 1926 1707 1969 argumentorum,
1729 1924 1767 1954 et

366 1992 650 2032 coacervatione
680 1988 877 2034 universa3
907 1987 1029 2031 alteri,
1060 1986 1086 2024 fi
1106 1985 1217 2038 plane
1237 1984 1385 2022 causam
1408 1981 1666 2034 redarguendo
1696 1994 1765 2019 ex-

368 2059 534 2113 plicarit,
567 2056 867 2101 enumeratione,
900 2063 943 2092 ut
977 2053 1149 2106 quidque
1179 2051 1347 2094 diluerit,
1379 2059 1415 2086 et
1447 2047 1685 2086 miseratione
1720 2046 1767 2084 ad

367 2136 600 2165 extremum.

412 2191 605 2230 XXXVI.
637 2190 809 2227 qus.
826 2187 927 2225 Scire
947 2184 1046 2224 mihi
1061 2187 1142 2236 jam
1160 2183 1302 2227 videor,
1318 2179 1648 2234 quemadmodum
1669 2191 1764 2216 con-

363 2260 510 2310 jectura
536 2255 727 2294 tractanda
746 2255 803 2292 s1t.
854 2254 974 2292 Nunc
1006 2253 1051 2289 de
1071 2250 1293 2289 definitione
1314 2249 1526 2286 audiamus.
1586 2247 1764 2283 PATER.

370 2322 609 2361 Communia
624 2321 761 2358 dantur
779 2320 819 2356 in
834 2319 904 2356 isto
922 2331 1059 2370 genere
1079 2316 1298 2359 accusatori,
1313 2313 1576 2363 defensorique
1595 2322 1764 2362 praeccp-

368 2398 419 2427 ta.
443 2389 540 2425 Uter
559 2386 665 2424 enim
685 2384 915 2428 definiendo,
937 2382 1259 2432 describendoque
1280 2381 1393 2417 verbo
1413 2378 1534 2429 magis
1556 2375 1600 2412 ad
1614 2373 1764 2411 sensum

363 2454 520 2506 judicis,
551 2452 852 2505 opinionemque
883 2448 1099 2501 penetrarit,
1132 2456 1169 2484 et
1204 2456 1287 2483 uter
1317 2446 1362 2482 ad
1390 2454 1639 2482 communem
1659 2438 1765 2475 verbi

369 2521 465 2566 vim,
497 2528 535 2558 et
568 2518 614 2557 ad
644 2531 728 2556 eam
761 2516 1073 2570 praeceptionem,
1105 2526 1222 2566 quam
1243 2510 1461 2550 inchoatam
1496 2506 1690 2545 habebunt
1725 2504 1766 2542 in
