2176 2912
846 204 1349 245 TOPICA.
1722 225 1800 268 503

394 297 703 352 Praeponendane
732 295 777 335 fit
797 296 941 335 divitiis
961 297 1095 350 gloria.
1156 299 1405 352 Simplicium
1435 300 1508 339 tria
1527 315 1664 355 genera
1684 304 1798 353 sunt;

393 365 440 403 de
469 363 697 416 expetendo,
731 362 1023 416 fugiendoque;
1056 364 1102 402 de
1131 379 1255 417 aequo,
1287 376 1326 404 et
1355 366 1492 420 iniquo
1508 387 1520 413 3
1552 370 1598 407 de
1624 369 1798 418 honesto,

391 441 430 469 et
447 431 565 483 turpi.
611 430 961 482 Comparationum
981 440 1111 469 autem
1131 432 1223 478 duo,
1254 446 1378 472 unum
1398 433 1444 472 de
1463 436 1613 483 eodem,
1635 447 1672 476 et
1693 439 1768 478 alio
1783 459 1796 486 ς

390 497 556 536 alterum
576 496 623 534 de
643 497 800 549 majore,
829 505 867 535 et
887 498 1048 537 minore.
1108 500 1170 537 De
1189 501 1418 552 expetendo,
1440 511 1478 539 et
1497 502 1697 556 fugiendo,
1720 506 1798 545 hu-

384 564 556 616 jusmodi
573 582 585 608 3
619 564 657 602 Si
676 563 893 617 expetenda?
914 565 1071 610 divitiae,
1102 566 1129 604 fi
1149 565 1333 619 fugienda
1348 578 1563 620 paupertas.
1606 571 1668 609 De
1688 587 1799 625 aequo

388 630 618 682 etxiniqum
650 631 880 682 AEquumne
909 631 955 669 fit
981 632 1129 678 ulcisci,
1159 646 1180 670 a
1210 647 1446 686 quocunque
1471 635 1653 687 injuriam
1687 652 1797 677 acce-

388 697 504 748 peris.
563 697 626 734 De
645 694 818 742 honesto,
849 706 887 736 et
907 698 1012 751 turpi
1028 717 1039 743 3
1073 699 1342 738 Honestumne
1361 701 1420 746 fit,
1451 715 1521 754 pro
1541 703 1660 754 patria
1679 707 1794 745 mori.

389 762 452 800 Ex
471 762 588 800 altero
619 772 746 801 autem
769 777 918 816 genere,
951 765 1057 817 quod
1074 774 1152 803 erat
1172 766 1415 819 bipartitum,
1446 782 1569 807 unum
1591 770 1644 808 est
1663 771 1709 808 de
1728 785 1795 810 eo-

387 828 492 873 dem,
528 837 566 866 et
596 828 697 873 alio3
730 838 787 873 ut,
823 829 849 867 fi
877 840 1081 882 quaeratur,
1110 832 1205 883 quid
1233 833 1378 870 interfit
1410 834 1510 872 inter
1539 836 1726 883 amicum,
1757 847 1796 876 et

387 893 651 932 assentatorem
668 913 681 939 3
728 908 871 947 regern,
914 905 952 934 et
983 906 1204 948 tyrannum.
1265 899 1446 938 Alterum
1483 900 1529 938 de
1563 903 1720 954 majore,
1756 914 1801 942 et.

385 960 536 998 minore
549 980 560 1005 ς
593 970 650 1005 ut,
671 961 698 999 fi
718 971 921 1014 quaeratur,
952 963 1219 1015 eloquentiane
1240 965 1361 1017 pluris
1382 966 1440 1011 fit,
1471 980 1518 1004 an
1538 969 1637 1020 juris
1667 971 1794 1010 civilis

385 1024 554 1064 scientia.
588 1027 650 1064 De
670 1027 904 1078 cognitionis
925 1028 1195 1080 quaestionibus
1216 1029 1414 1070 hactenus.

440 1092 618 1130 Aetionis
652 1093 808 1145 reliquae
829 1094 943 1139 sunt3
975 1109 1140 1147 quarum
1174 1097 1252 1135 duo
1285 1097 1372 1135 sunt
1391 1112 1554 1151 genera:
1588 1114 1711 1140 unum
1747 1103 1793 1141 ad

384 1158 574 1203 officium,
609 1159 773 1197 alterum
807 1160 853 1198 ad
884 1170 1039 1199 motum
1067 1162 1187 1200 animi
1207 1163 1264 1201 vel
1290 1164 1547 1216 gignendum,
1577 1167 1636 1205 vel
1658 1168 1791 1207 sedan-

383 1225 494 1270 dum,
526 1225 683 1278 planeve
705 1226 935 1266 tollendum.
979 1229 1044 1266 Ad
1073 1229 1248 1268 officium
1269 1231 1343 1275 fic,
1376 1241 1432 1276 ut,
1464 1246 1556 1270 cum
1591 1235 1788 1286 quaerstur,

382 1290 662 1343 suscipiendine
696 1291 769 1329 sint
799 1293 924 1332 liberi.
968 1294 1032 1331 Ad
1063 1296 1272 1334 movendos
1293 1298 1458 1343 animos,
1489 1312 1581 1337 cum
1603 1299 1701 1338 fiunt
1720 1315 1790 1340 co-

382 1357 619 1396 hortationes
653 1359 698 1396 ad
732 1358 1012 1398 defendendam
1043 1363 1340 1415 rempublicam,
1377 1365 1422 1402 ad
1455 1366 1633 1418 gloriam,
1675 1378 1712 1406 et
1742 1369 1790 1406 ad

382 1423 565 1462 laudem:
604 1438 683 1477 quo
713 1438 759 1463 ex
789 1439 926 1478 genere
960 1427 1047 1465 sunt
1079 1429 1253 1480 querelae,
1286 1430 1542 1477 incitationes,
1574 1433 1787 1472 miseratio-

381 1490 523 1542 nesque
558 1491 716 1536 flebiles,
750 1491 949 1546 rursusque
983 1495 1103 1532 oratio
1135 1509 1228 1533 cum
1262 1496 1500 1536 iracundiam
1535 1499 1785 1553 restinguens,

382 1566 467 1594 tum
489 1567 641 1595 metum
660 1559 836 1610 eripiens,
853 1569 938 1597 tum
954 1561 1191 1599 exultantem
1210 1563 1381 1601 laetitiam
1399 1567 1677 1617 comprimens,
1700 1578 1786 1606 turn

380 1624 647 1674 aegritudinem
682 1624 908 1677 abstergens.
951 1627 1048 1664 Haec
1083 1641 1175 1665 cum
1207 1629 1247 1666 in
1277 1630 1477 1682 propositis
1512 1633 1786 1683 quaestionibus

378 1702 516 1741 genera
534 1690 618 1734 sint,
641 1691 773 1728 eadem
794 1691 835 1728 in
855 1691 978 1730 causas
1001 1693 1291 1733 transferuntur.
1715 1704 1718 1707 '

439 1756 634 1794 XXXIII.
667 1757 764 1794 Loci
784 1766 914 1795 autem
945 1760 1013 1810 qui
1041 1760 1087 1797 ad
1108 1761 1275 1813 quasque
1301 1763 1525 1814 quaestiones
1557 1779 1782 1804 accommo-

379 1821 458 1858 dati
497 1821 596 1866 sunt,
639 1821 815 1875 deinceps
843 1823 895 1860 est
923 1825 1150 1864 videndum.
1203 1829 1353 1866 Omnes
1385 1831 1543 1881 quidem
1575 1832 1647 1876 illi,
1685 1847 1781 1885 quos

378 1887 488 1939 supra
514 1888 697 1934 diximus,
729 1889 774 1926 ad
794 1890 987 1942 plerasque
1008 1891 1120 1936 sunt;
1154 1893 1215 1932 sed
1245 1895 1309 1932 alii
1330 1897 1376 1934 ad
1395 1897 1498 1942 alias,
1522 1907 1564 1936 ut
1594 1899 1689 1944 dixi,
1712 1913 1781 1953 ap-

376 1954 505 1991 tiores.
543 1954 607 1991 Ad
627 1955 885 2005 comesturam
907 1956 1025 2008 igitur
1046 1959 1216 1996 maxime
1236 1969 1334 2011 apta,
1366 1975 1450 2013 quae
1478 1976 1525 2000 ex
1542 1964 1672 2009 caufis,
1695 1979 1782 2017 quae

375 2033 423 2057 ex
456 2019 614 2064 effeffiffi
645 2034 728 2073 quae
760 2035 807 2059 ex
841 2023 1071 2075 conjundtis,
1101 2024 1199 2063 sumi
1220 2025 1385 2078 poffunt.
1430 2029 1491 2065 Ad
1513 2029 1780 2070 definitionem

376 2096 506 2124 autem
526 2087 691 2140 pertinet
712 2089 821 2134 ratio,
852 2098 889 2127 et
921 2090 1073 2128 scientia
1102 2092 1322 2130 definiendi.
1369 2096 1502 2147 Atque
1532 2094 1625 2134 huic
1649 2099 1780 2149 generi

375 2152 591 2191 finitimum
610 2154 662 2191 est
682 2154 793 2199 illud,
825 2157 929 2208 quod
949 2157 1131 2210 appellari
1151 2158 1197 2196 de
1217 2159 1367 2204 eodem,
1385 2170 1423 2198 et
1443 2162 1560 2200 altero
1581 2163 1775 2204 diximus:

375 2220 479 2270 quod
499 2234 617 2272 genus
647 2219 773 2258 forma
802 2223 976 2274 quaedam
1009 2223 1244 2262 definitionis
1268 2226 1333 2264 est.
1378 2227 1414 2265 Si
1446 2229 1551 2266 enim
1573 2241 1776 2281 quassatus,

375 2285 530 2322 idemne
561 2286 604 2323 fit
624 2287 831 2337 pertinacia
848 2298 885 2326 et
905 2289 1191 2341 perseverantia,
1215 2291 1503 2331 definitionibus
1520 2295 1777 2346 judicandum

375 2350 441 2388 est.

429 2417 526 2454 Loci
557 2427 686 2455 autem
716 2420 945 2458 convenient
981 2422 1022 2459 in
1055 2423 1135 2474 ejus
1166 2424 1312 2474 generis
1345 2426 1606 2476 quaestionem,
1639 2425 1772 2463 conse-

374 2492 548 2535 quentes,
571 2477 848 2530 antecedentes,
882 2497 1150 2539 repugnantes,
1181 2489 1368 2540 adjunctis
1389 2493 1504 2528 etiam
1531 2492 1680 2529 duobus
1710 2493 1770 2538 iis,

373 2551 440 2602 qui
459 2550 665 2590 sumuntur
685 2565 731 2589 ex
752 2553 867 2591 caufis
888 2563 925 2592 et
943 2554 1099 2594 effectis.
1123 2556 1229 2594 Nam
1250 2557 1276 2594 fi
1296 2556 1395 2600 hanc
1411 2572 1492 2596 rem
1508 2558 1573 2595 illa
1588 2558 1781 2611 sequitur,
