2176 2912
409 295 486 332 114
712 282 816 321 DE
884 281 1502 322 INVENTIONE

458 374 643 414 Alterum
661 383 789 414 autem
808 389 929 428 genus
949 376 1001 414 est
1021 389 1169 421 eorum,
1192 376 1260 428 qui
1276 375 1502 414 sententiam
1523 374 1740 421 inducunt;
1763 374 1808 414 in

404 454 484 493 quo
504 454 582 479 non
596 442 758 495 simplex
773 442 948 480 voluntas
964 442 1156 495 scriptoris
1172 442 1397 487 ostenditur,
1413 456 1497 494 quae
1512 442 1552 480 in
1569 455 1686 480 omne
1701 451 1807 481 tem·

405 520 491 559 pus,
513 515 552 545 et
570 507 611 546 in
637 521 754 546 omne
773 507 919 546 factum
946 508 1051 546 idem
1071 508 1218 553 valeat;
1250 508 1312 546 sed
1341 522 1389 546 ex
1408 508 1577 561 quodam
1594 507 1709 553 facto,
1740 517 1807 546 aut

405 581 545 610 eventu
563 573 610 611 ad
631 582 782 626 tempus
804 574 1085 626 interpretanda
1104 574 1259 612 dicitur.
1310 575 1366 611 Ea
1386 573 1557 626 partibus
1577 573 1807 626 juridicialis
1846 599 1850 600 ν

407 637 642 691 affumptivae
662 639 832 677 maxime
851 639 1066 678 sustinetur.
1104 640 1210 677 Nam
1231 648 1318 677 turn
1337 639 1535 678 inducitur
1555 639 1811 692 comparatio,

407 712 452 742 ut
471 705 512 742 in
532 719 638 750 eum,
656 705 738 757 qui,
760 719 852 743 cum
866 706 930 744 lex
945 705 1080 758 aperiri
1095 714 1221 757 portas
1238 707 1355 743 noctu
1369 714 1526 750 vetaret,
1543 706 1690 758 aperuit
1706 718 1806 757 quo-

407 769 497 808 dam
517 771 558 808 in
578 771 696 815 bello,
716 779 756 808 et
774 771 914 809 auxilia
929 771 1103 822 quaedam
1123 771 1163 807 in
1182 770 1372 822 oppidum
1388 771 1543 823 recepit,
1558 785 1606 809 ne
1621 770 1667 808 ab
1685 769 1811 808 hosti-

410 835 480 874 bus
500 836 820 889 opprimerentur,
837 835 864 873 fi
882 834 975 874 foris
991 834 1122 881 essent,
1138 835 1243 888 quod
1263 848 1382 888 prope
1398 849 1528 874 muros
1549 835 1666 874 castra
1685 833 1815 874 hostes

409 899 609 940 haberent.

465 968 576 1005 Tum
596 966 728 1005 relatio
746 966 935 1012 criminis,
966 975 1011 1005 ut
1029 966 1070 1004 in
1090 980 1151 1012 eo,
1182 966 1263 1019 qui,
1285 981 1377 1005 cum
1396 967 1618 1006 communis
1638 967 1702 1005 lex
1720 980 1813 1006 om-

410 1033 523 1071 nium
543 1032 745 1072 hominem
776 1033 948 1071 occidere
967 1042 1122 1078 vetaret,
1157 1034 1360 1072 tribunum
1382 1034 1556 1071 militurn
1577 1033 1703 1078 suum,
1740 1033 1811 1086 qui

409 1098 491 1136 vim
511 1099 579 1136 fibi
598 1097 737 1136 inferre
757 1107 971 1143 conaretur,
990 1099 1146 1137 occidit.
1178 1100 1289 1136 Tum
1309 1100 1473 1137 remotio
1492 1099 1682 1143 criminis,
1705 1107 1748 1136 ut
1768 1099 1811 1136 in

410 1177 469 1210 eo,
502 1165 584 1217 qui,
614 1178 707 1202 cum
734 1164 811 1209 lex,
846 1165 988 1217 quibus
1009 1165 1144 1203 diebus
1171 1165 1211 1202 in
1242 1165 1474 1216 legationem
1495 1163 1810 1217 proficisceretur,

409 1230 679 1283 praestituerat;
701 1230 792 1283 quia
810 1231 1009 1284 sumptum
1028 1245 1106 1269 non
1125 1230 1231 1268 dedit
1245 1230 1418 1283 quaestor,
1437 1229 1629 1282 profectus
1650 1243 1728 1267 non
1743 1229 1810 1268 est.

411 1298 522 1336 Tum
553 1297 740 1336 conceffio
773 1311 840 1350 per
869 1298 1153 1350 purgationem,
1185 1306 1223 1334 et
1252 1310 1319 1349 per
1344 1296 1660 1348 imprudentiam,
1693 1305 1736 1334 ut
1769 1296 1815 1334 in-

409 1364 522 1402 vituli
543 1363 811 1402 immolatione
826 1381 839 1408 3
860 1372 899 1400 et
913 1377 979 1416 per
993 1363 1088 1408 vim,
1106 1372 1150 1401 ut
1164 1363 1204 1401 in
1224 1362 1311 1400 navi
1331 1362 1484 1401 rostrata
1491 1381 1504 1408 ;
1524 1371 1562 1400 et
1576 1376 1644 1415 per
1662 1361 1813 1407 casum,

410 1439 454 1468 ut
472 1431 513 1469 in
529 1431 684 1469 Eurotae
700 1429 872 1468 fluminis
888 1430 1168 1482 magnitudine.
1192 1431 1321 1482 Qare
1339 1438 1404 1468 aut
1422 1430 1475 1467 ita
1494 1428 1678 1467 sententia
1693 1428 1813 1466 indu-

411 1504 531 1541 cetur,
555 1505 598 1534 ut
618 1509 742 1534 unum
761 1495 957 1548 quoddam
976 1496 1134 1534 voluiffe
1153 1496 1314 1548 scriptor
1329 1494 1608 1533 demonstretur
1620 1513 1632 1540 3
1661 1503 1725 1532 aut
1745 1494 1816 1540 fic,

412 1571 455 1599 ut
475 1563 515 1599 in
535 1562 721 1613 ejusmodi
742 1575 795 1605 re,
818 1571 855 1599 et
876 1570 1048 1613 tempore
1069 1561 1143 1599 hoc
1165 1561 1319 1599 voluiffe
1340 1561 1532 1599 doceatur.

467 1627 621 1665 XLIII.
658 1627 762 1678 Ergo
783 1627 829 1670 is,
861 1627 929 1678 qui
950 1626 1134 1678 scriptum
1155 1626 1340 1671 defendit,
1374 1625 1434 1664 his
1465 1627 1560 1664 locis
1581 1626 1812 1678 plerumque

408 1692 606 1736 omnibus,
615 1692 756 1742 majore
768 1700 897 1729 autern
906 1701 1024 1744 parte,
1035 1691 1179 1744 semper
1188 1692 1327 1744 poterit
1336 1692 1406 1729 uti.
1420 1690 1610 1736 Primum,
1621 1691 1816 1743 scriptoris

412 1757 705 1801 collaudatione,
727 1766 764 1794 et
783 1757 869 1795 loco
889 1758 1106 1802 communi,
1138 1757 1236 1795 nihil
1256 1771 1333 1802 eos,
1361 1758 1430 1810 qui
1452 1758 1644 1809 judicent,
1666 1758 1733 1795 nifi
1755 1757 1814 1802 id,

413 1823 517 1876 quod
537 1823 722 1875 scriptum
744 1823 801 1867 fit,
835 1822 996 1875 spectare
1016 1832 1188 1875 oportere
1204 1842 1215 1867 ;
1247 1833 1284 1861 et
1304 1823 1379 1861 hoc
1400 1837 1444 1861 eo
1462 1824 1599 1875 magis,
1632 1824 1657 1861 fi
1678 1824 1816 1875 legiti-

413 1903 525 1928 mum
546 1889 731 1941 scriptum
751 1887 977 1940 proferetur,
997 1889 1036 1926 id
1052 1889 1117 1933 est,
1139 1899 1205 1926 aut
1224 1889 1285 1927 lex
1301 1889 1391 1942 ipsa,
1413 1898 1477 1927 aut
1489 1889 1633 1941 exlege
1649 1888 1817 1941 aliquid„

414 1954 682 2005 Postea,-quod
699 1953 1076 1992 vehementiffimum
1097 1954 1163 1998 est,
1195 1953 1299 1998 facti,
1332 1964 1397 1992 aut
1427 1954 1650 1992 intentionis
1677 1955 1810 1992 adver-

414 2020 596 2058 sariorum
625 2034 716 2058 cum
750 2019 830 2072 ipso
863 2020 1003 2072 scripto
1024 2020 1284 2064 contentione,
1317 2021 1411 2072 quid
1428 2020 1614 2073 scriptum
1635 2020 1694 2065 fit,
1716 2020 1812 2072 quid

413 2085 573 2130 fastum,
604 2086 697 2138 quid
723 2086 1034 2138 juratusjudex:
1066 2100 1183 2138 quem
1204 2086 1334 2123 locum
1362 2086 1496 2123 multis
1528 2085 1652 2123 modis
1672 2086 1812 2123 variare

414 2151 620 2203 oportebit.
659 2152 768 2189 Tum
789 2151 916 2203 ipsum
937 2151 1065 2188 secum
1085 2151 1354 2195 admirantem,
1377 2150 1562 2202 quidnam
1583 2159 1715 2188 contra
1734 2150 1812 2189 dici

415 2217 552 2270 poflit;
576 2226 660 2254 tum
681 2217 879 2268 adjudicis
899 2217 1073 2254 officium
1093 2225 1358 2261 revertentem,
1380 2225 1417 2253 et
1438 2216 1483 2254 ab
1499 2230 1543 2254 eo
1560 2225 1810 2267 quaerentem,

413 2282 507 2335 quid
526 2291 702 2334 praeterea
721 2282 862 2326 audire,
884 2291 949 2319 aut
968 2281 1177 2333 exspectare
1198 2282 1330 2319 debeat
1343 2300 1354 2327 i
1387 2289 1471 2319 tum
1493 2281 1619 2333 ipsum
1640 2281 1810 2319 adversa-

415 2349 531 2392 rium,
553 2347 654 2399 quasi
676 2348 898 2385 intentantis
918 2347 1017 2392 loco,
1051 2347 1309 2399 producendo,
1331 2346 1405 2385 hoc
1426 2347 1491 2392 est,
1527 2347 1812 2399 interrogando,

415 2412 547 2451 utrixm
568 2413 753 2465 scriptum
781 2423 892 2465 neget
911 2412 981 2450 effe
1000 2425 1044 2450 eo
1066 2413 1196 2457 modo,
1222 2427 1268 2450 an
1286 2413 1332 2451 ab
1353 2413 1388 2450 se
1408 2411 1541 2450 contra
1560 2412 1705 2451 factum
1725 2413 1810 2459 effe,

416 2487 480 2517 aut
499 2487 631 2517 contra
650 2479 832 2516 contendi
854 2487 966 2530 neget
983 2497 993 2522 3
1017 2476 1147 2516 utrum
1164 2492 1300 2530 negare
1316 2478 1424 2516 ausus
1442 2479 1499 2523 sit,
1517 2478 1550 2516 se
1571 2478 1694 2516 dicere
1714 2478 1811 2516 defi-

417 2554 562 2582 turum.
585 2544 621 2582 Si
639 2554 820 2582 neutrum
842 2554 966 2596 neget,
995 2555 1032 2582 et
1048 2554 1179 2582 contra
1199 2554 1325 2582 tamen
1343 2545 1466 2589 dicat;
1501 2543 1599 2582 nihil
1619 2544 1701 2589 effe,
1733 2558 1812 2596 quo

416 2609 616 2650 hominem
632 2610 956 2664 impudentiorem
973 2610 1175 2663 quisquam
1188 2610 1223 2648 se
1239 2609 1408 2649 visurum
1425 2610 1640 2649 arbitretur.
1673 2610 1718 2648 In
1734 2608 1810 2647 hoc
