2176 2912
675 196 1393 238 oRATonrssus.
1656 214 1730 251 411

336 288 498 341 quidem
518 288 661 333 silebat,
690 297 733 326 ut
751 298 830 327 erat
863 289 977 327 semel
1003 303 1024 326 a
1042 289 1230 328 concione
1250 289 1421 329 universa
1454 292 1619 331 relietus.
1677 294 1745 346 Q

338 355 523 393 Metellus
543 354 667 398 Celer,
702 367 780 392 non
799 354 866 392 ille
887 354 1047 407 quidem
1066 364 1205 400 orator,
1237 355 1298 394 sed
1324 365 1453 394 tamen
1485 370 1562 395 non
1583 357 1706 396 infans
1723 374 1732 396 2

336 419 464 457 diserti
491 428 619 458 autem
651 419 885 472 QVarius,
935 420 983 458 C.
1020 420 1163 465 Carbo,
1213 419 1290 458 Cn.
1324 422 1562 474 Pomponius
1580 441 1591 467 ;
1636 432 1674 461 et
1709 425 1735 462 ii

335 485 496 537 quidem
520 484 745 523 habitabant
765 485 806 523 in
825 485 966 524 rostris.
1026 487 1074 524 C.
1097 487 1213 524 etiam
1233 486 1377 537 JuliuS‚
1400 487 1539 526 AEdilis
1561 489 1733 533 Curulis,

335 551 508 603 quotidie
542 550 621 589 fere
654 560 843 590 accuratas
881 552 1087 590 conciones
1121 551 1300 591 habebat.
1360 552 1430 591 Sed
1456 566 1519 592 me
1537 554 1733 607 cupidiffi—

335 630 448 654 mum
468 615 647 654 audiendi
683 617 830 669 primus
865 616 975 655 dolor
993 617 1184 670 percuffit,
1216 617 1333 655 Cotta
1357 632 1449 656 cum
1471 617 1523 656 est
1542 618 1733 672 expulsus.

335 682 523 734 Reliquos
559 682 779 734 frequenter
808 682 962 720 audiens
992 683 1177 721 acerrimo
1200 683 1325 722 studio
1341 684 1507 729 tenebar,
1539 684 1735 736 quotidie-

336 761 413 799 que
446 757 484 786 et
518 748 697 793 scribens,
734 754 776 786 'et
805 748 949 801 legens,
989 757 1027 786 et
1068 757 1353 795 commentans,
1396 750 1569 788 oratoriis
1609 759 1736 788 tamen

335 814 675 852 exercitationibus
714 823 916 852 contentus
947 829 1025 853 non
1059 829 1177 854 eram.
1236 817 1325 867 Jam
1357 817 1612 869 consequente
1636 829 1737 854 anno

336 880 552 931 QVarius
583 879 647 916 sua
677 879 761 932 lege
778 879 980 917 damnatus
1000 880 1214 918 excesserat.
1274 882 1361 933 Ego
1380 891 1524 927 autem,
1547 881 1646 934 juris
1677 881 1736 919 ci-

336 945 423 983 vilis
458 943 596 990 studio,
633 944 806 983 multum
841 959 963 998 operae
996 945 1134 984 dabam
1166 947 1430 998 QScaevolae,
1474 948 1518 986 P.
1542 947 1638 991 filio,
1668 947 1738 999 qui

336 1024 560 1064 quanquam
590 1011 740 1049 nemini
771 1011 807 1049 se
839 1011 886 1049 ad
915 1011 1135 1050 docendum
1169 1012 1295 1058 dabat,
1331 1023 1474 1057 tamen,
1502 1013 1738 1051 consulenti-

338 1078 409 1116 bus
429 1077 703 1131 respondendo,
734 1078 917 1117 studiosos
950 1078 1130 1117 audiendi
1150 1079 1324 1118 docebat.
1383 1082 1516 1132 Atque
1548 1078 1642 1117 huic
1668 1092 1738 1117 an-

336 1158 389 1183 no
410 1145 626 1197 proximus,
658 1144 759 1196 Sylla
780 1145 947 1183 Consule
967 1154 1005 1182 et
1026 1146 1226 1199 Pompeio,
1247 1145 1337 1185 fuit.
1379 1148 1490 1185 Tum
1511 1147 1555 1184 P.
1578 1146 1739 1198 Sulpicii

336 1211 379 1248 in
413 1211 610 1248 tribunatu
644 1210 816 1262 quotidie
849 1211 1114 1249 concionantis
1149 1221 1275 1250 totum
1307 1226 1428 1264 genus
1455 1212 1607 1250 dicendi
1627 1213 1738 1264 peni-

337 1286 398 1316 tus
435 1278 703 1330 cognovimus.
762 1277 992 1330 Eodemque
1026 1286 1199 1331 tempore
1231 1292 1324 1317 cum
1369 1279 1546 1331 princeps
1587 1278 1738 1316 Acade-

337 1344 425 1382 miae
460 1342 574 1382 Philo
606 1357 698 1382 cum
731 1342 1027 1382 Atheniensium
1058 1345 1310 1397 optimatibus
1345 1344 1616 1383 Mithridatico
1638 1344 1741 1382 bello

337 1410 456 1448 domo
490 1409 727 1462 profugisset,
772 1410 1021 1462 Romamque
1054 1410 1222 1455 venisset,
1267 1418 1393 1448 totum
1429 1411 1464 1448 ei
1498 1424 1561 1448 me
1586 1409 1739 1455 tradidi,

338 1475 555 1513 admirabili
586 1475 756 1528 quodam
790 1476 835 1513 ad
865 1474 1150 1528 philosophiam
1171 1476 1294 1514 studio
1313 1477 1529 1514 concitatus
1546 1494 1558 1521 3
1590 1477 1631 1514 in
1661 1490 1741 1528 quo

337 1540 414 1579 hoc
434 1542 551 1580 etiam
581 1541 848 1580 commorabar
868 1542 1063 1586 attentius,
1094 1542 1214 1594 quod,
1245 1541 1310 1579 etfi
1340 1556 1466 1580 rerum
1487 1541 1654 1595 ipsarum
1673 1556 1740 1580 va-

339 1607 449 1646 rietas
483 1616 522 1646 et
554 1607 782 1660 magnitudo
816 1606 968 1645 summa
1000 1621 1064 1645 me
1097 1607 1348 1646 delectatione
1379 1608 1579 1654 retinebat,
1611 1617 1741 1646 tamen

339 1673 485 1711 sublata
509 1674 591 1724 jam
611 1673 680 1711 effe
700 1674 740 1711 in
760 1682 991 1726 perpetuum
1012 1673 1106 1711 ratio
1120 1673 1361 1725 judiciorum
1382 1674 1593 1712 videbatur.
1655 1675 1740 1712 Oc-

339 1738 482 1776 ciderat
502 1739 693 1790 Sulpicius
726 1738 795 1776 illo
815 1751 928 1782 anno,
961 1738 1109 1790 tresque
1128 1740 1308 1792 proximo
1339 1740 1458 1778 trium
1479 1748 1634 1778 aetatum
1654 1753 1740 1778 ora-

341 1813 441 1842 tores
471 1814 577 1842 erant
611 1804 866 1842 crudelissime
898 1803 1102 1849 interfeffi,
1135 1806 1202 1857 Q
1225 1806 1400 1850 Catulus,
1433 1807 1495 1844 M.
1530 1806 1739 1851 Antonius,

341 1871 390 1908 C.
413 1870 556 1920 Julius.
607 1869 758 1908 Eodem
780 1883 879 1907 anno
902 1870 1019 1907 etiam
1041 1870 1197 1907 Moloni
1218 1870 1376 1910 Rhodio
1397 1872 1534 1910 Romae
1563 1871 1740 1910 dedimus

339 1949 509 1988 operam,
527 1944 568 1973 et
587 1936 703 1973 actori
724 1935 877 1973 summo
897 1935 1108 1979 causarum,
1130 1945 1168 1973 et
1187 1937 1380 1988 magistro.

395 2003 485 2040 XC.
518 2002 615 2040 Haec
633 2001 698 2039 etsi
719 2002 896 2039 videntur
919 2001 988 2039 effe
1008 2015 1029 2039 a
1050 2002 1236 2054 proposita
1263 2003 1408 2040 ratione
1427 2003 1579 2047 diversa,
1611 2012 1740 2042 tamen

339 2068 485 2106 idcirco
505 2082 525 2106 a
544 2081 608 2106 me
627 2067 887 2121 proferuntur,
906 2077 949 2106 ut
970 2068 1141 2106 nostrum
1157 2069 1309 2106 cursum
1327 2069 1535 2121 perspicere
1555 2069 1740 2121 quoniam

339 2134 506 2179 voluisti,
540 2135 671 2179 Brute,
702 2134 828 2187 poffis,
867 2135 975 2186 (nam
995 2135 1130 2173 Attico
1160 2134 1242 2173 haec
1277 2145 1365 2173 nota
1399 2136 1501 2187 sunt)
1534 2145 1572 2174 et
1598 2136 1740 2181 videre,

340 2201 673 2252 quemadmodum
705 2202 821 2239 fimus
853 2203 893 2239 in
925 2202 1045 2255 spatio
1066 2203 1395 2254 QHortensium
1428 2202 1542 2256 lpfius
1574 2203 1738 2255 vestigiis

341 2266 541 2318 persecuti.

397 2332 633 2369 Triennium
653 2330 729 2369 fere
748 2331 825 2370 fuit
846 2333 935 2372 urbs
967 2333 1043 2371 fine
1070 2333 1203 2377 armis,
1235 2333 1297 2371 sed
1327 2343 1522 2372 oratorum
1542 2342 1607 2371 aut
1635 2334 1737 2370 inte-

342 2397 434 2441 ritu,
465 2406 529 2434 aut
562 2396 731 2442 discessu,
762 2407 827 2435 aut
860 2398 965 2451 fuga,
1009 2400 1117 2451 (nam
1153 2400 1308 2438 aberant
1341 2402 1458 2438 etiam
1487 2398 1736 2437 adolescentes

343 2463 407 2501 M.
442 2461 604 2507 Craffus,
635 2472 672 2501 et
703 2464 861 2502 Lentuli
894 2464 989 2516 duo)
1020 2465 1169 2518 primas
1192 2465 1234 2502 in
1259 2465 1377 2503 caufis
1407 2466 1541 2517 agebat
1561 2465 1736 2502 Horten-

342 2527 415 2567 fius
431 2547 444 2574 5
476 2529 597 2583 magis
618 2529 813 2583 magisque
833 2530 1005 2583 quotidie
1025 2531 1269 2585 probabatur.
1313 2531 1516 2576 Antistius,
1538 2529 1624 2569 Piso
1643 2529 1737 2582 saepe

1278 2598 1310 2635 F
1329 2596 1352 2634 f
1366 2595 1388 2634 f
1413 2609 1433 2635 2
