2176 2912
533 194 852 233 LIBER
928 195 1504 240 SECUNDUS.
1641 217 1714 258 195

313 280 469 324 sederet,
500 280 695 317 Antonius
716 288 845 318 autem
872 279 1131 320 inambularet
1149 296 1242 322 cum
1263 285 1380 323 Cotta
1399 285 1438 323 in
1461 287 1624 339 porticu,
1653 302 1713 326 re·-

308 354 424 398 pente
442 358 488 383 eo
509 344 744 396 QCatulus
765 345 876 383 senex
895 359 988 384 cum
1010 347 1058 385 C.
1081 347 1189 398 julio
1212 347 1327 387 fratre
1356 351 1483 389 venit:
1520 352 1625 404 quod
1646 353 1713 391 ubi

308 411 467 455 audivit,
498 420 720 449 commotus
758 411 906 452 Craffus
938 412 1122 459 surrexit;
1155 415 1366 467 omnesque
1399 416 1590 462 admirati,
1628 432 1711 456 ma-

300 477 429 530 jorem
449 477 619 529 aliquam
637 476 709 515 effe
731 477 883 516 causam
903 491 1039 517 eorum
1059 479 1241 518 adventus
1273 481 1449 534 suspicati
1481 482 1583 521 sunt.
1631 484 1711 535 Qi

308 556 400 580 cum
420 543 520 581 inter
539 543 589 588 se,
611 552 655 581 ut
675 543 845 596 ipsorum
868 543 954 583 usus
974 543 1133 591 ferebat,
1161 547 1387 585 amiciffime
1407 547 1710 594 consalutaffent,

308 609 417 660 Qid
438 623 502 647 vos
524 609 710 648 tandem?
747 609 911 655 Crassus,
934 624 1031 649 num
1051 612 1252 664 quidnam,
1275 613 1419 666 inquit,
1438 614 1527 652 novi
1546 615 1559 651 ?
1592 613 1710 653 Nihil

307 675 405 720 sane,
434 676 566 728 inquit
587 676 764 714 Catulus.
816 677 975 715 Etenim
1005 678 1109 716 vides
1130 679 1200 717 effe
1234 679 1359 718 ludos.
1410 680 1482 718 Sed
1502 680 1560 718 vel
1581 689 1623 718 tu
1643 694 1711 720 nos

307 742 456 793 ineptos
478 741 582 786 licet,
614 742 757 794 inquit,
789 742 847 780 vel
868 742 1046 781 molestos
1066 752 1190 796 putes.
1224 746 1330 784 Cum
1351 745 1397 784 ad
1414 759 1478 784 me
1494 746 1534 784 in
1554 746 1710 785 Tuscu-

308 806 457 851 lanum,
491 807 634 858 inquit,
665 806 749 844 heri
780 807 924 860 vesperi
959 809 1115 848 venisset
1146 810 1269 849 Caesar
1302 811 1349 849 de
1375 811 1598 851 Tusculano
1629 812 1709 858 su0,

306 871 408 910 dixit
428 870 542 916 mihi,
569 885 589 909 a
608 871 644 909 st
665 872 872 910 Scaevolam
892 871 985 910 hinc
1005 883 1162 913 euntem
1183 875 1254 913 effe
1279 885 1531 923 conventum,
1563 891 1609 915 ex
1633 891 1712 929 quo

307 937 407 974 mira
425 937 602 989 quaedam
621 937 658 975 se
677 937 817 976 audiffe
844 938 996 977 dicebat
1008 958 1019 984 ς
1053 949 1102 985 te,
1134 954 1252 993 quem
1283 954 1354 994 ego
1375 943 1487 980 toties
1513 944 1624 981 omni
1650 957 1709 981 ra-

305 1002 410 1041 tione
445 1011 594 1042 tentans
629 1003 676 1042 ad
711 1003 987 1056 disputandum
1006 1005 1145 1044 elicere
1170 1020 1248 1045 non
1270 1007 1488 1060 potuiffem,
1519 1008 1711 1061 permulta

305 1068 352 1106 de
382 1068 603 1120 eloquentia
638 1082 728 1107 cum
758 1070 934 1108 Antonio
964 1070 1180 1117 differuiffe,
1225 1082 1263 1111 et
1298 1082 1481 1126 tanquam
1512 1074 1553 1112 in
1583 1073 1711 1112 schola

307 1147 425 1187 prope
445 1135 491 1172 ad
512 1135 740 1174 Graecorum
761 1135 1081 1176 consuetudinem
1101 1139 1314 1192 disputasse.
1367 1141 1425 1178 Ita
1444 1139 1559 1178 frater
1576 1154 1709 1179 exora-

307 1200 363 1239 vit
382 1200 590 1252 meipsum,
621 1214 699 1239 non
719 1201 878 1254 quidem
898 1216 918 1240 a
937 1203 1061 1242 studio
1081 1205 1259 1244 audiendi
1280 1207 1397 1244 nimis
1424 1205 1709 1252 abhorrentem,

305 1265 367 1304 sed
388 1265 613 1304 mehercule
632 1276 825 1305 verentem
847 1277 989 1314 tamen,
1012 1283 1059 1307 ne
1079 1271 1229 1309 molesti
1246 1272 1354 1309 vobis
1375 1272 1709 1318 interveniremus,

306 1340 350 1370 ut
368 1330 447 1370 huc
468 1332 597 1370 secum
617 1334 802 1371 venirem.
826 1334 1034 1373 Scaevolam
1054 1336 1160 1374 enim
1180 1337 1233 1374 ita
1258 1337 1382 1375 dicere
1402 1337 1538 1382 aiebat,
1567 1338 1711 1376 bonam

307 1406 455 1450 partem
476 1398 660 1437 sermonis
681 1399 721 1437 in
741 1398 847 1437 hunc
869 1399 973 1438 diem
994 1400 1063 1438 effe
1082 1401 1256 1441 dilatam.
1302 1403 1391 1441 Hoc
1414 1403 1440 1441 fi
1471 1413 1513 1441 tu
1531 1403 1709 1456 cupidius

304 1462 451 1503 faCtum
473 1465 680 1511 existimas,
718 1465 854 1505 Caesari
888 1467 1054 1504 attribue
1069 1485 1081 1512 3
1114 1468 1140 1505 fi
1167 1467 1409 1514 familiarius,
1447 1470 1600 1521 utrique
1622 1470 1709 1507 nos·
1754 1522 1757 1524 Ι

305 1539 425 1569 trum.
458 1531 544 1570 Nos
565 1532 739 1584 quidem,
772 1531 841 1570 nist
861 1530 959 1570 forte
980 1532 1131 1570 molesti
1152 1533 1445 1579 intervenimus,
1476 1534 1614 1572 veniffe
1641 1535 1707 1573 de-

306 1595 433 1635 leetat.

362 1663 434 1702 IV.
452 1664 562 1701 Tum
584 1663 748 1709 Crassus,
770 1664 966 1717 equidem,
984 1679 1225 1719 quaecunque
1245 1667 1352 1704 causa
1371 1680 1438 1705 vos
1460 1666 1537 1705 huc
1559 1667 1708 1705 attulis-

305 1728 372 1774 set,
395 1730 552 1775 laetarer‚
583 1744 676 1769 curn
697 1732 797 1784 apud
818 1745 881 1770 me
900 1732 1070 1770 viderem
1091 1732 1268 1772 homines
1303 1733 1403 1772 mihi
1423 1734 1642 1779 cariffimos‚
1670 1743 1709 1772 et

306 1796 576 1841 amiciflimoe,
599 1797 662 1834 sed
683 1806 810 1836 tamen
832 1811 915 1836 vere
927 1798 1053 1836 dicam
1067 1818 1078 1843 3
1101 1801 1243 1851 quaevis
1264 1801 1421 1839 mallem
1437 1799 1575 1846 fuiffet,
1590 1814 1709 1853 quam

307 1861 386 1907 ista,
405 1875 524 1914 quam
543 1862 653 1900 dicis.
682 1863 769 1915 Ego
784 1864 903 1908 enim,
929 1864 1003 1914 (ut,
1021 1866 1353 1921 quemadmodum
1379 1866 1514 1912 sentio,
1537 1867 1705 1920 loquar‚)

304 1941 505 1980 nunquam
528 1927 628 1966 mihi
647 1930 792 1974 minus,
815 1943 932 1981 quam
952 1929 1126 1968 hesterno
1146 1931 1221 1976 die,
1239 1932 1365 1984 placui
1385 1947 1394 1970 ε
1417 1934 1540 1986 magis
1555 1933 1648 1972 adeo
1667 1933 1707 1971 id

303 1992 498 2038 facilitate,
522 2007 638 2046 quam
659 1994 731 2031 alia
750 1994 828 2032 ulla
848 1995 962 2047 culpa
983 2009 1065 2033 mea
1085 1997 1251 2049 contigit
1268 2015 1278 2041 ;
1303 1997 1384 2049 qui,
1405 1997 1500 2036 dum
1517 1999 1707 2051 obsequor

305 2058 621 2103 adolescentibus,
653 2073 716 2097 me
747 2059 873 2098 senem
905 2060 975 2098 effe
1003 2060 1088 2098 sum
1119 2062 1262 2100 oblitus
1279 2081 1290 2107 5
1334 2061 1486 2115 fecique
1516 2064 1570 2109 id,
1601 2064 1707 2116 quod

305 2137 351 2161 ne
384 2124 598 2163 adolescens
632 2125 793 2176 quidem
828 2124 1008 2170 feceram,
1041 2136 1083 2165 ut
1117 2127 1163 2164 iis
1185 2128 1231 2165 de
1263 2128 1389 2173 rebus,
1420 2142 1504 2181 quae
1535 2129 1707 2168 doctrina

304 2189 432 2241 aliqua
458 2191 758 2236 continerentur,
790 2191 1036 2244 disputarem.
1083 2192 1154 2231 Sed
1185 2192 1260 2231 hoc
1291 2203 1418 2232 tamen
1438 2195 1580 2233 cecidit
1606 2194 1705 2233 mihi

305 2265 601 2307 peropportune,
623 2257 742 2308 quod,
765 2257 955 2296 transactis
970 2260 1054 2310 jam
1082 2260 1178 2298 meis
1202 2260 1389 2314 partibus,
1419 2260 1465 2299 ad
1485 2262 1705 2301 Antonium

305 2321 538 2359 audiendum
556 2322 724 2360 venistis.

359 2388 471 2424 Turn
504 2387 639 2432 Caesar,
668 2389 866 2441 equidem,
895 2391 1036 2443 inquit,
1068 2391 1207 2437 Crasse,
1239 2392 1291 2431 ita
1310 2392 1394 2432 sum
1415 2394 1578 2447 cupidus
1609 2402 1644 2431 te
1663 2392 1703 2430 in

305 2453 370 2491 illa
390 2453 562 2506 longiore
582 2467 624 2491 ac
640 2465 819 2508 perpetua
833 2457 1089 2510 disputatione
1104 2459 1296 2504 audiendi,
1320 2469 1375 2505 ut,
1398 2460 1423 2498 fi
1444 2461 1484 2498 id
1502 2458 1604 2498 mihi
1623 2457 1701 2496 mi-

304 2531 376 2557 nus
406 2520 620 2573 contingat,
654 2521 713 2559 vel
744 2520 819 2560 hoc
840 2522 911 2560 fim
945 2524 1172 2576 quotidiano
1205 2526 1465 2564 tuo·sermone
1483 2532 1702 2564 contentus,

827 2589 856 2626 B
887 2589 911 2627 b
943 2602 965 2629 2
