2176 2912
611 182 932 223 LIBER
1009 181 1427 221 PRIMUS.
1650 185 1724 238 187

321 280 368 319 iis
388 279 519 323 caufis,
550 291 642 330 quas
662 277 703 314 in
717 277 805 328 jure
836 273 981 327 possem
1001 273 1218 320 defendere,
1254 288 1426 327 unquam
1457 275 1566 314 istam
1600 278 1722 316 scien-

322 347 417 384 tiam
437 343 662 382 defideraffe.
709 341 831 380 Aliud
850 340 902 378 est
921 341 1028 378 enim
1059 340 1130 379 effe
1151 340 1338 379 artificem
1357 341 1554 393 cujusdam
1574 344 1722 395 generis

321 422 434 464 atque
453 411 556 455 artis,
588 409 691 447 aliud
712 409 752 446 in
782 408 986 447 communi
1005 408 1082 446 vita
1101 417 1140 446 et
1159 408 1306 460 vulgari
1326 407 1535 446 hominum
1565 410 1721 447 consue-

322 478 455 517 tudine
475 491 544 516 nec
564 476 761 520 hebetem,
791 489 862 514 nec
889 475 1038 513 rudem.
1086 475 1162 513 Cui
1182 473 1354 512 nostrum
1375 488 1452 512 non
1474 474 1563 512 licet
1583 475 1722 513 fundos

322 544 466 583 nostros
497 544 616 588 obire,
638 552 703 581 aut
723 555 779 580 res
801 541 953 580 rusticas
971 541 1031 580 vel
1051 540 1197 579 fruetus
1218 540 1339 586 causa,
1369 541 1429 578 vel
1447 540 1721 585 delectationis,

321 611 506 649 invisere?
539 620 666 649 tamen
687 623 802 648 nemo
818 619 898 647 tam
919 608 995 646 fine
1014 609 1151 653 oculiS,
1174 617 1253 646 tam
1274 608 1349 646 fine
1370 617 1513 653 mente,
1535 608 1643 651 vivit,
1666 616 1722 652 ut,

321 677 418 730 quid
443 677 487 715 fit
517 676 696 714 sementis
727 689 770 713 ac
801 674 941 720 meffis,
972 675 1068 727 quid
1093 675 1274 712 arborum
1310 675 1458 728 putatio
1492 688 1535 712 ac
1566 675 1722 718 vitium,

321 757 400 795 quo
419 752 593 795 tempore
611 742 715 786 anni,
737 750 802 779 aut
822 754 899 793 quo
920 740 1039 778 modo
1055 753 1098 778 ea
1113 739 1220 785 fiant,
1240 740 1403 778 omnino
1424 739 1577 778 nesciat.
1610 741 1724 779 Num

321 811 454 862 igitur,
476 810 501 847 si
519 810 583 847 cui
602 808 746 846 fundus
768 807 1039 860 inspiciendus,
1055 817 1120 846 aut
1137 807 1163 845 fi
1183 807 1447 845 mandandum
1466 807 1612 859 aliquid
1631 820 1723 859 pro-

321 877 487 914 curatori
520 876 567 913 de
601 874 847 928 agricultura,
882 883 949 912 aut
979 874 1251 927 imperandum
1279 874 1413 912 villico
1448 874 1507 919 fit,
1539 874 1723 927 Magonis

321 941 630 994 Carthaginenfis
650 941 737 979 sunt
756 940 846 979 libri
877 940 1113 994 perdiscendi
1132 941 1144 978 ?
1176 954 1223 979 an
1251 939 1324 979 hac
1351 941 1557 979 communi
1575 941 1723 979 intelli-

320 1009 449 1061 gentia
464 1008 639 1047 contenti
654 1007 726 1046 effe
746 1007 942 1062 possumus
961 1008 974 1045 ?
996 1008 1079 1046 Cur
1097 1021 1188 1061 ergo
1204 1021 1281 1046 non
1302 1007 1421 1045 iidem
1442 1007 1481 1045 in
1496 1009 1584 1060 jure
1602 1007 1722 1051 civili,

320 1074 530 1127 praesertim
549 1088 642 1113 cum
662 1075 702 1113 in
735 1075 868 1121 caufis,
899 1084 938 1113 et
957 1075 997 1112 in
1018 1075 1198 1127 negotiis,
1229 1083 1268 1112 et
1298 1074 1338 1112 in
1358 1073 1443 1114 foro
1463 1083 1722 1117 conteramur,

321 1141 406 1178 satis
426 1140 600 1179 instructi
619 1140 690 1178 effe
709 1141 894 1194 poffimus
913 1141 960 1179 ad
980 1140 1055 1179 hoc
1075 1141 1274 1187 duntaxat,
1306 1155 1354 1180 ne
1384 1141 1425 1179 in
1451 1140 1575 1180 nostra
1604 1140 1725 1194 patria

319 1207 509 1260 peregrini
529 1216 643 1259 atque
662 1207 814 1246 advenae
833 1207 905 1245 effe
923 1208 1123 1246 videamur
1141 1209 1153 1246 ?

376 1276 439 1319 Ac,
466 1275 492 1312 s1
518 1275 602 1326 jam
632 1274 676 1312 s1t
706 1274 815 1313 causa
834 1275 961 1327 aliqua
990 1275 1036 1312 ad
1058 1288 1126 1313 nos
1158 1275 1280 1313 delata
1308 1274 1516 1320 obscurior,
1549 1274 1723 1319 difficile,

319 1340 447 1385 credo,
479 1341 524 1379 s1t
543 1355 635 1379 cum
655 1339 730 1379 hoc
751 1341 915 1380 Scaevola
934 1342 1224 1380 communicare
1240 1360 1252 1386 ς
1284 1355 1504 1394 quanquam
1536 1342 1603 1395 ipsi
1634 1355 1723 1380 om·-

319 1408 396 1452 nia,
427 1421 595 1460 quorum
627 1408 828 1461 negotium
860 1408 926 1453 est,
958 1408 1131 1446 consulta
1161 1408 1207 1447 ad
1228 1422 1310 1453 nos,
1342 1419 1380 1446 et
1399 1408 1583 1461 exquifita
1617 1407 1723 1446 defe-

320 1482 424 1512 r-unt.
456 1476 521 1513 An
542 1487 630 1512 vero
647 1474 672 1512 fi
693 1475 740 1513 de
762 1488 800 1512 re
820 1474 912 1527 ipsa,
933 1474 960 1512 fi
981 1475 1027 1512 de
1048 1475 1207 1519 finibus,
1229 1488 1321 1513 cum
1341 1475 1382 1512 in
1404 1488 1484 1512 rem
1501 1475 1726 1527 praesentem

319 1554 399 1580 non
418 1541 609 1586 venimus,
631 1541 657 1579 fi
679 1542 725 1580 de
753 1541 908 1586 tabulis,
941 1550 978 1578 et
1008 1540 1348 1595 perscriptionibus
1376 1542 1627 1580 controverfia
1656 1541 1723 1587 est,

319 1616 512 1648 contortas
533 1621 604 1654 res,
635 1617 673 1647 et
693 1608 786 1662 saepe
807 1608 999 1653 difficiles,
1028 1608 1231 1647 neceffario
1256 1608 1534 1661 perdiscimus:
1567 1609 1593 1647 fi
1624 1609 1725 1661 leges

320 1674 446 1720 nobis,
468 1684 533 1713 aut
552 1675 578 1713 fi
598 1673 808 1714 hominum
835 1675 1048 1728 peritorum
1069 1675 1241 1728 responsa
1260 1674 1521 1728 cognoscenda
1540 1675 1641 1720 sunt,
1658 1688 1725 1712 ve-

321 1753 451 1778 remur
470 1755 517 1779 ne
536 1754 591 1785 ea,
614 1741 640 1778 fi
661 1741 707 1779 ab
723 1741 973 1780 adolescentia
987 1741 1067 1795 juri
1087 1742 1192 1780 civili
1213 1741 1343 1780 minus
1357 1741 1628 1787 studuerimus,
1647 1755 1726 1780 non

321 1818 508 1858 queamus
528 1807 755 1858 cognoscere
773 1808 786 1843 ?

378 1873 487 1910 LIX.
510 1871 677 1910 Nihilne
697 1872 816 1924 igitur
836 1872 984 1924 prodest
1004 1873 1142 1910 oratori
1158 1873 1256 1924 juris
1277 1873 1400 1911 civilis
1422 1873 1576 1911 scientia
1594 1874 1606 1910 ?
1631 1872 1726 1911 Non

322 1937 472 1991 possum
494 1951 630 1990 negare
650 1938 818 1990 prodeffe
840 1938 957 1976 ullam
981 1938 1192 1983 scientiam,
1214 1939 1247 1975 ei
1269 1939 1490 1991 praesertim,
1513 1940 1622 1991 cujus
1643 1939 1724 1977 elo-

322 2003 481 2055 quentia
499 2004 610 2056 copia
631 2018 757 2042 rerum
779 2004 913 2042 debeat
931 2004 1002 2041 effe
1022 2014 1152 2042 ornata
1170 2019 1179 2041 ε
1213 2004 1271 2041 scd
1294 2004 1429 2049 multa,
1449 2014 1486 2042 et
1505 2018 1657 2058 magna,
1688 2014 1726 2044 et

322 2070 497 2108 difficilia
517 2070 603 2108 sunt
622 2083 677 2116 ea,
709 2084 793 2123 quae
816 2070 901 2108 sunt
921 2071 1058 2109 oratori
1080 2070 1277 2108 necessaria
1293 2090 1304 2116 ς
1338 2080 1379 2109 ut
1399 2072 1478 2123 ejus
1500 2071 1726 2110 industriam

323 2136 362 2174 in
382 2137 491 2190 plura
510 2137 631 2175 studia
650 2136 851 2175 distrahere
872 2137 1009 2176 nolim.

377 2208 479 2259 Qis
501 2217 615 2260 neget
644 2222 740 2261 opus
761 2208 830 2246 effe
850 2211 989 2247 oratori
1023 2209 1062 2246 in
1083 2207 1159 2247 hoc
1190 2209 1354 2247 oratorio
1376 2218 1500 2255 motu,
1536 2209 1722 2261 statuque,

326 2273 454 2311 Roscii
473 2274 637 2326 gestum,
659 2285 696 2313 et
714 2275 950 2313 venustatem
969 2276 981 2313 ?
1018 2284 1146 2314 tamen
1168 2289 1281 2314 nemo
1302 2276 1451 2314 suaserit
1470 2276 1640 2314 studiofis
1662 2275 1723 2311 di-

324 2339 436 2377 cendi
457 2340 757 2380 adolescentibus
778 2343 817 2381 in
833 2342 940 2395 gestu
957 2342 1136 2380 discendo
1151 2341 1383 2381 histrionum
1397 2356 1504 2381 more
1519 2342 1720 2380 elaborare.

324 2405 434 2458 Qid
453 2406 506 2444 est
525 2409 664 2446 oratori
685 2417 764 2447 tam
785 2409 1048 2454 necessarium,
1071 2423 1189 2462 quam
1209 2423 1282 2448 vox
1301 2411 1314 2447 ?
1346 2420 1474 2448 tamen
1496 2422 1558 2447 me
1576 2409 1724 2446 auctore

324 2485 440 2511 nemo
460 2473 614 2513 dicendi
632 2474 833 2521 studiosus,
866 2477 1094 2515 Graecorum
1127 2490 1232 2515 more
1263 2486 1300 2515 et
1327 2476 1602 2529 tragoedorum,
1639 2471 1723 2510 voci

990 2544 1025 2580 A
1047 2556 1067 2580 a
1099 2555 1119 2579 2
