2176 2912
563 118 881 156 LIBER
952 117 1503 157 SECUNDUS.
1647 131 1722 170 235

350 205 575 245 animorum
593 206 656 243 sua
674 205 807 257 sponte
827 204 894 256 ipfi
915 203 1070 242 afferant
1090 204 1135 242 ad
1156 205 1306 243 causam
1319 206 1484 258 judices,
1506 206 1551 243 ad
1572 205 1624 249 id,
1647 206 1750 257 quod

356 274 500 310 utilitas
516 272 671 309 oratoris
692 270 800 314 feret,
821 271 1166 309 accommodatam.
1210 272 1377 323 Facilius
1398 272 1450 321 est
1469 273 1572 309 enim
1593 285 1748 309 curren-

356 347 436 375 tem
460 339 520 388 (ut
541 337 664 388 aiunt)
687 337 856 381 incitare,
891 350 1007 388 quam
1029 351 1272 375 commovere
1303 338 1564 390 languentem.
1612 338 1674 374 Sin
1697 336 1748 379 id,

353 413 419 441 aut
455 417 530 442 non
561 404 646 448 erit,
677 413 741 441 aut
775 404 846 440 erit
879 403 1089 448 obscurius,
1121 404 1215 450 sicut
1235 405 1386 442 medico
1407 404 1597 456 diligenti,
1629 391 1750 455 prius-

352 484 470 522 quam
501 480 661 509 conetur
692 484 791 522 aegro
825 469 1004 507 adhibere
1038 471 1286 516 medicinam,
1331 484 1408 508 non
1443 471 1567 508 solum
1594 469 1751 506 morbus

353 538 448 588 ejus,
480 537 544 574 cui
576 537 718 574 mederi
749 537 864 581 volet,
906 536 967 574 sed
997 537 1114 574 etiam
1144 537 1378 575 consuetudo
1408 536 1581 580 valentis,
1613 546 1650 572 et
1684 549 1751 571 na-

353 612 439 640 tura
458 604 640 655 corporiS‚
669 603 931 655 cognoscenda
950 603 1024 640 est:
1057 603 1106 641 slC
1140 605 1322 655 equidem
1343 617 1435 641 cum
1466 603 1664 655 aggredior
1684 614 1751 638 an-

355 669 516 721 cipitem
536 669 701 714 causam,
732 678 769 706 et
797 682 964 721 gravem,
997 669 1043 706 ad
1073 670 1220 707 animos
1246 670 1426 722 judicum
1456 667 1751 721 pertractandos,

354 735 464 772 omni
495 744 625 773 mente
656 736 697 772 in
727 748 768 772 ea
787 735 1018 786 cogitatione
1038 748 1204 786 curaque
1233 737 1369 780 versor,
1401 744 1443 772 ut
1476 735 1610 772 odorer
1635 746 1754 786 quam

354 800 584 852 sagaciffime
604 801 754 852 poffim,
783 801 877 852 quid
908 800 1083 845 sentiant,
1115 802 1210 852 quid
1228 802 1460 846 existiment,
1491 801 1586 853 quid
1612 813 1753 852 expec-

354 875 451 912 tent,
481 867 577 918 quid
609 867 743 912 velint,
775 866 852 919 quo
883 867 1021 904 deduci
1055 868 1225 905 oratione
1259 867 1447 905 facillime
1477 867 1578 919 poffe
1597 867 1752 905 videan-

353 940 430 970 tur.
463 933 501 970 Si
521 931 556 969 se
576 931 681 976 dant,
702 942 754 977 et,
785 941 828 970 ut
848 941 934 970 ante
953 931 1048 976 dixi,
1071 932 1133 970 sua
1154 932 1298 985 sponte,
1321 947 1398 984 quo
1415 932 1668 984 impellimus,
1691 934 1752 969 in-

352 998 514 1042 clinant,
547 1007 662 1050 atque
693 998 958 1051 propendent;
991 999 1137 1051 accipio
1157 999 1261 1050 quod
1281 1000 1404 1043 datur,
1435 1008 1473 1036 et
1499 999 1545 1036 ad
1570 998 1623 1043 id,
1655 998 1755 1036 unde

354 1063 493 1115 aliquis
513 1063 622 1101 flatus
642 1064 864 1109 ostenditur,
886 1064 969 1102 vela
988 1065 1050 1103 do.
1094 1065 1159 1102 Sin
1180 1065 1232 1102 est
1252 1066 1411 1117 integer,
1443 1064 1671 1116 quietusque
1685 1065 1758 1115 ju-¹

356 1129 453 1174 dcx;
485 1129 571 1180 plus
603 1129 655 1166 est
675 1131 796 1181 operis
813 1145 821 1167 ε
854 1130 940 1167 sunt
959 1130 1065 1167 enim
1085 1131 1217 1168 omnia
1237 1131 1400 1171 dicendo
1421 1130 1632 1174 excitanda,
1655 1129 1755 1167 nihil

356 1195 559 1246 adjuvante
579 1204 724 1233 natura.
769 1195 839 1233 Sed
860 1204 1005 1234 tantam
1028 1197 1109 1234 vim
1129 1195 1245 1234 habet
1264 1197 1343 1241 illa,
1375 1210 1460 1248 quae
1480 1197 1579 1233 reste
1605 1209 1625 1233 a
1652 1195 1755 1234 bono

356 1269 468 1312 poeta
487 1260 587 1297 dicta
616 1261 681 1305 est,
700 1261 911 1314 flexanima,
942 1270 1050 1313 atque
1068 1262 1218 1299 omnium
1237 1263 1362 1314 regina
1382 1276 1514 1306 rerum,
1545 1261 1681 1305 oratio,
1711 1270 1755 1298 ut

355 1339 434 1363 non
454 1326 573 1363 modo
593 1325 846 1364 inclinantem
867 1327 1021 1378 erigere,
1052 1336 1117 1364 aut
1142 1327 1302 1365 stantem
1324 1327 1520 1371 inclinare,
1552 1325 1612 1363 sed
1637 1326 1754 1363 etiam

355 1391 613 1430 adversantem
646 1401 684 1430 et
706 1402 998 1445 repugnantem,
1030 1402 1072 1430 ut
1091 1393 1297 1445 imperator
1327 1394 1450 1431 bonus
1471 1406 1512 1430 ac
1534 1391 1658 1443 fortis,
1689 1405 1753 1429 ca-

353 1471 441 1511 pere
461 1458 585 1511 poffit.

408 1525 536 1563 XLV.
571 1526 668 1563 Haec
689 1525 775 1563 sunt
794 1524 873 1570 illa,
895 1538 980 1577 quae
1000 1538 1062 1562 me
1083 1524 1216 1566 ludens
1237 1525 1386 1563 Craffus
1407 1524 1524 1563 modo
1545 1524 1752 1577 flagitabat,

354 1604 441 1642 quae
460 1604 481 1628 a
499 1604 562 1628 me
582 1591 766 1629 divinitus
788 1591 935 1628 tractari
951 1590 1066 1628 solere
1083 1591 1237 1636 diceret,
1253 1601 1289 1628 et
1306 1592 1345 1628 in
1366 1590 1474 1628 causa
1492 1591 1568 1629 Μ’.
1587 1590 1753 1642 Aquilii,

357 1656 519 1709 Caiique
540 1657 732 1701 Norbani,
764 1656 1034 1707 nonnullisque
1055 1657 1151 1702 aliis,
1183 1658 1284 1709 quasi
1306 1657 1481 1709 praeclare
1501 1658 1592 1702 acta,
1622 1656 1753 1696 lauda-

355 1730 425 1759 ret.
457 1724 556 1773 Qae
577 1721 795 1760 mehercule
815 1736 899 1774 ego,
932 1722 1070 1766 Crasse,
1102 1736 1194 1761 cum
1214 1737 1234 1760 a
1261 1734 1297 1761 te
1324 1725 1529 1761 tractantur
1548 1724 1587 1761 in
1619 1724 1752 1768 causis,

355 1787 508 1826 horrere
542 1788 668 1826 soleo:
711 1798 815 1826 tanta
844 1789 900 1826 vis
935 1789 1068 1833 animi,
1101 1798 1224 1828 tantus
1257 1790 1439 1842 impetus,
1471 1799 1598 1828 tantus
1628 1791 1752 1835 dolor,

353 1855 492 1899 oculis,
534 1855 658 1899 vultu,
701 1855 820 1906 gestu,
853 1854 974 1906 digito
993 1854 1157 1906 denique
1177 1855 1247 1893 isto
1281 1865 1363 1899 tuo,
1395 1856 1597 1908 significari
1629 1857 1748 1895 solet:

357 1930 509 1959 tantum
557 1921 609 1958 est
648 1921 794 1958 flumen
835 1921 1141 1972 graviflimorum
1178 1921 1497 1974 optimorumque
1531 1923 1750 1966 verborum,

356 1997 435 2025 tam
456 1988 611 2039 integrae
632 1986 838 2031 sententiae,
871 1996 950 2024 tam
972 1987 1078 2031 ve'rae,
1111 1996 1189 2025 tam
1210 2001 1329 2032 novae,
1361 1997 1440 2025 tam
1471 1988 1546 2026 fine
1570 1989 1751 2041 pigmen-

355 2054 418 2097 tis,
448 2052 616 2105 fucoque
648 2053 800 2105 puerili,
833 2061 874 2090 ut
900 2051 999 2090 mihi
1031 2067 1107 2091 non
1129 2053 1253 2092 solum
1273 2063 1314 2091 tu
1334 2054 1536 2092 incendere
1559 2056 1749 2107 judicem,

356 2118 417 2156 sed
445 2119 523 2170 ipse
552 2119 690 2162 ardere,
722 2119 894 2157 videaris.
943 2119 1083 2171 Neque
1115 2119 1194 2157 fieri
1224 2120 1359 2172 potest,
1390 2129 1434 2158 ut
1468 2121 1593 2159 doleat
1618 2123 1649 2160 is
1682 2123 1750 2174 qui

355 2185 475 2227 audit,
507 2195 549 2221 ut
569 2185 705 2229 oderit,
739 2195 779 2223 ut
817 2185 997 2230 invideat,
1031 2195 1072 2223 ut
1097 2186 1338 2238 pertimescat
1359 2187 1518 2239 aliquid,
1550 2197 1592 2225 ut
1613 2189 1658 2226 ad
1680 2189 1747 2226 fle-

354 2260 455 2294 tum,
485 2250 861 2303 misericordiamque
895 2252 1116 2296 deducatur,
1160 2252 1226 2290 nisi
1256 2266 1389 2291 omnes
1420 2254 1446 2291 ii
1479 2264 1621 2298 motus,
1653 2268 1747 2306 quos

354 2326 480 2353 orator
513 2315 692 2354 adhibere
712 2317 814 2354 volet
839 2317 979 2368 judici,
1010 2318 1049 2355 in
1069 2318 1149 2369 ipso
1169 2328 1315 2356 oratore
1345 2319 1511 2371 impreffi
1537 2319 1607 2356 effe
1637 2329 1749 2371 atque

356 2381 469 2420 inusti
485 2381 732 2420 videbuntur.
775 2383 892 2434 Qod
910 2383 935 2421 fi
956 2383 1066 2422 fietus
1087 2383 1224 2435 aliquis
1245 2385 1353 2422 dolor
1369 2385 1625 2437 suscipiendus
1646 2385 1746 2428 effet,

353 2457 392 2485 et
411 2446 439 2485 fi
457 2447 498 2486 in
529 2447 713 2499 ejusmodi
734 2460 869 2500 genere
889 2449 1070 2487 orationis
1100 2447 1200 2488 nihil
1230 2450 1333 2495 effet,
1363 2451 1432 2488 nisi
1453 2450 1604 2494 falsum,
1636 2460 1749 2501 atque

1033 2514 1072 2552 G
1093 2527 1119 2566 g
1149 2527 1171 2552 2
