2176 2912
457 219 536 271 488
909 217 1414 257 TOPICA.

458 313 651 358 locorum,
681 324 779 365 quos
810 310 982 364 exposui,
1015 311 1078 350 sua
1107 311 1284 364 quaedam
1314 310 1491 350 membra
1519 309 1650 357 habet,
1680 324 1724 349 ea
1749 325 1866 365 quam

459 380 703 418 subtiliffime
733 378 1032 431 persequamur,
1064 387 1103 417 et
1136 378 1312 431 primum
1332 378 1378 417 de
1407 378 1485 431 ipsa
1515 378 1740 417 definitione
1760 379 1866 417 dica-

459 455 535 485 tur.

514 511 708 551 Definitio
741 511 793 549 est
826 511 961 556 oratio,
992 525 1078 564 quae
1111 511 1165 556 id,
1197 510 1301 564 quod
1333 510 1529 556 definitur,
1560 511 1741 564 explicat,
1773 512 1870 563 quid,

457 579 519 618 fit.
577 578 870 619 Definitionum
890 586 1021 615 autem
1041 577 1119 615 duo
1139 577 1226 615 sunt
1245 591 1382 629 genera
1401 577 1539 629 prima.
1578 579 1718 616 Unum
1736 590 1868 616 earum

459 660 603 692 rerum,
635 660 720 698 quae
751 645 837 683 sunt
852 663 864 689 3
896 644 1062 682 alterum
1092 657 1240 689 earum,
1273 658 1357 697 quae
1378 644 1664 697 intelliguntur.
1723 643 1808 683 Effe
1827 658 1869 682 ea

459 712 562 757 dico,
594 725 680 764 quae
701 711 819 755 cerni,
853 710 1005 762 tangive
1035 709 1203 763 possunt,
1235 718 1279 748 ut
1309 708 1493 754 fundum,
1527 709 1636 754 aedes,
1669 711 1868 763 parietem,

459 777 716 822 stillicidium,
744 776 1003 829 mancipium,
1029 776 1235 829 pecudem,
1269 776 1560 829 supellectilem,
1592 790 1727 829 penus,
1755 785 1868 814 caete-

456 859 522 892 vra:
541 858 619 897 quo
640 858 687 883 ex
705 857 842 897 genere
863 843 1040 896 quaedam
1055 843 1253 882 interdum
1273 843 1384 882 nobis
1406 843 1622 881 definienda
1636 843 1736 882 sunt.
1774 843 1870 882 Non

458 911 530 949 effe
551 911 676 950 rursus
696 925 739 949 ea
758 911 859 955 dico,
882 924 967 963 quae
987 911 1107 963 tangi,
1135 910 1430 951 demonstrarive
1450 924 1527 948 non
1550 910 1704 962 poffunt
1721 929 1732 955 ;
1765 909 1869 948 cerni

460 986 590 1016 tamen
610 977 756 1022 animo,
787 986 903 1028 atque
923 976 1092 1029 intelligi
1111 976 1287 1029 poffunt:
1321 985 1379 1022 ut,
1401 976 1427 1014 fi
1447 975 1734 1028 usucapionem,
1757 976 1783 1014 fi
1805 985 1868 1014 tu-

460 1045 593 1089 telam,
620 1043 647 1082 fi
666 1052 837 1097 gentem,
870 1042 897 1080 s1
917 1043 1165 1096 agnationem
1185 1043 1357 1088 definias,
1380 1056 1544 1095 quarum
1566 1056 1692 1080 rerum
1715 1042 1870 1080 nullum

461 1110 586 1148 subest
604 1110 707 1162 quasi
726 1123 862 1162 corpus
880 1128 891 1154 ς
920 1109 972 1147 est
992 1119 1121 1147 tamen
1141 1109 1317 1162 quaedam
1337 1107 1595 1147 conformatio
1616 1109 1805 1162 infignita,
1833 1117 1871 1146 et

460 1176 637 1229 impressa
663 1176 703 1213 in
725 1176 994 1228 intelligentia,
1030 1189 1149 1228 quam
1169 1177 1370 1214 notionem
1389 1188 1500 1214 voco.
1560 1176 1618 1214 Ea
1637 1175 1731 1229 saepe
1750 1176 1789 1213 in
1810 1188 1870 1213 ar—

458 1243 726 1296 gumentando
743 1242 966 1280 definitione
986 1242 1213 1295 explicanda
1233 1243 1333 1282 sunt.

517 1311 650 1362 Atque
679 1308 798 1346 etiam
832 1308 1090 1353 definitiones,
1121 1309 1202 1347 aliae
1234 1309 1320 1347 sunt
1353 1309 1623 1362 partitionum,
1654 1308 1736 1346 alise
1769 1307 1870 1346 divi-

462 1375 628 1414 fionum.
690 1376 965 1421 Partitionum,
1001 1389 1094 1413 cum
1114 1389 1171 1414 res
1199 1389 1255 1421 ea,
1289 1389 1374 1428 quae
1394 1376 1587 1429 propofita
1606 1375 1671 1419 est,
1706 1374 1810 1427 quafi
1829 1374 1872 1412 in

461 1442 639 1488 membra
672 1441 901 1494 discerpitur
927 1456 936 1479 :
969 1450 1026 1487 ut,
1060 1442 1087 1479 fi
1113 1443 1200 1494 quis
1227 1443 1292 1495 jus
1326 1442 1440 1481 civile
1461 1443 1563 1480 dicat
1584 1442 1624 1480 id
1652 1440 1736 1486 effe,
1766 1441 1873 1493 quod

460 1510 504 1547 in
525 1508 691 1561 legibus,
706 1508 1051 1554 senatusconsultis,
1066 1509 1178 1547 rebus
1193 1509 1391 1561 judicatis,
1408 1509 1720 1562 jurisperitorum
1737 1509 1868 1546 aufto-

464 1574 588 1618 ritate‚
605 1573 739 1611 edictis
755 1574 1062 1625 magistratuum,
1082 1588 1202 1618 more,
1212 1575 1404 1626 aequitate‚
1419 1574 1606 1613 confistat.
1626 1573 1873 1612 Divisionum

464 1648 593 1677 autem
627 1638 804 1676 definitio
834 1638 976 1677 formas
997 1653 1131 1677 omnes
1162 1640 1448 1692 complectitur,
1478 1654 1562 1691 quae
1584 1639 1652 1677 sub
1673 1653 1718 1677 eo
1737 1653 1873 1692 genere

464 1707 566 1751 sunt,
599 1705 704 1758 quod
735 1705 941 1750 definitur,
974 1705 1049 1744 hoc
1070 1707 1217 1751 modo,
1249 1707 1494 1744 Abalienatio
1513 1706 1565 1744 est
1585 1706 1664 1758 ejus
1687 1706 1754 1750 rei,
1787 1720 1873 1758 quae

465 1773 637 1825 mancipi
658 1772 722 1816 est,
746 1781 809 1808 aut
830 1772 983 1810 traditio
1003 1772 1110 1810 alteri
1132 1786 1247 1817 nexu,
1266 1782 1329 1811 aut
1350 1773 1389 1811 in
1405 1774 1492 1826 jure
1513 1772 1638 1817 ceffio,
1660 1772 1760 1810 inter
1776 1786 1872 1824 quos

465 1853 507 1876 ea
521 1840 608 1891 jure
629 1838 735 1876 civili
755 1838 835 1875 fieri
856 1838 1022 1891 poffunt.

523 1905 593 1943 VJ.
627 1907 722 1942 Sunt
741 1913 778 1941 et
799 1904 870 1941 alia
889 1918 1026 1957 genera
1045 1905 1318 1944 definitionum
1332 1924 1343 1950 ς
1376 1905 1435 1943 sed
1453 1905 1498 1943 ad
1516 1904 1633 1957 hujus
1653 1904 1742 1942 libri
1763 1905 1872 1942 insti-

465 1981 598 2011 tutum
619 1971 686 2009 illa
705 1969 805 2008 nihil
825 1972 1042 2024 pertinent:
1076 1970 1227 2010 tantum
1248 1971 1301 2010 est
1327 1972 1549 2015 dicendum,
1578 1971 1647 2023 qui
1667 1971 1711 2008 fit
1732 1970 1872 2008 defini-

466 2038 582 2076 tionis
604 2037 756 2076 modus.
801 2037 862 2075 Sic
882 2037 1002 2090 igitur
1032 2047 1174 2076 veteres
1196 2038 1448 2090 praecipiunt3
1481 2051 1572 2074 cum
1594 2036 1795 2088 sumpseris
1815 2051 1870 2082 ea,

465 2118 552 2155 quae
572 2104 659 2142 sunt
689 2104 724 2141 ei
755 2104 823 2148 rei,
854 2117 972 2155 quam
993 2103 1150 2142 definire
1169 2104 1277 2148 velis,
1310 2117 1402 2141 cum
1433 2103 1516 2141 aliis
1537 2103 1776 2147 communia,
1811 2103 1872 2141 us-

467 2184 542 2221 que
562 2183 606 2207 eo
627 2169 818 2222 persequi,
839 2169 935 2207 dum
956 2170 1158 2222 proprium
1178 2170 1379 2214 efficiatur,
1403 2169 1507 2221 quod
1528 2169 1677 2207 nullam
1698 2170 1737 2206 in
1758 2169 1889 2208 aliam.

467 2248 549 2274 rem
571 2233 764 2272 transferri
785 2234 909 2286 poflit.
954 2235 1011 2272 Ut
1031 2233 1119 2279 hoc,
1151 2235 1361 2274 Haereditas
1382 2235 1426 2288 (st
1438 2235 1605 2288 pecunia.
1649 2236 1873 2273 Commune

467 2299 594 2339 adhuc
613 2315 621 2338 ε
654 2300 779 2338 multa
798 2300 904 2338 enim
924 2313 1062 2353 genera
1083 2300 1170 2340 sunt
1190 2301 1375 2353 pecuniae.
1425 2301 1538 2340 Adde
1565 2301 1668 2353 quod
1689 2300 1871 2353 sequitur,

468 2382 548 2421 quae
576 2376 689 2406 morte
716 2366 864 2419 alicujus
894 2366 944 2406 ad
968 2367 1162 2420 quempiam
1186 2368 1371 2421 pervenit.
1432 2368 1624 2407 Nondum
1654 2367 1707 2405 est
1732 2367 1871 2405 defini-

468 2435 552 2472 tio:
585 2433 720 2471 multis
746 2434 851 2472 enim
887 2434 1011 2472 modis
1044 2433 1119 2471 sine
1139 2433 1356 2473 haereditate
1387 2435 1507 2473 teneri
1528 2443 1771 2472 mortuorum
1803 2446 1871 2486 pe-

467 2500 591 2539 cuniae
618 2498 782 2553 possunt.
834 2501 972 2540 Unum
1003 2500 1098 2539 adde
1119 2500 1292 2547 verbum,
1311 2500 1413 2553 jure.
1445 2502 1534 2554 Jam
1554 2514 1574 2539 a
1593 2498 1873 2540 communitate
