2176 2912
394 255 443 295 68
644 252 1547 292 DEINVENTIONE

393 347 609 386 doetrinam
635 359 682 384 ex
702 346 862 398 alicujus
883 346 986 384 doffi
1006 345 1108 383 vitiis
1130 344 1393 398 reprehendat.
1426 347 1508 383 Aut
1527 344 1554 384 fi
1574 344 1675 397 quis,
1700 358 1793 384 cum

393 413 565 465 aliquem
585 411 688 449 volet
709 410 873 455 laudare,
909 411 954 448 de
983 409 1167 448 felicitate
1187 411 1282 462 ejus,
1314 424 1392 448 non
1419 411 1465 448 de
1488 411 1644 454 virtute,
1675 410 1791 448 dicat.¹

394 479 476 516 Aut
496 478 523 515 fi
543 478 629 529 quis
651 490 733 514 rem
754 490 846 514 cum
868 489 905 513 re
926 477 978 513 ita
997 476 1249 528 comparabit,
1287 485 1329 513 ut
1349 476 1507 513 alteram
1528 475 1562 513 se
1583 489 1659 513 non
1681 484 1792 528 putet

392 542 558 587 laudare,
580 542 648 579 nisi
664 542 821 579 alteram
842 541 1088 593 vituperarit:
1121 550 1186 578 aut
1204 541 1229 578 fi
1249 541 1407 578 alteram
1426 541 1479 578 ita
1499 541 1641 584 laudet,
1672 550 1714 578 ut
1735 541 1790 578 al-
1833 584 1836 585 ⁷

394 609 510 646 terius
532 622 608 645 non
628 607 743 644 faciat
764 608 1018 645 mentionem.
1065 608 1148 644 Aut
1169 607 1208 651 s1,
1229 620 1321 644 cum
1342 606 1387 643 de
1406 615 1507 643 certa
1527 620 1564 644 re
1586 615 1790 657 quaeretur‚

393 674 440 711 de
459 674 662 712 communi
684 673 902 710 instituetur
915 673 1058 716 orati03
1082 682 1139 716 ut,
1158 673 1183 710 fi
1200 673 1301 724 quis,
1320 686 1412 709 cum
1428 672 1548 724 aliqui
1564 672 1791 716 deliberent,

393 739 542 777 bellum
562 747 714 791 geratur
733 751 779 775 an
801 752 892 782 non,
924 751 1059 790 pacem
1080 737 1209 774 laudet
1229 737 1404 781 omnino,
1427 751 1504 774 non
1525 736 1622 774 illud
1642 737 1791 774 bellum

393 804 531 842 inutile
551 804 622 842 effe
642 803 887 843 demonstret.
921 805 1016 847 Aut,
1049 803 1074 840 fi
1111 803 1205 840 ratio
1237 802 1398 854 alicujus
1431 803 1483 839 rei
1510 802 1687 839 reddetur
1716 802 1790 839 fal-

392 870 440 914 sa,
472 869 546 907 hoc
568 869 684 907 modo
703 887 713 913 ;
747 870 915 906 Pecunia
935 869 1084 906 bonum
1104 869 1170 913 est,
1207 877 1405 921 propterea
1424 867 1529 920 quod
1549 880 1591 905 ea
1621 868 1790 906 maxime

390 935 509 973 vitam
531 935 681 972 beatam
701 934 855 972 efficiat.
915 935 998 971 Aut
1018 934 1044 971 fi
1064 933 1231 977 infirma,
1263 942 1306 970 ut
1327 933 1484 971 Plautus
1503 951 1515 978 5

526 1001 694 1039 Amicum
713 1000 885 1053 castigare
902 1000 942 1038 ob
960 1000 1124 1038 meritam
1143 1000 1295 1044 noxiam,

526 1067 685 1104 Immune
703 1065 905 1119 estflzcinus
919 1085 931 1110 3
963 1080 1089 1104 verum
1108 1066 1144 1104 in
1163 1075 1273 1104 aetate
1292 1066 1377 1104 utile

526 1133 581 1169 Et
600 1131 822 1170 conducibile.
872 1133 973 1170 Mzm
992 1147 1051 1184 ego
1070 1133 1219 1170 amicum
1238 1131 1335 1171 hodie
1352 1146 1463 1170 meum

526 1197 774 1251 Conccstzgabo
786 1207 857 1251 pro
876 1200 1077 1237 commerita
1096 1199 1214 1243 noxia,

524 1265 687 1308 Invitus,
718 1265 825 1303 nime
844 1264 884 1302 id
897 1264 1043 1309 invitet,
1075 1265 1280 1316 utfizciam,
1297 1263 1403 1315 fides.

389 1330 472 1367 Aut
491 1329 638 1374 eadem,
670 1328 745 1367 hoc
766 1330 886 1367 modo
901 1348 912 1373 3
946 1330 1173 1368 Maximum
1195 1329 1344 1367 malum
1364 1327 1417 1366 est
1437 1327 1590 1365 avaritia
1604 1345 1616 1372 ς
1644 1327 1789 1367 multos

386 1395 494 1432 enim
514 1395 664 1446 magnis
685 1395 946 1432 incommodis
967 1395 1085 1433 afficit
1106 1395 1278 1448 pecuniae
1295 1394 1499 1447 cupiditas.
1550 1394 1631 1431 Aut
1652 1407 1788 1446 parum

387 1460 536 1504 idonea,
574 1458 649 1497 hoc
671 1460 789 1497 modo
801 1478 813 1504 3
846 1460 1074 1498 Maximum
1107 1460 1256 1498 bonum
1290 1459 1343 1498 est
1377 1459 1548 1497 amicitia
1562 1477 1573 1503 ς
1610 1459 1788 1511 plurimae

387 1526 492 1563 enim
513 1525 782 1562 delectationes
803 1525 889 1562 sunt
911 1526 952 1562 in
972 1526 1156 1563 amicitia.

438 1591 508 1628 LI.
541 1591 711 1640 Qartus
739 1590 877 1627 modus
897 1599 975 1627 erat
996 1589 1310 1642 reprehensionis,
1332 1603 1399 1642 per
1419 1603 1538 1642 quem
1565 1599 1698 1628 contra
1717 1590 1784 1628 fir-

386 1669 492 1693 mam
513 1655 888 1708 argumentationem
916 1668 1022 1707 aeque
1049 1655 1159 1693 firma
1179 1665 1243 1693 aut
1263 1655 1412 1694 firmior
1432 1655 1658 1708 ponebatur.
1695 1657 1787 1694 Hoc

386 1735 507 1773 genus
539 1721 579 1758 in
609 1721 949 1758 deliberationibus
977 1722 1148 1759 maxime
1166 1721 1344 1766 versatur,
1376 1735 1468 1759 cum
1495 1722 1656 1773 aliquid,
1682 1722 1787 1773 quod

387 1796 520 1824 contra
546 1786 708 1831 dicatur,
741 1800 896 1838 aequum
917 1785 988 1823 effe
1018 1786 1296 1831 concedimus3
1335 1786 1396 1824 sed
1416 1786 1469 1831 id,
1503 1786 1608 1838 quod
1629 1801 1697 1824 nos
1718 1787 1786 1824 de-

386 1851 598 1897 fendimus,
619 1851 867 1890 necessarium
885 1851 955 1889 effe
972 1852 1291 1890 demonstramus.
1324 1854 1406 1889 Aut
1422 1866 1515 1890 cum
1531 1852 1584 1896 id,
1604 1853 1707 1903 quod
1729 1853 1787 1890 illi

389 1916 609 1961 defendant,
628 1918 723 1955 utile
743 1917 813 1955 effe
832 1915 1044 1961 fateamur;
1067 1917 1170 1969 quod
1188 1931 1255 1955 nos
1272 1918 1460 1962 dicamus,
1483 1918 1786 1956 demonstremus

385 1982 456 2020 effe
475 1981 694 2020 honestum.
741 1984 800 2020 Ac
821 1983 866 2020 de
885 1982 1172 2034 reprehensione
1192 1982 1274 2021 haec
1302 1983 1461 2035 quidem
1483 1984 1785 2022 existimavimus

385 2047 456 2086 effe
478 2048 649 2086 dicenda.
684 2048 877 2100 Deinceps
899 2061 1003 2086 nunc
1023 2048 1070 2085 de
1089 2048 1334 2086 conclusione
1353 2061 1558 2100 ponemus.

441 2115 700 2166 Hermagoras
721 2114 990 2166 digreffionem
1022 2113 1173 2157 deinde,
1197 2123 1282 2151 tum
1304 2113 1534 2166 postremam
1566 2114 1784 2152 concluslo-

382 2193 486 2224 nem,
519 2181 643 2231 ponit.
695 2181 739 2217 In
762 2179 832 2217 hac
853 2190 981 2217 autem
999 2179 1222 2232 digreffione
1250 2179 1315 2216 ille
1336 2189 1443 2231 putat
1464 2188 1638 2232 oportere
1660 2193 1783 2231 quan-

386 2245 475 2284 dam
496 2244 627 2283 inferri
644 2246 870 2289 orationem,
893 2258 913 2282 a
933 2244 1041 2282 causa
1055 2254 1169 2296 atque
1189 2258 1209 2282 a
1223 2244 1462 2296 judicatione
1484 2245 1561 2297 ipsa
1578 2255 1781 2291 remotam,

386 2324 470 2363 quae
491 2319 555 2347 aut
576 2310 632 2348 sui
653 2310 819 2355 laudem,
837 2318 901 2347 aut
924 2309 1120 2347 adversarii
1140 2310 1461 2362 vituperationem
1482 2311 1690 2355 contineat,
1720 2321 1784 2350 aut

386 2378 426 2415 in
448 2377 561 2414 aliam
583 2376 731 2414 causam
754 2377 915 2414 deducat
933 2395 944 2421 5
977 2390 1022 2413 ex
1047 2390 1122 2428 qua
1142 2376 1321 2414 conficiat
1352 2376 1498 2428 aliquid
1519 2377 1782 2415 confirmatio-

387 2444 445 2481 nis
480 2453 543 2481 aut
585 2442 898 2496 reprehenfioniS,
944 2456 1020 2479 non
1056 2443 1374 2495 argumentando,
1417 2443 1478 2480 scd
1513 2445 1686 2496 augendo
1718 2459 1784 2497 per

386 2509 579 2561 quandam
598 2508 954 2561 amplificationem.
988 2509 1102 2546 Hanc
1123 2508 1148 2545 fi
1166 2509 1251 2560 quis
1268 2518 1412 2560 partem
1428 2510 1569 2561 putarit
1586 2511 1781 2555 orationis,

388 2576 561 2629 sequatur
600 2576 884 2628 Hermagoran]
923 2574 1070 2615 licebit.
1132 2575 1238 2614 Nam
1272 2584 1310 2613 et
1339 2575 1503 2628 augendi
1533 2585 1571 2615 ct
1604 2576 1782 2616 laudandi
