2176 2912
460 239 538 284 242
817 232 934 271 DE
1011 229 1515 271 ORATORE

457 325 529 363 effe
560 325 656 363 tanti
686 325 764 363 ulla
797 325 947 371 merita,
979 334 1123 378 quanta
1156 324 1357 366 insolentia
1378 325 1566 372 hominis,
1596 333 1865 380 quantumque

457 391 669 431 fastidium.
715 392 778 430 Ad
798 392 1008 433 sedandum
1025 401 1168 438 autem,
1190 406 1333 447 magno
1352 389 1419 432 illa
1443 393 1587 438 labore,
1618 393 1769 446 magnis
1792 406 1864 447 pe-

458 459 604 503 riculis,
636 459 707 496 effe
726 468 845 512 parta,
868 474 937 499 nec
957 459 1003 498 ad
1023 459 1136 498 suum
1155 462 1426 506 commodum,
1448 460 1511 499 sed
1525 460 1573 498 ad
1592 460 1772 506 aliorum,
1792 459 1865 500 effe

458 525 597 563 collata
613 543 624 569 ς
667 524 830 577 seseque,
863 526 889 564 fi
922 539 1041 578 quam
1075 526 1239 579 gloriam
1270 526 1452 580 peperiffe
1483 526 1669 572 videatur,
1714 527 1881 566 tametfir

457 604 501 629 ea
531 605 609 629 non
641 591 686 629 fit
718 591 852 644 iniqua
873 605 1019 630 merces
1050 593 1226 645 periculi,
1256 602 1387 632 tamen
1417 593 1460 631 ea
1479 606 1558 632 non
1577 593 1768 639 delectari,
1799 602 1863 633 to-

458 667 615 710 tamque
636 657 798 709 abjicere
828 667 942 710 atque
967 658 1180 710 deponere:
1212 659 1454 711 omninoque
1487 658 1767 710 perficiendum
1795 654 1863 705 est,

460 724 664 775 (quoniam
694 722 868 775 plerique
901 723 988 761 sunt
1018 722 1156 769 invidi,
1186 724 1433 777 maximeque
1461 723 1515 762 est
1547 722 1623 766 hoc
1653 733 1866 763 commune

456 789 598 827 vitium
620 797 658 826 et
677 798 933 841 perpetuum:
965 789 1159 827 invidetur
1177 798 1308 829 autem
1329 790 1519 844 praestanti
1538 789 1767 843 florentique
1778 789 1865 830 for·-

456 856 579 908 tunae)
599 864 651 904 ‘ut
666 854 749 893 haec
769 856 903 908 opinio
920 856 1132 901 minuatur,
1149 866 1187 895 et
1206 857 1273 895 illa
1291 857 1484 896 excellens
1504 857 1689 911 opinione
1707 856 1867 898 ‘fortuna

456 933 551 959 cum
571 921 767 959 laboribus
787 930 825 959 et
845 921 1007 960 miseriis
1027 922 1206 975 permista
1223 922 1294 961 effe
1314 923 1499 962 videatur.

511 988 602 1038 Jam
637 987 895 1026 miser1cordia
928 997 1119 1034 movetur,
1165 989 1192 1028 fi
1223 989 1269 1035 is,
1300 989 1369 1042 qui
1402 990 1522 1035 audit,
1553 988 1692 1028 adduci
1725 988 1863 1043 potest,

456 1062 501 1092 ut
521 1053 600 1099 illa,
632 1068 717 1107 quae
743 1054 790 1093 de
820 1055 937 1094 altero
957 1055 1217 1109 deplorentur,
1248 1056 1295 1094 ad
1314 1056 1396 1095 suas
1416 1069 1474 1094 res
1495 1063 1660 1101 revocet,
1685 1065 1780 1108 quas
1799 1062 1866 1095 aut

455 1119 590 1158 tulerit
610 1120 776 1166 acerbas,
797 1130 863 1159 aut
884 1121 1041 1166 timeat,
1064 1130 1130 1159 aut
1148 1122 1303 1160 intuens
1321 1121 1459 1166 alium,
1479 1121 1614 1159 crebro
1633 1121 1681 1159 ad
1700 1120 1865 1174 seipsum

456 1195 677 1224 revertatur.
710 1187 768 1225 Ita
783 1200 875 1226 cum
890 1188 1029 1241 singuli
1046 1187 1150 1226 casus
1167 1186 1428 1227 humanarum
1444 1187 1685 1226 miseriarum
1700 1187 1866 1241 graviter

457 1253 713 1305 accipiuntur,
747 1253 773 1291 fi
795 1254 978 1292 dicuntur
998 1254 1184 1300 dolenter,
1214 1263 1303 1293 tum
1336 1254 1477 1293 afflicta
1495 1263 1534 1293 et
1563 1254 1726 1307 postrata
1743 1254 1866 1293 vir-tus

457 1319 628 1356 maxime
648 1318 819 1358 luctuosa
838 1320 914 1365 est,
946 1330 996 1365 et,
1029 1330 1072 1359 ut
1097 1321 1163 1358 illa
1182 1321 1297 1359 altera
1316 1334 1400 1374 pars
1429 1321 1628 1366 orationis,
1657 1327 1744 1373 qu‘ae
1770 1326 1864 1373 p'ro-

456 1384 586 1422 bitatis
607 1385 947 1425 commendatione
982 1386 1075 1425 boni
1102 1387 1173 1425 viri
1196 1387 1310 1425 debet
1330 1387 1494 1440 speciem
1528 1387 1642 1432 tueri,
1668 1386 1769 1424 lenis
1802 1387 1864 1437 (nt

457 1450 552 1502 saepe
566 1450 649 1502 jam
670 1451 768 1503 dixi)
801 1460 914 1504 atque
935 1452 1127 1491 summissa
1142 1471 1154 1498 3
1187 1453 1236 1492 fic
1256 1452 1352 1499 haec,
1380 1468 1466 1506 quae
1489 1453 1690 1505 suscipitur
1710 1453 1756 1490 ab
1771 1459 1862 1490 ora*-

456 1525 539 1553 tore
558 1517 604 1553 ad
625 1518 923 1555 commutandos
943 1519 1093 1556 animos
1114 1529 1227 1570 atque
1253 1520 1363 1558 omni
1384 1521 1528 1558 ratione
1547 1519 1767 1565 flectendos,
1798 1519 1861 1557 in·
1911 1562 1916 1567 ³

456 1590 561 1619 tenta
581 1594 622 1619 ac
642 1581 847 1621 vehemens
867 1583 939 1621 effe
959 1584 1086 1623 debet.

508 1648 624 1686 LIII.
657 1647 730 1686 Sed
743 1648 802 1686 vest
821 1649 997 1701 quaedain
1014 1650 1052 1688 in
1074 1649 1134 1688 his
1155 1650 1306 1689 duobus
1326 1651 1545 1704 generibus,
1568 1659 1740 1703 quorum
1762 1651 1862 1689 alte-

457 1722 546 1751 rum
562 1713 661 1758 lene,
679 1713 841 1752 alterum
855 1714 1060 1753 vehemens
1078 1715 1148 1754 effe
1164 1716 1358 1762 volumus,
1372 1717 1543 1755 difficilis
1559 1717 1605 1755 ad
1621 1717 1862 1770 distinguen-

460 1779 556 1816 dum
577 1778 802 1817 fimilitudo.
854 1781 960 1818 Nam
980 1794 1026 1818 ex
1047 1782 1112 1819 illa
1132 1782 1303 1827 lenitate,
1334 1796 1410 1834 qua
1429 1782 1683 1821 conciliamur
1702 1783 1763 1828 iis,
1794 1782 1863 1835 qui

457 1843 634 1889 audiunt,
663 1844 708 1882 ad
724 1843 823 1882 hanc
853 1846 934 1883 vim
955 1848 1194 1892 acerrimam,
1217 1862 1291 1900 qua
1304 1848 1455 1887 eosdem
1475 1848 1863 1893 excitamussinfluat

456 1919 608 1963 oportet
629 1910 776 1962 aliquid
791 1929 803 1956 3
835 1922 872 1949 et
899 1925 946 1950 ex
960 1908 1038 1950 'hac
1058 1914 1095 1951 vi
1117 1927 1399 1966 nonnunquam
1418 1915 1539 1953 animi
1557 1915 1705 1967 aliquid
1724 1914 1861 1953 inf-un-

457 1977 631 2014 dendum
650 1977 703 2014 est
722 1977 780 2015 illi
801 1977 948 2017 lenitati
967 1994 975 2017 :
1009 1992 1132 2032 neque
1152 1981 1204 2018 est
1226 1980 1304 2018 ulla
1323 1981 1722 2033 temperatior‘oratio,
1737 1986 1862 2032 quam

456 2043 537 2088 illa,
569 2044 606 2081 in
629 2056 704 2095 qua
723 2043 896 2096 asperitas
917 2047 1173 2084 contentionis
1194 2047 1351 2084 oratoris
1371 2047 1380 2083 i
1386 2047 1484 2098 psius
1505 2045 1746 2085 humanitate
1763 2052 1861 2085 con—

458 2109 586 2154 ditur,
619 2109 784 2148 rerniffio
815 2121 943 2149 autem
965 2112 1131 2149 lenitatis
1163 2112 1535 2165 quadamwgravitate
1555 2123 1592 2151 et
1611 2114 1862 2151 contentione

457 2175 647 2215 firmatur.

514 2242 560 2281 In
595 2251 760 2296 utroque
790 2253 918 2282 autem
938 2257 1073 2297 genere
1094 2246 1259 2291 d1cendi‚
1291 2244 1327 2284 et
1362 2246 1444 2292 illo,
1476 2246 1516 2284 in
1552 2261 1630 2300 quo
1659 2248 1715 2285 vis
1747 2250 1862 2300 :itque

457 2309 658 2347 contentio
677 2310 873 2362 quaeritur,
904 2320 942 2349 et
962 2311 1051 2357 hoc,
1087 2312 1192 2364 quod
1213 2312 1258 2350 ad
1293 2313 1412 2351 vitam
1432 2323 1468 2350 et
1489 2327 1614 2351 mores
1634 2326 1860 2352 accommo-

459 2375 584 2419 datur,
615 2384 654 2413 et
684 2375 873 2429 principia
903 2377 1006 2415 tarda
1027 2377 1126 2423 sunt,
1154 2387 1192 2415 et
1212 2379 1336 2417 exitus
1357 2388 1487 2417 tamen
1508 2378 1605 2432 spiffi
1626 2389 1664 2418 et
1682 2379 1861 2432 producti

457 2440 527 2478 esse
540 2440 693 2479 debent.
726 2443 832 2480 Nam
849 2456 973 2496 neque
988 2444 1228 2483 affiliendum
1244 2445 1371 2483 statim
1387 2446 1439 2483 est
1459 2446 1504 2484 ad
1524 2446 1622 2484 illud
1637 2459 1758 2499 genus
1773 2458 1859 2483 ora-

457 2508 588 2552 tionis,
623 2509 742 2560 (abest
772 2510 876 2548 enim
913 2521 1041 2549 totum
1072 2525 1092 2549 a
1111 2512 1233 2557 causa,
1264 2521 1300 2550 et
1321 2511 1500 2550 homines
1530 2513 1635 2566 prius
1656 2512 1781 2566 ipsum
1808 2511 1860 2549 il-

457 2573 537 2619 lud,
569 2575 674 2628 quod
693 2577 893 2631 proprium
915 2577 981 2636 sui¹
995 2577 1136 2631 judicii
1156 2578 1222 2625 est,
1254 2578 1382 2617 audire
1402 2578 1629 2633 desiderant)
1661 2591 1745 2626 nee,
1767 2591 1859 2616 cum
