2176 2912
493 182 817 223 LIBER
893 182 1484 226 SECUNDUS.
1645 190 1696 244 85

287 277 494 329 indignum
515 275 851 320 demonstrabitur,
884 288 977 314 cum
997 277 1149 315 animus
1171 277 1279 316 omni
1302 278 1342 316 in
1362 278 1440 316 vita
1459 278 1577 319 fuerit
1593 296 1613 320 a
1632 283 1692 321 vi-

285 344 349 381 tiis
380 341 668 386 remotiffimus,
697 355 782 379 earn
803 341 954 380 causam
974 351 1122 395 putare,
1159 357 1244 395 quae
1270 342 1451 382 homines
1473 347 1630 386 audaces
1652 350 1693 386 in

284 408 458 446 fraudem
478 421 606 461 rapere
627 407 756 453 soleat,
785 407 1035 447 castiffimum
1055 422 1213 461 quoque
1233 408 1441 448 hominem
1461 412 1507 449 ad
1526 427 1692 465 peccan-

284 474 380 512 dum
399 473 562 526 potuiffe
581 473 805 527 impellere:
833 483 899 512 aut
916 474 1099 526 iniquum
1119 475 1190 513 effe
1210 484 1248 513 et
1268 475 1421 528 optimo
1440 478 1583 530 cuique
1603 494 1692 532 per-

281 539 589 584 niciofiffimum,
622 553 701 578 non
732 540 853 578 vitam
883 539 1041 578 honeste
1061 543 1184 579 aetam
1218 541 1284 579 tali
1304 542 1345 579 in
1367 551 1542 595 tempore
1570 558 1689 597 quam

282 606 500 659 plurimum
530 606 713 660 prodeffe,
757 607 820 644 sed
851 607 977 645 subita
1006 620 1053 646 ex
1085 608 1371 654 criminatione,
1403 623 1488 661 quae
1520 611 1693 664 confingi

281 672 394 711 facile
413 674 539 726 possit,
562 688 640 712 non
661 687 708 711 ex
728 682 815 712 ante
835 675 915 712 acta
940 675 1031 719 vita,
1060 689 1144 727 quae
1165 689 1290 728 neque
1314 676 1361 713 ad
1392 685 1546 730 tempus
1577 678 1688 732 fingi,

282 753 406 791 neque
428 740 508 778 ullo
529 740 648 778 modo
668 740 870 778 immutari
889 740 1015 793 possit,
1038 740 1161 779 facere
1175 742 1387 794 judicium.

338 807 403 845 Sin
424 816 554 845 autem
574 808 615 844 in
636 815 723 844 ante
738 809 819 844 aeta
838 808 916 844 vita
931 807 1068 860 aliquae
1089 809 1347 860 turpitudines
1368 819 1494 855 erunt,
1510 821 1575 850 aut
1595 811 1690 850 falso

280 873 418 911 veniffe
439 874 478 911 in
495 887 580 911 eam
599 873 926 912 existimationem
947 874 1110 919 dicetur,
1135 885 1200 913 aut
1219 889 1266 914 ex
1287 876 1508 928 aliquorum
1529 879 1687 925 invidia,

280 947 345 976 aut
360 939 650 983 obtrectatione,
665 948 731 977 aut
750 938 1043 992 falsa‘opinione
1061 955 1070 978 ι
1093 949 1158 978 aut
1179 941 1464 994 imprudentiae,
1481 944 1686 983 neceffitu-

278 1003 374 1049 dini,
396 1014 461 1042 aut
480 1004 723 1057 persuasioni,
744 1005 1104 1051 adolescentiae,.aut
1121 1006 1238 1044 alicui
1258 1020 1335 1044 non
1350 1008 1546 1047 malitiosae
1566 1011 1688 1049 animi

277 1069 471 1109 affectioni
490 1072 763 1116 attribuentur,
786 1081 851 1110 aut
864 1072 1035 1110 diffimili
1051 1074 1091 1110 in
1105 1086 1243 1125 genere
1256 1074 1456 1120 vitiorum,
1473 1085 1515 1113 ut
1531 1077 1684 1116 animus

278 1149 357 1173 non
377 1137 540 1174 omnino
560 1138 722 1189 integer,
752 1137 814 1175 sed
834 1151 854 1174 a
874 1138 942 1176 tali
961 1139 1076 1191 culpa
1095 1148 1267 1177 remotus
1287 1139 1372 1185 effe,
1394 1140 1580 1180 videatur.
1623 1145 1684 1181 Ac

279 1201 303 1239 si
330 1202 440 1240 nullo
461 1202 579 1240 modo
598 1203 685 1240 vitae
706 1204 907 1256 turpitudo
927 1214 992 1243 aut
1012 1204 1173 1244 infamia
1192 1206 1304 1244 leniri
1325 1207 1466 1259 poterit
1498 1209 1684 1256 oratione,

279 1282 415 1321 negare
435 1269 629 1322 oportebit
649 1269 695 1307 de
715 1269 792 1306 vita
812 1270 893 1321 ejus
909 1279 947 1308 et
967 1272 1141 1309 moribus
1156 1273 1288 1323 quaeri,
1304 1273 1366 1310 sed
1383 1273 1428 1311 de
1445 1287 1489 1312 eo
1502 1275 1681 1321 crimine,

277 1348 356 1386 quo
375 1335 422 1372 de
442 1344 620 1388 arguatur
639 1350 647 1373 :
680 1348 810 1387 quare,
846 1345 932 1374 ante
951 1335 1060 1375 factis
1081 1337 1240 1383 omfflis,
1277 1338 1389 1383 illud,
1428 1341 1533 1391 quod
1553 1341 1681 1387 instet,

276 1400 337 1453 agi
357 1410 545 1454 oportere.

328 1467 422 1506 XII.
444 1468 505 1505 Ex
524 1466 626 1505 facto
645 1476 775 1505 autem
796 1468 876 1520 ipso
896 1468 1127 1521 suspiciones
1148 1469 1351 1514 ducentur,
1366 1470 1392 1508 fi
1412 1472 1530 1509 totius
1551 1473 1680 1511 admi-

275 1533 446 1572 nistratio
476 1534 623 1587 negotii
657 1547 704 1572 ex
723 1535 907 1573 omnibus
939 1535 1110 1587 partibus
1141 1536 1422 1589 pertentabitur
1439 1552 1449 1575 z
1482 1547 1595 1590 atque
1621 1538 1680 1578 hae

274 1599 503 1652 suspiciones
524 1601 666 1654 partim
697 1614 743 1639 ex
764 1602 921 1654 negotio
941 1601 1155 1654 separatim,
1186 1603 1328 1656 partim
1349 1605 1613 1643 communiter
1633 1619 1680 1645 ex

274 1665 443 1718 personis
463 1675 578 1719 atque
598 1680 646 1705 ex
665 1668 836 1720 negotio,
857 1667 1161 1720 proficiscentur.

328 1732 389 1770 Ex
405 1733 562 1785 negotio
578 1733 668 1771 duci
680 1743 877 1786 poterunt,
895 1734 920 1771 fi
934 1747 993 1772 eas
1007 1748 1078 1779 res,
1094 1749 1178 1787 quae
1191 1735 1356 1788 negotiis
1370 1736 1563 1774 attributae
1576 1737 1677 1784 sunt,

273 1796 476 1850 diligenter
495 1799 834 1838 confiderabimus.
867 1801 929 1838 Ex
950 1801 996 1838 iis
1017 1801 1137 1852 igitur
1168 1802 1208 1839 in
1228 1800 1328 1839 hanc
1359 1802 1678 1843 constitutionem

272 1865 476 1902 convenire
495 1864 673 1902 videntur
703 1878 841 1918 genera
859 1878 994 1903 eorum
1014 1867 1160 1911 omnia,
1191 1878 1314 1920 partes
1335 1882 1521 1921 generum
1541 1870 1676 1922 plerae-

270 1942 358 1980 que.
382 1929 523 1967 Videre
543 1930 664 1982 igitur
683 1930 859 1983 primum
879 1931 1089 1983 oportebit,
1112 1945 1197 1983 quae
1218 1933 1305 1970 sunt
1325 1934 1563 1972 continentia
1579 1949 1673 1974 curn

271 1993 353 2046 ipso
368 1995 540 2047 negotio,
555 1993 630 2032 hoc
647 1995 713 2040 est,
732 2009 816 2048 quae
837 1996 883 2034 ab
900 2009 938 2033 re
952 1996 1110 2048 separari
1126 2010 1204 2035 non
1221 1997 1387 2050 possunt.
1421 1999 1513 2051 Qo
1530 2000 1569 2037 in
1587 2000 1676 2039 loco

271 2059 355 2098 satis
376 2061 447 2098 erit
468 2060 673 2114 diligenter
692 2061 938 2106 confiderare,
962 2062 1056 2114 quid
1072 2062 1117 2100 fit
1137 2072 1226 2100 ante
1244 2077 1326 2101 rem
1342 2062 1503 2109 faenum,
1527 2078 1573 2103 ex
1595 2080 1675 2118 quo

269 2125 349 2178 spes
370 2126 593 2178 perficiendi
614 2136 712 2172 nata,
735 2137 773 2165 et
793 2127 958 2166 faciendi
975 2127 1136 2166 facultas
1157 2129 1324 2181 quaeffla,
1346 2130 1544 2176 videatur5
1578 2133 1673 2184 quid

267 2192 307 2229 in
328 2192 406 2244 ipsa
426 2206 464 2230 re
484 2193 647 2245 gerenda
654 2212 666 2237 ;
688 2193 784 2245 quid
804 2194 930 2246 postea
949 2194 1201 2233 consecutum
1222 2195 1280 2233 fit.
1313 2196 1466 2234 Deinde
1486 2197 1600 2249 ipfius
1620 2198 1672 2236 est

266 2258 412 2309 negotii
441 2258 559 2310 gestio
593 2259 880 2311 pertractanda:
912 2273 1001 2297 nam
1023 2259 1098 2298 hoc
1118 2275 1238 2313 genus
1258 2275 1389 2299 earum
1410 2276 1554 2308 rerum,
1586 2278 1671 2315 quae

268 2324 424 2375 negotio
445 2325 638 2363 attributae
658 2325 758 2370 sunt,
773 2325 939 2362 secundo
955 2326 996 2363 in
1012 2326 1099 2364 loco
1118 2327 1230 2365 nobis
1247 2327 1299 2365 est
1314 2328 1546 2380 expositum.
1578 2330 1670 2368 Hoc

265 2401 355 2440 ergo
376 2390 416 2426 in
435 2403 571 2442 genere
592 2390 823 2443 spectabitur
843 2391 964 2436 locus,
980 2400 1148 2444 tempus,
1171 2393 1328 2438 occafio,
1351 2393 1535 2438 faculta83
1569 2408 1668 2446 quo-

267 2468 354 2492 rum
376 2456 672 2508 uniuscujusque
691 2458 747 2494 vis
769 2457 974 2510 diligenter
993 2459 1032 2495 in
1054 2459 1359 2497 confirmationis
1378 2461 1576 2513 praeceptis
1597 2474 1665 2498 ex—

265 2519 405 2571 plicata
424 2520 490 2559 est.
551 2523 693 2575 Qare,
725 2536 773 2561 ne
802 2532 867 2562 aut
887 2522 952 2562 hic
984 2537 1062 2563 non
1089 2525 1338 2570 admonuiffe,
1370 2534 1435 2563 aut
1464 2539 1511 2563 ne
1531 2525 1663 2563 eadem
