<?xml version="1.0" encoding="UTF-8"?>
<!DOCTYPE html PUBLIC "-//W3C//DTD XHTML 1.0 Transitional//EN"
    "http://www.w3.org/TR/xhtml1/DTD/xhtml1-transitional.dtd">
<html xmlns="http://www.w3.org/1999/xhtml" xml:lang="en" lang="en">
 <head>
  <title>
</title>
<meta http-equiv="Content-Type" content="text/html;charset=utf-8" />
  <meta name='ocr-system' content='tesseract 3.04.00' />
  <meta name='ocr-capabilities' content='ocr_page ocr_carea ocr_par ocr_line ocrx_word'/>
</head>
<body>
  <div class='ocr_page' id='page_1' title='image "./operacumindicibu01ciceuoft_0298.png"; bbox 0 0 2176 2912; ppageno 0'>
   <div class='ocr_carea' id='block_1_1' title="bbox 444 202 1495 251">
    <p class='ocr_par' dir='ltr' id='par_1_1' title="bbox 444 202 1495 251">
     <span class='ocr_line' id='line_1_1' title="bbox 444 202 1495 251; baseline -0.01 0"><span class='ocrx_word' id='word_1_1' title='bbox 444 210 519 251; x_wconf 82' lang='lat'>288</span> <span class='ocrx_word' id='word_1_2' title='bbox 798 207 913 247; x_wconf 93' lang='lat' dir='ltr'>DE</span> <span class='ocrx_word' id='word_1_3' title='bbox 990 202 1495 245; x_wconf 90' lang='lat' dir='ltr'><strong>ORATORE</strong></span> 
     </span>
    </p>
   </div>
   <div class='ocr_carea' id='block_1_2' title="bbox 442 293 1862 2595">
    <p class='ocr_par' dir='ltr' id='par_1_2' title="bbox 442 293 1845 605">
     <span class='ocr_line' id='line_1_2' title="bbox 442 293 1842 353; baseline -0.008 -11"><span class='ocrx_word' id='word_1_4' title='bbox 442 302 720 346; x_wconf 82' lang='lat' dir='ltr'>mediocritate,</span> <span class='ocrx_word' id='word_1_5' title='bbox 741 309 779 339; x_wconf 89' lang='lat' dir='ltr'>et</span> <span class='ocrx_word' id='word_1_6' title='bbox 798 314 844 340; x_wconf 89' lang='lat' dir='ltr'>ex</span> <span class='ocrx_word' id='word_1_7' title='bbox 864 314 923 345; x_wconf 89' lang='lat' dir='ltr'>eo,</span> <span class='ocrx_word' id='word_1_8' title='bbox 946 299 1064 353; x_wconf 89' lang='lat' dir='ltr'>quod,</span> <span class='ocrx_word' id='word_1_9' title='bbox 1096 299 1236 352; x_wconf 86' lang='lat' dir='ltr'>quibus</span> <span class='ocrx_word' id='word_1_10' title='bbox 1257 297 1422 350; x_wconf 84' lang='lat' dir='ltr'>vestigiis</span> <span class='ocrx_word' id='word_1_11' title='bbox 1452 295 1625 349; x_wconf 88' lang='lat' dir='ltr'>primum</span> <span class='ocrx_word' id='word_1_12' title='bbox 1643 293 1778 340; x_wconf 84' lang='lat' dir='ltr'>institi,</span> <span class='ocrx_word' id='word_1_13' title='bbox 1800 294 1842 333; x_wconf 88' lang='lat' dir='ltr'>in</span> 
     </span>
     <span class='ocr_line' id='line_1_3' title="bbox 445 360 1840 421; baseline -0.007 -14"><span class='ocrx_word' id='word_1_14' title='bbox 445 370 491 408; x_wconf 89' lang='lat' dir='ltr'>iis</span> <span class='ocrx_word' id='word_1_15' title='bbox 512 368 590 407; x_wconf 90' lang='lat' dir='ltr'>fere</span> <span class='ocrx_word' id='word_1_16' title='bbox 621 368 720 406; x_wconf 90' lang='lat' dir='ltr'>soleo</span> <span class='ocrx_word' id='word_1_17' title='bbox 740 380 938 421; x_wconf 74' lang='lat' dir='ltr'>perorare,</span> <span class='ocrx_word' id='word_1_18' title='bbox 969 375 1007 403; x_wconf 92' lang='lat' dir='ltr'>et</span> <span class='ocrx_word' id='word_1_19' title='bbox 1040 365 1145 417; x_wconf 88' lang='lat' dir='ltr'>quod</span> <span class='ocrx_word' id='word_1_20' title='bbox 1179 365 1374 417; x_wconf 88' lang='lat' dir='ltr'>aliquanto</span> <span class='ocrx_word' id='word_1_21' title='bbox 1395 376 1457 400; x_wconf 90' lang='lat' dir='ltr'>me</span> <span class='ocrx_word' id='word_1_22' title='bbox 1489 362 1609 414; x_wconf 90' lang='lat' dir='ltr'>major</span> <span class='ocrx_word' id='word_1_23' title='bbox 1640 361 1680 398; x_wconf 89' lang='lat' dir='ltr'>in</span> <span class='ocrx_word' id='word_1_24' title='bbox 1699 360 1840 405; x_wconf 86' lang='lat' dir='ltr'>verbis,</span> 
     </span>
     <span class='ocr_line' id='line_1_4' title="bbox 444 431 1842 488; baseline -0.007 -15"><span class='ocrx_word' id='word_1_25' title='bbox 444 448 562 488; x_wconf 89' lang='lat' dir='ltr'>quam</span> <span class='ocrx_word' id='word_1_26' title='bbox 583 435 623 472; x_wconf 91' lang='lat' dir='ltr'>in</span> <span class='ocrx_word' id='word_1_27' title='bbox 643 434 836 472; x_wconf 88' lang='lat' dir='ltr'>sententiis</span> <span class='ocrx_word' id='word_1_28' title='bbox 857 432 1054 484; x_wconf 85' lang='lat' dir='ltr'>eligendis,</span> <span class='ocrx_word' id='word_1_29' title='bbox 1072 431 1178 469; x_wconf 88' lang='lat' dir='ltr'>labor</span> <span class='ocrx_word' id='word_1_30' title='bbox 1197 440 1235 468; x_wconf 92' lang='lat' dir='ltr'>et</span> <span class='ocrx_word' id='word_1_31' title='bbox 1254 443 1344 468; x_wconf 91' lang='lat' dir='ltr'>cura</span> <span class='ocrx_word' id='word_1_32' title='bbox 1363 436 1529 481; x_wconf 86' lang='lat' dir='ltr'>torquet,</span> <span class='ocrx_word' id='word_1_33' title='bbox 1549 435 1757 471; x_wconf 87' lang='lat' dir='ltr'>verentem,</span> <span class='ocrx_word' id='word_1_34' title='bbox 1780 439 1842 470; x_wconf 88' lang='lat' dir='ltr'>ne,</span> 
     </span>
     <span class='ocr_line' id='line_1_5' title="bbox 445 491 1845 553; baseline -0.006 -14"><span class='ocrx_word' id='word_1_35' title='bbox 445 501 472 539; x_wconf 87' lang='lat' dir='ltr'>si</span> <span class='ocrx_word' id='word_1_36' title='bbox 493 500 607 553; x_wconf 87' lang='lat' dir='ltr'>paulo</span> <span class='ocrx_word' id='word_1_37' title='bbox 626 499 830 538; x_wconf 84' lang='lat' dir='ltr'>obsoletior</span> <span class='ocrx_word' id='word_1_38' title='bbox 849 497 966 536; x_wconf 90' lang='lat' dir='ltr'>fuerit</span> <span class='ocrx_word' id='word_1_39' title='bbox 985 497 1119 542; x_wconf 90' lang='lat' dir='ltr'>oratio,</span> <span class='ocrx_word' id='word_1_40' title='bbox 1137 509 1215 534; x_wconf 90' lang='lat' dir='ltr'>non</span> <span class='ocrx_word' id='word_1_41' title='bbox 1233 496 1349 548; x_wconf 86' lang='lat' dir='ltr'>digna</span> <span class='ocrx_word' id='word_1_42' title='bbox 1363 494 1624 547; x_wconf 66' lang='lat' dir='ltr'>expectatione</span> <span class='ocrx_word' id='word_1_43' title='bbox 1642 502 1680 531; x_wconf 90' lang='lat' dir='ltr'>et</span> <span class='ocrx_word' id='word_1_44' title='bbox 1695 491 1845 531; x_wconf 85' lang='lat' dir='ltr'>silentio</span> 
     </span>
     <span class='ocr_line' id='line_1_6' title="bbox 445 565 759 605; baseline -0.006 -1"><span class='ocrx_word' id='word_1_45' title='bbox 445 565 555 605; x_wconf 84' lang='lat' dir='ltr'>fuiffe</span> <span class='ocrx_word' id='word_1_46' title='bbox 574 566 759 604; x_wconf 89' lang='lat' dir='ltr'>videatur.</span> 
     </span>
    </p>

    <p class='ocr_par' dir='ltr' id='par_1_3' title="bbox 447 624 1859 2134">
     <span class='ocr_line' id='line_1_7' title="bbox 503 624 1847 683; baseline -0.007 -13"><span class='ocrx_word' id='word_1_47' title='bbox 503 632 622 683; x_wconf 86' lang='lat' dir='ltr'>Qod</span> <span class='ocrx_word' id='word_1_48' title='bbox 653 631 679 669; x_wconf 88' lang='lat' dir='ltr'>fi</span> <span class='ocrx_word' id='word_1_49' title='bbox 710 631 751 668; x_wconf 90' lang='lat' dir='ltr'>in</span> <span class='ocrx_word' id='word_1_50' title='bbox 777 630 902 674; x_wconf 89' lang='lat' dir='ltr'>nobis,</span> <span class='ocrx_word' id='word_1_51' title='bbox 933 629 1001 681; x_wconf 91' lang='lat' dir='ltr'>qui</span> <span class='ocrx_word' id='word_1_52' title='bbox 1031 627 1224 670; x_wconf 83' lang='lat' dir='ltr'>adsumus,</span> <span class='ocrx_word' id='word_1_53' title='bbox 1255 634 1368 664; x_wconf 85' lang='lat' dir='ltr'>tantae</span> <span class='ocrx_word' id='word_1_54' title='bbox 1397 624 1736 668; x_wconf 81' lang='lat' dir='ltr'>dissimilitudines,</span> <span class='ocrx_word' id='word_1_55' title='bbox 1766 632 1847 661; x_wconf 88' lang='lat' dir='ltr'>tam</span> 
     </span>
     <span class='ocr_line' id='line_1_8' title="bbox 448 689 1846 748; baseline -0.008 -11"><span class='ocrx_word' id='word_1_56' title='bbox 448 707 559 737; x_wconf 83' lang='lat' dir='ltr'>certae</span> <span class='ocrx_word' id='word_1_57' title='bbox 579 710 635 735; x_wconf 87' lang='lat' dir='ltr'>res</span> <span class='ocrx_word' id='word_1_58' title='bbox 656 696 838 748; x_wconf 88' lang='lat' dir='ltr'>cujusque</span> <span class='ocrx_word' id='word_1_59' title='bbox 858 695 1033 748; x_wconf 86' lang='lat' dir='ltr'>propriae,</span> <span class='ocrx_word' id='word_1_60' title='bbox 1063 702 1103 731; x_wconf 89' lang='lat' dir='ltr'>et</span> <span class='ocrx_word' id='word_1_61' title='bbox 1121 693 1162 730; x_wconf 85' lang='lat' dir='ltr'>in</span> <span class='ocrx_word' id='word_1_62' title='bbox 1180 705 1222 730; x_wconf 89' lang='lat' dir='ltr'>ea</span> <span class='ocrx_word' id='word_1_63' title='bbox 1241 693 1418 730; x_wconf 87' lang='lat' dir='ltr'>varietate</span> <span class='ocrx_word' id='word_1_64' title='bbox 1437 690 1515 729; x_wconf 91' lang='lat' dir='ltr'>fere</span> <span class='ocrx_word' id='word_1_65' title='bbox 1535 690 1672 728; x_wconf 88' lang='lat' dir='ltr'>melius</span> <span class='ocrx_word' id='word_1_66' title='bbox 1693 704 1713 727; x_wconf 86' lang='lat' dir='ltr'>a</span> <span class='ocrx_word' id='word_1_67' title='bbox 1739 689 1846 726; x_wconf 91' lang='lat' dir='ltr'>dete-</span> 
     </span>
     <span class='ocr_line' id='line_1_9' title="bbox 448 757 1849 814; baseline -0.007 -12"><span class='ocrx_word' id='word_1_68' title='bbox 448 765 559 808; x_wconf 88' lang='lat' dir='ltr'>riore,</span> <span class='ocrx_word' id='word_1_69' title='bbox 590 762 771 801; x_wconf 82' lang='lat' dir='ltr'>facultate</span> <span class='ocrx_word' id='word_1_70' title='bbox 804 761 940 814; x_wconf 85' lang='lat' dir='ltr'>magis,</span> <span class='ocrx_word' id='word_1_71' title='bbox 977 773 1096 812; x_wconf 88' lang='lat' dir='ltr'>quam</span> <span class='ocrx_word' id='word_1_72' title='bbox 1124 772 1260 812; x_wconf 88' lang='lat' dir='ltr'>genere</span> <span class='ocrx_word' id='word_1_73' title='bbox 1293 757 1554 810; x_wconf 88' lang='lat' dir='ltr'>distinguitur,</span> <span class='ocrx_word' id='word_1_74' title='bbox 1584 765 1698 808; x_wconf 89' lang='lat' dir='ltr'>atque</span> <span class='ocrx_word' id='word_1_75' title='bbox 1731 766 1849 794; x_wconf 85' lang='lat' dir='ltr'>omne</span> 
     </span>
     <span class='ocr_line' id='line_1_10' title="bbox 448 820 1849 881; baseline -0.006 -13"><span class='ocrx_word' id='word_1_76' title='bbox 448 830 636 873; x_wconf 87' lang='lat' dir='ltr'>laudatur,</span> <span class='ocrx_word' id='word_1_77' title='bbox 668 827 773 881; x_wconf 90' lang='lat' dir='ltr'>quod</span> <span class='ocrx_word' id='word_1_78' title='bbox 799 828 840 866; x_wconf 90' lang='lat' dir='ltr'>in</span> <span class='ocrx_word' id='word_1_79' title='bbox 871 827 937 866; x_wconf 91' lang='lat' dir='ltr'>suo</span> <span class='ocrx_word' id='word_1_80' title='bbox 967 839 1103 880; x_wconf 87' lang='lat' dir='ltr'>genere</span> <span class='ocrx_word' id='word_1_81' title='bbox 1132 824 1346 878; x_wconf 62' lang='lat' dir='ltr'>perfed’tum</span> <span class='ocrx_word' id='word_1_82' title='bbox 1380 824 1432 862; x_wconf 89' lang='lat' dir='ltr'>est</span> <span class='ocrx_word' id='word_1_83' title='bbox 1448 842 1460 869; x_wconf 68' lang='grc' dir='ltr'><strong><em>ς</em></strong></span> <span class='ocrx_word' id='word_1_84' title='bbox 1496 823 1591 876; x_wconf 90' lang='lat' dir='ltr'>quid</span> <span class='ocrx_word' id='word_1_85' title='bbox 1617 822 1790 867; x_wconf 89' lang='lat' dir='ltr'>censetis,</span> <span class='ocrx_word' id='word_1_86' title='bbox 1820 820 1849 860; x_wconf 90' lang='lat' dir='ltr'>fi</span> 
     </span>
     <span class='ocr_line' id='line_1_11' title="bbox 447 887 1849 947; baseline -0.006 -13"><span class='ocrx_word' id='word_1_87' title='bbox 447 909 596 940; x_wconf 88' lang='lat' dir='ltr'>omnes,</span> <span class='ocrx_word' id='word_1_88' title='bbox 630 895 698 947; x_wconf 92' lang='lat' dir='ltr'>qui</span> <span class='ocrx_word' id='word_1_89' title='bbox 718 894 861 946; x_wconf 87' lang='lat' dir='ltr'>ubique</span> <span class='ocrx_word' id='word_1_90' title='bbox 882 893 982 938; x_wconf 88' lang='lat' dir='ltr'>sunt,</span> <span class='ocrx_word' id='word_1_91' title='bbox 1012 901 1078 930; x_wconf 90' lang='lat' dir='ltr'>aut</span> <span class='ocrx_word' id='word_1_92' title='bbox 1097 891 1254 930; x_wconf 91' lang='lat' dir='ltr'>fuerunt</span> <span class='ocrx_word' id='word_1_93' title='bbox 1273 899 1452 935; x_wconf 89' lang='lat' dir='ltr'>oratores,</span> <span class='ocrx_word' id='word_1_94' title='bbox 1483 889 1661 942; x_wconf 67' lang='lat' dir='ltr'>amplecti</span> <span class='ocrx_word' id='word_1_95' title='bbox 1680 887 1849 927; x_wconf 90' lang='lat' dir='ltr'>volueri-</span> 
     </span>
     <span class='ocr_line' id='line_1_12' title="bbox 451 954 1850 1011; baseline -0.006 -12"><span class='ocrx_word' id='word_1_96' title='bbox 451 963 572 1001; x_wconf 89' lang='lat' dir='ltr'>mus?</span> <span class='ocrx_word' id='word_1_97' title='bbox 605 974 752 998; x_wconf 86' lang='lat' dir='ltr'>numne</span> <span class='ocrx_word' id='word_1_98' title='bbox 772 959 865 1004; x_wconf 91' lang='lat' dir='ltr'>fore,</span> <span class='ocrx_word' id='word_1_99' title='bbox 896 968 954 1003; x_wconf 90' lang='lat' dir='ltr'>ut,</span> <span class='ocrx_word' id='word_1_100' title='bbox 984 967 1081 1011; x_wconf 89' lang='lat' dir='ltr'>quot</span> <span class='ocrx_word' id='word_1_101' title='bbox 1099 966 1277 1002; x_wconf 77' lang='lat' dir='ltr'>oratoreS,</span> <span class='ocrx_word' id='word_1_102' title='bbox 1308 955 1471 994; x_wconf 87' lang='lat' dir='ltr'>totidem</span> <span class='ocrx_word' id='word_1_103' title='bbox 1490 967 1586 1008; x_wconf 86' lang='lat' dir='ltr'>pene</span> <span class='ocrx_word' id='word_1_104' title='bbox 1616 954 1850 1007; x_wconf 85' lang='lat' dir='ltr'>reperiantur</span> 
     </span>
     <span class='ocr_line' id='line_1_13' title="bbox 452 1018 1850 1080; baseline -0.006 -15"><span class='ocrx_word' id='word_1_105' title='bbox 452 1040 589 1080; x_wconf 83' lang='lat' dir='ltr'>genera</span> <span class='ocrx_word' id='word_1_106' title='bbox 607 1025 786 1064; x_wconf 89' lang='lat' dir='ltr'>dicendi?</span> <span class='ocrx_word' id='word_1_107' title='bbox 815 1026 877 1063; x_wconf 91' lang='lat' dir='ltr'>Ex</span> <span class='ocrx_word' id='word_1_108' title='bbox 897 1038 972 1077; x_wconf 89' lang='lat' dir='ltr'>qua</span> <span class='ocrx_word' id='word_1_109' title='bbox 992 1037 1075 1062; x_wconf 89' lang='lat' dir='ltr'>mea</span> <span class='ocrx_word' id='word_1_110' title='bbox 1094 1023 1349 1076; x_wconf 89' lang='lat' dir='ltr'>disputatione</span> <span class='ocrx_word' id='word_1_111' title='bbox 1368 1020 1523 1059; x_wconf 77' lang='lat' dir='ltr'>forsitan</span> <span class='ocrx_word' id='word_1_112' title='bbox 1542 1029 1717 1059; x_wconf 85' lang='lat' dir='ltr'>occurrat</span> <span class='ocrx_word' id='word_1_113' title='bbox 1736 1018 1850 1064; x_wconf 91' lang='lat' dir='ltr'>illud,</span> 
     </span>
     <span class='ocr_line' id='line_1_14' title="bbox 452 1085 1853 1146; baseline -0.007 -14"><span class='ocrx_word' id='word_1_114' title='bbox 452 1095 479 1132; x_wconf 88' lang='lat' dir='ltr'>fi</span> <span class='ocrx_word' id='word_1_115' title='bbox 500 1107 595 1146; x_wconf 90' lang='lat' dir='ltr'>pene</span> <span class='ocrx_word' id='word_1_116' title='bbox 615 1092 914 1130; x_wconf 87' lang='lat' dir='ltr'>innumerabiles</span> <span class='ocrx_word' id='word_1_117' title='bbox 935 1091 1007 1129; x_wconf 86' lang='lat' dir='ltr'>slnt</span> <span class='ocrx_word' id='word_1_118' title='bbox 1033 1090 1135 1143; x_wconf 80' lang='lat' dir='ltr'>quasi</span> <span class='ocrx_word' id='word_1_119' title='bbox 1155 1088 1290 1128; x_wconf 86' lang='lat' dir='ltr'>formae</span> <span class='ocrx_word' id='word_1_120' title='bbox 1306 1089 1513 1142; x_wconf 89' lang='lat' dir='ltr'>figuraeque</span> <span class='ocrx_word' id='word_1_121' title='bbox 1530 1086 1698 1130; x_wconf 89' lang='lat' dir='ltr'>dicendi,</span> <span class='ocrx_word' id='word_1_122' title='bbox 1729 1085 1853 1138; x_wconf 85' lang='lat' dir='ltr'>specie</span> 
     </span>
     <span class='ocr_line' id='line_1_15' title="bbox 453 1151 1852 1213; baseline -0.007 -15"><span class='ocrx_word' id='word_1_123' title='bbox 453 1160 630 1213; x_wconf 84' lang='lat' dir='ltr'>dispares,</span> <span class='ocrx_word' id='word_1_124' title='bbox 645 1172 780 1212; x_wconf 89' lang='lat' dir='ltr'>genere</span> <span class='ocrx_word' id='word_1_125' title='bbox 799 1157 1022 1202; x_wconf 85' lang='lat' dir='ltr'>laudabiles,</span> <span class='ocrx_word' id='word_1_126' title='bbox 1053 1170 1130 1194; x_wconf 90' lang='lat' dir='ltr'>non</span> <span class='ocrx_word' id='word_1_127' title='bbox 1151 1155 1252 1209; x_wconf 85' lang='lat' dir='ltr'>poffe</span> <span class='ocrx_word' id='word_1_128' title='bbox 1271 1168 1327 1200; x_wconf 86' lang='lat' dir='ltr'>ea,</span> <span class='ocrx_word' id='word_1_129' title='bbox 1353 1167 1437 1206; x_wconf 84' lang='lat' dir='ltr'>quae</span> <span class='ocrx_word' id='word_1_130' title='bbox 1456 1154 1554 1191; x_wconf 87' lang='lat' dir='ltr'>inter</span> <span class='ocrx_word' id='word_1_131' title='bbox 1572 1152 1608 1191; x_wconf 92' lang='lat' dir='ltr'>se</span> <span class='ocrx_word' id='word_1_132' title='bbox 1627 1151 1852 1204; x_wconf 87' lang='lat' dir='ltr'>discrepant,</span> 
     </span>
     <span class='ocr_line' id='line_1_16' title="bbox 453 1216 1856 1277; baseline -0.006 -14"><span class='ocrx_word' id='word_1_133' title='bbox 453 1225 589 1263; x_wconf 89' lang='lat' dir='ltr'>iisdem</span> <span class='ocrx_word' id='word_1_134' title='bbox 608 1223 818 1277; x_wconf 85' lang='lat' dir='ltr'>praeceptis,</span> <span class='ocrx_word' id='word_1_135' title='bbox 849 1231 963 1274; x_wconf 86' lang='lat' dir='ltr'>atque</span> <span class='ocrx_word' id='word_1_136' title='bbox 997 1222 1038 1260; x_wconf 90' lang='lat' dir='ltr'>in</span> <span class='ocrx_word' id='word_1_137' title='bbox 1059 1235 1133 1259; x_wconf 90' lang='lat' dir='ltr'>una</span> <span class='ocrx_word' id='word_1_138' title='bbox 1151 1220 1389 1259; x_wconf 89' lang='lat' dir='ltr'>institutione</span> <span class='ocrx_word' id='word_1_139' title='bbox 1408 1217 1579 1258; x_wconf 88' lang='lat' dir='ltr'>formari.</span> <span class='ocrx_word' id='word_1_140' title='bbox 1638 1216 1757 1270; x_wconf 85' lang='lat' dir='ltr'>Qod</span> <span class='ocrx_word' id='word_1_141' title='bbox 1776 1229 1856 1255; x_wconf 89' lang='lat' dir='ltr'>non</span> 
     </span>
     <span class='ocr_line' id='line_1_17' title="bbox 454 1284 1853 1342; baseline -0.005 -14"><span class='ocrx_word' id='word_1_142' title='bbox 454 1291 507 1329; x_wconf 90' lang='lat' dir='ltr'>est</span> <span class='ocrx_word' id='word_1_143' title='bbox 537 1292 615 1334; x_wconf 78' lang='lat' dir='ltr'>ita3</span> <span class='ocrx_word' id='word_1_144' title='bbox 648 1288 1011 1342; x_wconf 72' lang='lat' dir='ltr'>diligentissimeque</span> <span class='ocrx_word' id='word_1_145' title='bbox 1030 1286 1106 1326; x_wconf 92' lang='lat' dir='ltr'>hoc</span> <span class='ocrx_word' id='word_1_146' title='bbox 1126 1287 1178 1325; x_wconf 90' lang='lat' dir='ltr'>est</span> <span class='ocrx_word' id='word_1_147' title='bbox 1198 1287 1265 1342; x_wconf 79' lang='lat' dir='ltr'>eis,</span> <span class='ocrx_word' id='word_1_148' title='bbox 1297 1286 1366 1339; x_wconf 87' lang='lat' dir='ltr'>qui</span> <span class='ocrx_word' id='word_1_149' title='bbox 1391 1285 1597 1324; x_wconf 88' lang='lat' dir='ltr'>instituunt</span> <span class='ocrx_word' id='word_1_150' title='bbox 1615 1284 1763 1336; x_wconf 90' lang='lat' dir='ltr'>aliquos</span> <span class='ocrx_word' id='word_1_151' title='bbox 1793 1291 1853 1321; x_wconf 86' lang='lat' dir='ltr'>at·</span> 
     </span>
     <span class='ocr_line' id='line_1_18' title="bbox 455 1347 1855 1409; baseline -0.006 -15"><span class='ocrx_word' id='word_1_152' title='bbox 455 1371 531 1409; x_wconf 89' lang='lat' dir='ltr'>que</span> <span class='ocrx_word' id='word_1_153' title='bbox 550 1356 744 1400; x_wconf 89' lang='lat' dir='ltr'>erudiunt,</span> <span class='ocrx_word' id='word_1_154' title='bbox 774 1354 1000 1399; x_wconf 89' lang='lat' dir='ltr'>videndum,</span> <span class='ocrx_word' id='word_1_155' title='bbox 1028 1367 1106 1406; x_wconf 89' lang='lat' dir='ltr'>quo</span> <span class='ocrx_word' id='word_1_156' title='bbox 1126 1353 1189 1391; x_wconf 91' lang='lat' dir='ltr'>sua</span> <span class='ocrx_word' id='word_1_157' title='bbox 1209 1366 1403 1406; x_wconf 87' lang='lat' dir='ltr'>quemque</span> <span class='ocrx_word' id='word_1_158' title='bbox 1424 1361 1556 1391; x_wconf 87' lang='lat' dir='ltr'>natura</span> <span class='ocrx_word' id='word_1_159' title='bbox 1574 1350 1743 1389; x_wconf 85' lang='lat' dir='ltr'>maxime</span> <span class='ocrx_word' id='word_1_160' title='bbox 1758 1347 1855 1387; x_wconf 85' lang='lat' dir='ltr'>ferre</span> 
     </span>
     <span class='ocr_line' id='line_1_19' title="bbox 456 1414 1855 1472; baseline -0.006 -12"><span class='ocrx_word' id='word_1_161' title='bbox 456 1423 641 1461; x_wconf 86' lang='lat' dir='ltr'>videatur.</span> <span class='ocrx_word' id='word_1_162' title='bbox 688 1421 849 1459; x_wconf 90' lang='lat' dir='ltr'>Etenim</span> <span class='ocrx_word' id='word_1_163' title='bbox 868 1421 1057 1464; x_wconf 72' lang='lat' dir='ltr'>videmtiS,</span> <span class='ocrx_word' id='word_1_164' title='bbox 1088 1433 1136 1457; x_wconf 89' lang='lat' dir='ltr'>ex</span> <span class='ocrx_word' id='word_1_165' title='bbox 1155 1419 1291 1457; x_wconf 88' lang='lat' dir='ltr'>eodem</span> <span class='ocrx_word' id='word_1_166' title='bbox 1317 1418 1419 1472; x_wconf 87' lang='lat' dir='ltr'>quasi</span> <span class='ocrx_word' id='word_1_167' title='bbox 1440 1417 1532 1456; x_wconf 93' lang='lat' dir='ltr'>ludo</span> <span class='ocrx_word' id='word_1_168' title='bbox 1551 1417 1793 1455; x_wconf 87' lang='lat' dir='ltr'>summorum</span> <span class='ocrx_word' id='word_1_169' title='bbox 1813 1414 1855 1452; x_wconf 88' lang='lat' dir='ltr'>in</span> 
     </span>
     <span class='ocr_line' id='line_1_20' title="bbox 457 1480 1854 1540; baseline -0.006 -14"><span class='ocrx_word' id='word_1_170' title='bbox 457 1490 523 1527; x_wconf 87' lang='lat' dir='ltr'>suo</span> <span class='ocrx_word' id='word_1_171' title='bbox 557 1487 740 1540; x_wconf 85' lang='lat' dir='ltr'>cujusque</span> <span class='ocrx_word' id='word_1_172' title='bbox 767 1500 905 1540; x_wconf 86' lang='lat' dir='ltr'>genere</span> <span class='ocrx_word' id='word_1_173' title='bbox 937 1485 1130 1524; x_wconf 88' lang='lat' dir='ltr'>artificum</span> <span class='ocrx_word' id='word_1_174' title='bbox 1159 1494 1197 1523; x_wconf 91' lang='lat' dir='ltr'>et</span> <span class='ocrx_word' id='word_1_175' title='bbox 1227 1485 1496 1538; x_wconf 86' lang='lat' dir='ltr'>magistrorum</span> <span class='ocrx_word' id='word_1_176' title='bbox 1515 1483 1628 1522; x_wconf 85' lang='lat' dir='ltr'>exiffe</span> <span class='ocrx_word' id='word_1_177' title='bbox 1647 1480 1854 1535; x_wconf 87' lang='lat' dir='ltr'>discipulos</span> 
     </span>
     <span class='ocr_line' id='line_1_21' title="bbox 459 1550 1857 1602; baseline -0.004 -10"><span class='ocrx_word' id='word_1_178' title='bbox 459 1554 654 1593; x_wconf 76' lang='lat' dir='ltr'>dissimiles</span> <span class='ocrx_word' id='word_1_179' title='bbox 674 1553 774 1590; x_wconf 89' lang='lat' dir='ltr'>inter</span> <span class='ocrx_word' id='word_1_180' title='bbox 794 1552 841 1597; x_wconf 90' lang='lat' dir='ltr'>se,</span> <span class='ocrx_word' id='word_1_181' title='bbox 860 1561 1027 1590; x_wconf 88' lang='lat' dir='ltr'>attamen</span> <span class='ocrx_word' id='word_1_182' title='bbox 1046 1551 1253 1589; x_wconf 86' lang='lat' dir='ltr'>laudandos</span> <span class='ocrx_word' id='word_1_183' title='bbox 1267 1569 1278 1596; x_wconf 81' lang='lat'>5</span> <span class='ocrx_word' id='word_1_184' title='bbox 1301 1565 1393 1589; x_wconf 88' lang='lat' dir='ltr'>cum</span> <span class='ocrx_word' id='word_1_185' title='bbox 1412 1551 1459 1588; x_wconf 88' lang='lat' dir='ltr'>ad</span> <span class='ocrx_word' id='word_1_186' title='bbox 1477 1550 1660 1602; x_wconf 89' lang='lat' dir='ltr'>cujusque</span> <span class='ocrx_word' id='word_1_187' title='bbox 1680 1557 1857 1587; x_wconf 88' lang='lat' dir='ltr'>naturam</span> 
     </span>
     <span class='ocr_line' id='line_1_22' title="bbox 459 1615 1855 1669; baseline -0.005 -10"><span class='ocrx_word' id='word_1_188' title='bbox 459 1620 650 1659; x_wconf 85' lang='lat' dir='ltr'>institutio</span> <span class='ocrx_word' id='word_1_189' title='bbox 683 1618 845 1656; x_wconf 58' lang='lat' dir='ltr'>dostoris</span> <span class='ocrx_word' id='word_1_190' title='bbox 864 1617 1232 1660; x_wconf 84' lang='lat' dir='ltr'>accommodaretur.</span> <span class='ocrx_word' id='word_1_191' title='bbox 1293 1618 1414 1669; x_wconf 83' lang='lat' dir='ltr'>Cujus</span> <span class='ocrx_word' id='word_1_192' title='bbox 1446 1616 1499 1654; x_wconf 91' lang='lat' dir='ltr'>est</span> <span class='ocrx_word' id='word_1_193' title='bbox 1518 1616 1577 1654; x_wconf 92' lang='lat' dir='ltr'>vel</span> <span class='ocrx_word' id='word_1_194' title='bbox 1604 1616 1772 1654; x_wconf 87' lang='lat' dir='ltr'>maxime</span> <span class='ocrx_word' id='word_1_195' title='bbox 1791 1615 1855 1652; x_wconf 88' lang='lat' dir='ltr'>in-</span> 
     </span>
     <span class='ocr_line' id='line_1_23' title="bbox 460 1680 1859 1739; baseline -0.004 -15"><span class='ocrx_word' id='word_1_196' title='bbox 460 1688 564 1739; x_wconf 86' lang='lat' dir='ltr'>signe</span> <span class='ocrx_word' id='word_1_197' title='bbox 583 1685 681 1723; x_wconf 90' lang='lat' dir='ltr'>illud</span> <span class='ocrx_word' id='word_1_198' title='bbox 700 1685 936 1737; x_wconf 89' lang='lat' dir='ltr'>exemplum,</span> <span class='ocrx_word' id='word_1_199' title='bbox 962 1684 1023 1736; x_wconf 92' lang='lat' dir='ltr'>(ut</span> <span class='ocrx_word' id='word_1_200' title='bbox 1038 1692 1186 1721; x_wconf 84' lang='lat' dir='ltr'>caeteras</span> <span class='ocrx_word' id='word_1_201' title='bbox 1206 1692 1300 1720; x_wconf 90' lang='lat' dir='ltr'>artes</span> <span class='ocrx_word' id='word_1_202' title='bbox 1321 1683 1565 1734; x_wconf 86' lang='lat' dir='ltr'>omittamus)</span> <span class='ocrx_word' id='word_1_203' title='bbox 1588 1681 1692 1734; x_wconf 90' lang='lat' dir='ltr'>quod</span> <span class='ocrx_word' id='word_1_204' title='bbox 1708 1680 1859 1718; x_wconf 86' lang='lat' dir='ltr'>dicebat</span> 
     </span>
     <span class='ocr_line' id='line_1_24' title="bbox 462 1749 1858 1803; baseline -0.004 -12"><span class='ocrx_word' id='word_1_205' title='bbox 462 1753 656 1797; x_wconf 86' lang='lat' dir='ltr'>Isocrates,</span> <span class='ocrx_word' id='word_1_206' title='bbox 687 1752 819 1790; x_wconf 63' lang='lat' dir='ltr'>doetor</span> <span class='ocrx_word' id='word_1_207' title='bbox 838 1750 1048 1803; x_wconf 85' lang='lat' dir='ltr'>singularis,</span> <span class='ocrx_word' id='word_1_208' title='bbox 1066 1751 1110 1803; x_wconf 76' lang='lat' dir='ltr'>se·</span> <span class='ocrx_word' id='word_1_209' title='bbox 1130 1749 1327 1788; x_wconf 76' lang='lat' dir='ltr'>calcaribus</span> <span class='ocrx_word' id='word_1_210' title='bbox 1346 1750 1382 1788; x_wconf 82' lang='lat' dir='ltr'>in</span> <span class='ocrx_word' id='word_1_211' title='bbox 1402 1749 1560 1802; x_wconf 78' lang='lat' dir='ltr'>Ephoro,</span> <span class='ocrx_word' id='word_1_212' title='bbox 1594 1757 1721 1787; x_wconf 76' lang='lat' dir='ltr'>contra</span> <span class='ocrx_word' id='word_1_213' title='bbox 1739 1757 1858 1786; x_wconf 81' lang='lat' dir='ltr'>autem</span> 
     </span>
     <span class='ocr_line' id='line_1_25' title="bbox 462 1813 1858 1870; baseline -0.004 -14"><span class='ocrx_word' id='word_1_214' title='bbox 462 1820 499 1857; x_wconf 85' lang='lat' dir='ltr'>in</span> <span class='ocrx_word' id='word_1_215' title='bbox 520 1817 732 1870; x_wconf 78' lang='lat' dir='ltr'>Theopompo</span> <span class='ocrx_word' id='word_1_216' title='bbox 737 1817 875 1869; x_wconf 80' lang='lat' dir='ltr'>frenis,</span> <span class='ocrx_word' id='word_1_217' title='bbox 898 1817 956 1854; x_wconf 80' lang='lat' dir='ltr'>uti</span> <span class='ocrx_word' id='word_1_218' title='bbox 958 1817 1086 1868; x_wconf 73' lang='lat' dir='ltr'>filere.</span> <span class='ocrx_word' id='word_1_219' title='bbox 1127 1815 1309 1854; x_wconf 89' lang='lat' dir='ltr'>Alterum</span> <span class='ocrx_word' id='word_1_220' title='bbox 1323 1815 1429 1853; x_wconf 91' lang='lat' dir='ltr'>enim</span> <span class='ocrx_word' id='word_1_221' title='bbox 1449 1814 1701 1853; x_wconf 85' lang='lat' dir='ltr'>exsultantem</span> <span class='ocrx_word' id='word_1_222' title='bbox 1720 1813 1858 1852; x_wconf 89' lang='lat' dir='ltr'>verbo-</span> 
     </span>
     <span class='ocr_line' id='line_1_26' title="bbox 463 1880 1856 1935; baseline -0.003 -14"><span class='ocrx_word' id='word_1_223' title='bbox 463 1898 551 1922; x_wconf 87' lang='lat' dir='ltr'>rum</span> <span class='ocrx_word' id='word_1_224' title='bbox 572 1883 726 1921; x_wconf 84' lang='lat' dir='ltr'>audacia</span> <span class='ocrx_word' id='word_1_225' title='bbox 747 1882 989 1935; x_wconf 84' lang='lat' dir='ltr'>reprimebat,</span> <span class='ocrx_word' id='word_1_226' title='bbox 1019 1882 1182 1919; x_wconf 88' lang='lat' dir='ltr'>alterum</span> <span class='ocrx_word' id='word_1_227' title='bbox 1203 1882 1462 1925; x_wconf 65' lang='lat' dir='ltr'>cunetantem‚</span> <span class='ocrx_word' id='word_1_228' title='bbox 1491 1890 1529 1918; x_wconf 89' lang='lat' dir='ltr'>et</span> <span class='ocrx_word' id='word_1_229' title='bbox 1549 1880 1652 1932; x_wconf 86' lang='lat' dir='ltr'>quasi</span> <span class='ocrx_word' id='word_1_230' title='bbox 1673 1892 1856 1918; x_wconf 82' lang='lat' dir='ltr'>verecun-</span> 
     </span>
     <span class='ocr_line' id='line_1_27' title="bbox 464 1938 1858 2000; baseline -0.004 -13"><span class='ocrx_word' id='word_1_231' title='bbox 464 1938 632 1993; x_wconf 85' lang='lat' dir='ltr'>dantem,</span> <span class='ocrx_word' id='word_1_232' title='bbox 655 1949 851 1987; x_wconf 87' lang='lat' dir='ltr'>incitabat.</span> <span class='ocrx_word' id='word_1_233' title='bbox 890 1949 1031 2000; x_wconf 88' lang='lat' dir='ltr'>Neque</span> <span class='ocrx_word' id='word_1_234' title='bbox 1051 1961 1113 1985; x_wconf 86' lang='lat' dir='ltr'>eos</span> <span class='ocrx_word' id='word_1_235' title='bbox 1134 1948 1272 1985; x_wconf 84' lang='lat' dir='ltr'>similes</span> <span class='ocrx_word' id='word_1_236' title='bbox 1293 1946 1421 1985; x_wconf 87' lang='lat' dir='ltr'>effecit</span> <span class='ocrx_word' id='word_1_237' title='bbox 1438 1947 1537 1984; x_wconf 87' lang='lat' dir='ltr'>inter</span> <span class='ocrx_word' id='word_1_238' title='bbox 1556 1946 1604 1990; x_wconf 89' lang='lat' dir='ltr'>se,</span> <span class='ocrx_word' id='word_1_239' title='bbox 1623 1945 1685 1983; x_wconf 90' lang='lat' dir='ltr'>sed</span> <span class='ocrx_word' id='word_1_240' title='bbox 1706 1954 1858 1982; x_wconf 88' lang='lat' dir='ltr'>tantum</span> 
     </span>
     <span class='ocr_line' id='line_1_28' title="bbox 464 2011 1856 2062; baseline -0.004 -9"><span class='ocrx_word' id='word_1_241' title='bbox 464 2016 571 2053; x_wconf 84' lang='lat' dir='ltr'>alteri</span> <span class='ocrx_word' id='word_1_242' title='bbox 593 2015 756 2060; x_wconf 82' lang='lat' dir='ltr'>affinxit,</span> <span class='ocrx_word' id='word_1_243' title='bbox 787 2015 833 2053; x_wconf 90' lang='lat' dir='ltr'>de</span> <span class='ocrx_word' id='word_1_244' title='bbox 858 2015 975 2052; x_wconf 86' lang='lat' dir='ltr'>altero</span> <span class='ocrx_word' id='word_1_245' title='bbox 1007 2014 1172 2059; x_wconf 87' lang='lat' dir='ltr'>limavit,</span> <span class='ocrx_word' id='word_1_246' title='bbox 1205 2023 1246 2052; x_wconf 89' lang='lat' dir='ltr'>ut</span> <span class='ocrx_word' id='word_1_247' title='bbox 1276 2013 1316 2051; x_wconf 91' lang='lat' dir='ltr'>id</span> <span class='ocrx_word' id='word_1_248' title='bbox 1342 2011 1599 2051; x_wconf 90' lang='lat' dir='ltr'>conformaret</span> <span class='ocrx_word' id='word_1_249' title='bbox 1618 2012 1659 2049; x_wconf 92' lang='lat' dir='ltr'>in</span> <span class='ocrx_word' id='word_1_250' title='bbox 1679 2019 1856 2062; x_wconf 89' lang='lat' dir='ltr'>utroque,</span> 
     </span>
     <span class='ocr_line' id='line_1_29' title="bbox 466 2081 1162 2134; baseline 0 -16"><span class='ocrx_word' id='word_1_251' title='bbox 466 2082 571 2134; x_wconf 84' lang='lat' dir='ltr'>qnod</span> <span class='ocrx_word' id='word_1_252' title='bbox 593 2081 788 2134; x_wconf 87' lang='lat' dir='ltr'>utriusque</span> <span class='ocrx_word' id='word_1_253' title='bbox 809 2090 940 2119; x_wconf 86' lang='lat' dir='ltr'>natura</span> <span class='ocrx_word' id='word_1_254' title='bbox 960 2089 1162 2133; x_wconf 86' lang='lat' dir='ltr'>pateretur.</span> 
     </span>
    </p>

    <p class='ocr_par' dir='ltr' id='par_1_4' title="bbox 466 2143 1862 2595">
     <span class='ocr_line' id='line_1_30' title="bbox 521 2143 1860 2198; baseline -0.004 -14"><span class='ocrx_word' id='word_1_255' title='bbox 521 2147 573 2184; x_wconf 88' lang='lat' dir='ltr'>X.</span> <span class='ocrx_word' id='word_1_256' title='bbox 606 2147 702 2184; x_wconf 80' lang='lat' dir='ltr'>Haec</span> <span class='ocrx_word' id='word_1_257' title='bbox 734 2160 778 2184; x_wconf 81' lang='lat' dir='ltr'>co</span> <span class='ocrx_word' id='word_1_258' title='bbox 798 2146 895 2184; x_wconf 85' lang='lat' dir='ltr'>mihi</span> <span class='ocrx_word' id='word_1_259' title='bbox 917 2145 1151 2198; x_wconf 78' lang='lat' dir='ltr'>praedicenda</span> <span class='ocrx_word' id='word_1_260' title='bbox 1169 2143 1339 2189; x_wconf 89' lang='lat' dir='ltr'>fuerunt,</span> <span class='ocrx_word' id='word_1_261' title='bbox 1371 2153 1427 2189; x_wconf 87' lang='lat' dir='ltr'>ut,</span> <span class='ocrx_word' id='word_1_262' title='bbox 1459 2143 1485 2181; x_wconf 86' lang='lat' dir='ltr'>si</span> <span class='ocrx_word' id='word_1_263' title='bbox 1506 2157 1581 2181; x_wconf 87' lang='lat' dir='ltr'>non</span> <span class='ocrx_word' id='word_1_264' title='bbox 1601 2143 1743 2187; x_wconf 84' lang='lat' dir='ltr'>omnia,</span> <span class='ocrx_word' id='word_1_265' title='bbox 1774 2154 1860 2194; x_wconf 85' lang='lat' dir='ltr'>quae</span> 
     </span>
     <span class='ocr_line' id='line_1_31' title="bbox 466 2209 1860 2266; baseline -0.003 -16"><span class='ocrx_word' id='word_1_266' title='bbox 466 2221 769 2266; x_wconf 84' lang='lat' dir='ltr'>proponerentur</span> <span class='ocrx_word' id='word_1_267' title='bbox 801 2226 820 2249; x_wconf 88' lang='lat' dir='ltr'>a</span> <span class='ocrx_word' id='word_1_268' title='bbox 840 2225 917 2257; x_wconf 89' lang='lat' dir='ltr'>me,</span> <span class='ocrx_word' id='word_1_269' title='bbox 948 2212 992 2249; x_wconf 90' lang='lat' dir='ltr'>ad</span> <span class='ocrx_word' id='word_1_270' title='bbox 1012 2212 1192 2249; x_wconf 84' lang='lat' dir='ltr'>omnium</span> <span class='ocrx_word' id='word_1_271' title='bbox 1217 2211 1382 2249; x_wconf 86' lang='lat' dir='ltr'>vestrum</span> <span class='ocrx_word' id='word_1_272' title='bbox 1402 2210 1585 2255; x_wconf 87' lang='lat' dir='ltr'>studium,</span> <span class='ocrx_word' id='word_1_273' title='bbox 1617 2218 1655 2247; x_wconf 92' lang='lat' dir='ltr'>et</span> <span class='ocrx_word' id='word_1_274' title='bbox 1674 2209 1719 2247; x_wconf 88' lang='lat' dir='ltr'>ad</span> <span class='ocrx_word' id='word_1_275' title='bbox 1739 2221 1860 2261; x_wconf 85' lang='lat' dir='ltr'>genus</span> 
     </span>
     <span class='ocr_line' id='line_1_32' title="bbox 467 2275 1858 2330; baseline -0.004 -13"><span class='ocrx_word' id='word_1_276' title='bbox 467 2279 520 2324; x_wconf 90' lang='lat' dir='ltr'>id,</span> <span class='ocrx_word' id='word_1_277' title='bbox 552 2278 655 2330; x_wconf 86' lang='lat' dir='ltr'>quod</span> <span class='ocrx_word' id='word_1_278' title='bbox 689 2278 848 2330; x_wconf 84' lang='lat' dir='ltr'>quisque</span> <span class='ocrx_word' id='word_1_279' title='bbox 878 2277 1043 2315; x_wconf 87' lang='lat' dir='ltr'>vestrum</span> <span class='ocrx_word' id='word_1_280' title='bbox 1075 2278 1114 2315; x_wconf 78' lang='lat' dir='ltr'>ln</span> <span class='ocrx_word' id='word_1_281' title='bbox 1146 2277 1308 2315; x_wconf 90' lang='lat' dir='ltr'>dicendo</span> <span class='ocrx_word' id='word_1_282' title='bbox 1334 2277 1521 2329; x_wconf 89' lang='lat' dir='ltr'>probaret,</span> <span class='ocrx_word' id='word_1_283' title='bbox 1554 2275 1858 2318; x_wconf 75' lang='lat' dir='ltr'>adliaerescerent‚</span> 
     </span>
     <span class='ocr_line' id='line_1_33' title="bbox 468 2340 1861 2396; baseline -0.002 -15"><span class='ocrx_word' id='word_1_284' title='bbox 468 2344 507 2382; x_wconf 91' lang='lat' dir='ltr'>id</span> <span class='ocrx_word' id='word_1_285' title='bbox 527 2357 547 2381; x_wconf 85' lang='lat' dir='ltr'>a</span> <span class='ocrx_word' id='word_1_286' title='bbox 576 2357 638 2381; x_wconf 91' lang='lat' dir='ltr'>me</span> <span class='ocrx_word' id='word_1_287' title='bbox 669 2357 788 2396; x_wconf 83' lang='lat' dir='ltr'>geniis</span> <span class='ocrx_word' id='word_1_288' title='bbox 808 2343 973 2396; x_wconf 87' lang='lat' dir='ltr'>exprimi</span> <span class='ocrx_word' id='word_1_289' title='bbox 1003 2343 1202 2387; x_wconf 89' lang='lat' dir='ltr'>sentiretis,</span> <span class='ocrx_word' id='word_1_290' title='bbox 1233 2343 1338 2394; x_wconf 91' lang='lat' dir='ltr'>quod</span> <span class='ocrx_word' id='word_1_291' title='bbox 1358 2343 1526 2381; x_wconf 89' lang='lat' dir='ltr'>maxime</span> <span class='ocrx_word' id='word_1_292' title='bbox 1552 2340 1651 2380; x_wconf 88' lang='lat' dir='ltr'>mihi</span> <span class='ocrx_word' id='word_1_293' title='bbox 1672 2342 1739 2394; x_wconf 88' lang='lat' dir='ltr'>ipsi</span> <span class='ocrx_word' id='word_1_294' title='bbox 1770 2353 1861 2393; x_wconf 91' lang='lat' dir='ltr'>pro-</span> 
     </span>
     <span class='ocr_line' id='line_1_34' title="bbox 470 2407 1862 2461; baseline -0.002 -14"><span class='ocrx_word' id='word_1_295' title='bbox 470 2410 634 2449; x_wconf 85' lang='lat' dir='ltr'>baretur.</span> <span class='ocrx_word' id='word_1_296' title='bbox 659 2409 761 2461; x_wconf 85' lang='lat' dir='ltr'>Ergo</span> <span class='ocrx_word' id='word_1_297' title='bbox 782 2407 862 2446; x_wconf 82' lang='lat' dir='ltr'>haec</span> <span class='ocrx_word' id='word_1_298' title='bbox 883 2418 919 2446; x_wconf 85' lang='lat' dir='ltr'>et</span> <span class='ocrx_word' id='word_1_299' title='bbox 935 2408 1076 2461; x_wconf 84' lang='lat' dir='ltr'>agenda</span> <span class='ocrx_word' id='word_1_300' title='bbox 1095 2408 1182 2446; x_wconf 88' lang='lat' dir='ltr'>sunt</span> <span class='ocrx_word' id='word_1_301' title='bbox 1201 2408 1247 2446; x_wconf 89' lang='lat' dir='ltr'>ab</span> <span class='ocrx_word' id='word_1_302' title='bbox 1267 2418 1427 2453; x_wconf 90' lang='lat' dir='ltr'>oratore,</span> <span class='ocrx_word' id='word_1_303' title='bbox 1449 2422 1532 2461; x_wconf 83' lang='lat' dir='ltr'>quae</span> <span class='ocrx_word' id='word_1_304' title='bbox 1551 2407 1754 2459; x_wconf 88' lang='lat' dir='ltr'>explicavit</span> <span class='ocrx_word' id='word_1_305' title='bbox 1775 2407 1862 2443; x_wconf 82' lang='lat' dir='ltr'>An-</span> 
     </span>
     <span class='ocr_line' id='line_1_35' title="bbox 469 2470 1862 2527; baseline -0.003 -15"><span class='ocrx_word' id='word_1_306' title='bbox 469 2475 612 2519; x_wconf 91' lang='lat' dir='ltr'>tonius,</span> <span class='ocrx_word' id='word_1_307' title='bbox 643 2483 680 2512; x_wconf 89' lang='lat' dir='ltr'>et</span> <span class='ocrx_word' id='word_1_308' title='bbox 710 2474 869 2512; x_wconf 87' lang='lat' dir='ltr'>dicenda</span> <span class='ocrx_word' id='word_1_309' title='bbox 898 2475 1066 2527; x_wconf 87' lang='lat' dir='ltr'>quodam</span> <span class='ocrx_word' id='word_1_310' title='bbox 1097 2474 1226 2513; x_wconf 91' lang='lat' dir='ltr'>modo.</span> <span class='ocrx_word' id='word_1_311' title='bbox 1286 2475 1458 2526; x_wconf 84' lang='lat' dir='ltr'>Qinam</span> <span class='ocrx_word' id='word_1_312' title='bbox 1487 2474 1605 2527; x_wconf 89' lang='lat' dir='ltr'>igitur</span> <span class='ocrx_word' id='word_1_313' title='bbox 1630 2472 1782 2511; x_wconf 89' lang='lat' dir='ltr'>dicendi</span> <span class='ocrx_word' id='word_1_314' title='bbox 1810 2470 1862 2508; x_wconf 91' lang='lat' dir='ltr'>est</span> 
     </span>
     <span class='ocr_line' id='line_1_36' title="bbox 471 2537 1861 2595; baseline -0.004 -15"><span class='ocrx_word' id='word_1_315' title='bbox 471 2541 606 2580; x_wconf 87' lang='lat' dir='ltr'>modus</span> <span class='ocrx_word' id='word_1_316' title='bbox 627 2541 778 2588; x_wconf 88' lang='lat' dir='ltr'>melior,</span> <span class='ocrx_word' id='word_1_317' title='bbox 811 2541 919 2593; x_wconf 88' lang='lat' dir='ltr'>(nam</span> <span class='ocrx_word' id='word_1_318' title='bbox 953 2541 999 2580; x_wconf 87' lang='lat' dir='ltr'>de</span> <span class='ocrx_word' id='word_1_319' title='bbox 1032 2541 1178 2580; x_wconf 68' lang='lat' dir='ltr'>actione</span> <span class='ocrx_word' id='word_1_320' title='bbox 1207 2541 1290 2595; x_wconf 92' lang='lat' dir='ltr'>post</span> <span class='ocrx_word' id='word_1_321' title='bbox 1322 2541 1470 2593; x_wconf 88' lang='lat' dir='ltr'>videro)</span> <span class='ocrx_word' id='word_1_322' title='bbox 1502 2554 1617 2593; x_wconf 85' lang='lat' dir='ltr'>quam</span> <span class='ocrx_word' id='word_1_323' title='bbox 1648 2548 1691 2578; x_wconf 90' lang='lat' dir='ltr'>ut</span> <span class='ocrx_word' id='word_1_324' title='bbox 1711 2537 1861 2581; x_wconf 84' lang='lat' dir='ltr'>Latine,</span> 
     </span>
    </p>
   </div>
  </div>
 </body>
</html>
