2176 2912
716 206 1385 246 PARTITIONES.
1670 219 1746 258 529

351 300 536 338 incitandi
563 308 686 343 erunt,
717 298 939 351 hujusmodi
970 299 1176 343 sententiae,
1209 313 1293 351 quae
1323 299 1368 337 ad
1399 296 1600 350 explendas
1632 298 1746 350 cupi-

347 365 499 409 ditates,
545 374 609 402 aut
642 365 688 402 ad
724 365 858 402 odium
892 364 1119 409 satiandum,
1150 374 1216 402 aut
1247 364 1292 402 ad
1324 364 1554 402 ulciscendas
1590 364 1745 415 injurias

350 430 610 482 pertinebunt.
644 431 709 467 Sin
739 439 867 467 autem
899 429 1132 482 reprimendi
1149 448 1161 474 ;
1192 430 1240 467 de
1266 431 1412 468 incerto
1442 429 1538 467 statu
1567 428 1744 473 fortunae,

348 495 553 548 dubiisque
583 496 726 533 eventis
758 509 885 533 rerum
906 495 1137 540 futurarum,
1172 505 1211 534 et
1230 496 1437 534 retinendis
1466 495 1538 532 suis
1566 494 1745 539 fortunis,

349 561 374 599 fi
396 571 506 599 erunt
526 562 695 600 secundae
711 580 722 606 ς
754 562 807 599 sm
838 571 965 600 autem
986 561 1158 606 adversae,
1190 562 1237 600 de
1256 561 1427 615 periculo
1452 560 1743 598 commonendi.

349 629 480 679 Atque
499 626 541 665 hi
563 628 721 680 quidem
741 628 827 666 sunt
846 628 1094 680 perorationis
1115 628 1204 666 loci.
1239 627 1436 679 Principia
1453 635 1583 664 autem
1603 626 1642 663 in
1662 625 1745 662 sen-

346 693 479 732 tentiis
501 694 670 732 dicendis
692 694 820 732 brevia
834 693 904 732 effe
924 694 1132 732 debebunt.
1193 693 1287 732 Non
1307 693 1413 731 enim
1433 691 1606 744 supplex,
1631 699 1675 728 ut
1700 690 1747 728 ad

343 759 533 809 judicem,
555 760 659 798 venit
679 769 816 804 orator,
846 759 906 797 sed
926 759 1110 804 hortator,
1141 769 1256 811 atque
1275 760 1418 797 auftor.
1453 759 1582 809 Qare
1602 769 1745 809 propo-

347 838 450 870 nere,
474 839 550 877 qua
569 834 697 864 mente
717 825 832 870 dicat,
869 825 965 878 quid
985 825 1089 870 velit,
1118 825 1261 877 quibus
1282 825 1328 863 de
1358 824 1470 862 rebus
1490 823 1659 861 diCturus
1686 821 1745 867 fit,

346 890 473 936 debet,
495 890 715 943 hortarique
735 891 781 929 ad
801 891 836 928 se
863 892 1026 930 breviter
1046 891 1241 929 dicentem
1261 890 1510 928 audiendum.
1552 890 1656 927 Tota
1675 902 1745 926 au-

345 964 428 994 tem
458 957 578 995 oratio
608 957 784 1010 simplex,
821 965 858 995 et
891 957 1030 1010 gravis,
1065 965 1103 995 et
1123 956 1316 995 sententiis
1337 955 1450 994 debet
1471 955 1639 994 ornatior
1658 953 1743 999 effe,

343 1035 462 1074 quam
482 1023 622 1062 verbis.

400 1089 595 1128 XXVIII.
614 1091 646 1128 F
651 1103 787 1128 1L1us.
808 1090 986 1143 Cognovi
1001 1090 1084 1142 jam
1104 1088 1350 1134 laudationis,
1370 1097 1409 1127 et
1428 1086 1605 1126 suafionIS
1621 1086 1742 1126 locos.

343 1155 479 1201 Nunc,
516 1170 600 1209 quae
627 1157 788 1209 judiciis
819 1156 1111 1195 accommodata
1140 1155 1240 1201 sunt,
1268 1157 1427 1209 expeCw
1443 1173 1455 1199 ς
1486 1154 1604 1206 idque
1632 1153 1743 1192 nobis

341 1235 462 1274 genus
484 1223 616 1261 restare
636 1237 759 1261 unum
778 1232 888 1276 puto.
939 1224 1116 1262 PATER.
1139 1223 1258 1261 Re&e
1278 1222 1479 1274 intelligis.
1510 1223 1642 1273 Atque
1661 1220 1745 1272 ejus

341 1288 502 1340 quidem
517 1289 665 1342 generiS
686 1289 773 1327 finis
793 1289 846 1327 est
865 1290 1022 1342 aequitas
1038 1308 1050 1334 3
1083 1302 1167 1342 quae
1187 1302 1266 1327 non
1292 1287 1518 1341 simpliciter
1542 1286 1742 1339 speetatur,

340 1354 404 1392 sed
434 1368 481 1393 ex
512 1356 798 1408 comparatione
829 1369 1136 1408 nonnunquam:
1168 1364 1225 1400 ut,
1261 1368 1353 1393 cum
1384 1354 1431 1392 de
1456 1352 1647 1391 veriffimo
1677 1365 1742 1390 ac·-

341 1421 512 1460 cusatore
545 1422 771 1475 disputatur,
803 1431 868 1460 aut
897 1436 990 1461 cum
1011 1421 1240 1460 haereditatis
1262 1421 1338 1459 fine
1356 1421 1455 1473 lege,
1485 1427 1551 1457 aut
1570 1419 1647 1457 fine
1668 1418 1743 1457 tes-

339 1496 514 1527 tamento
544 1490 690 1541 petitur
708 1489 901 1542 poffeffio5
933 1490 972 1527 in
994 1489 1135 1541 quibus
1157 1488 1272 1526 caufis
1294 1487 1390 1540 quid
1410 1486 1571 1540 aequius,
1602 1484 1742 1538 aequis-

338 1555 529 1594 fimumve
563 1556 620 1600 fit,
652 1557 862 1608 quaeritur:
895 1569 987 1608 quas
1019 1555 1065 1593 ad
1095 1555 1221 1593 causas
1253 1554 1414 1592 facultas
1448 1553 1594 1606 petitur
1627 1565 1742 1604 argu-

338 1622 624 1660 mentationum
656 1635 703 1660 ex
736 1622 798 1667 iis,
840 1622 886 1660 de
916 1622 1058 1674 quibus
1089 1635 1183 1660 mox
1213 1621 1374 1666 dicetur,
1406 1619 1595 1672 aequitatis
1629 1618 1740 1656 locis.

338 1689 470 1740 Atque
502 1689 620 1726 etiam
651 1698 737 1727 ante
765 1688 961 1740 judicium
992 1688 1038 1725 de
1069 1687 1336 1726 constituendo
1366 1686 1447 1739 ipso
1471 1685 1621 1737 judicio
1647 1684 1741 1722 solet

338 1753 409 1791 effe
428 1754 638 1798 contentio,
670 1768 761 1791 cum
781 1763 860 1798 aut,
894 1754 987 1791 fitne
1006 1754 1104 1792 aetio
1124 1754 1197 1798 illi,
1231 1753 1299 1806 qui
1319 1754 1411 1806 agit,
1437 1760 1502 1790 aut
1516 1752 1649 1803 jamne
1678 1750 1738 1795 fit,

338 1828 403 1857 aut
435 1833 529 1857 num
555 1820 638 1871 jam
671 1819 741 1857 esse
775 1819 937 1864 desierit,
968 1828 1032 1857 aut
1052 1819 1166 1857 illane
1196 1820 1293 1871 lege,
1325 1818 1432 1856 hisne
1452 1817 1575 1855 verbis
1596 1816 1640 1853 fit
1673 1829 1738 1853 ac-

336 1886 407 1930 tio,
438 1886 634 1938 quaeritur.
696 1887 793 1938 Qae
813 1886 930 1923 etiam
953 1886 992 1931 fi,
1020 1895 1107 1923 ante
1128 1899 1245 1938 quam
1267 1899 1323 1923 res
1344 1886 1384 1923 in
1399 1884 1596 1936 judicium
1617 1882 1737 1927 venit,

337 1961 401 1989 aut
418 1962 650 1996 concertata,
681 1961 745 1989 aut
765 1952 985 2004 dijudicata,
1007 1961 1072 1989 aut
1099 1951 1271 1989 confecta
1290 1965 1369 1989 non
1389 1951 1475 1988 sunt
1494 1968 1505 1994 5
1538 1958 1666 1987 tamen
1697 1949 1739 1987 in

337 2019 423 2071 ipfis
440 2019 599 2071 judiciis
635 2032 889 2072 permagnum
924 2019 1016 2072 saepe
1049 2017 1195 2056 habent
1228 2018 1394 2070 pondus,
1431 2031 1522 2055 cum
1554 2016 1606 2053 ita
1636 2015 1735 2053 dici-

337 2092 425 2129 tur3
459 2084 550 2123 Plus
571 2085 695 2137 petisti
715 2100 723 2122 :
756 2085 834 2122 sero
862 2084 987 2137 petisti
1006 2100 1014 2122 :
1047 2098 1124 2122 non
1145 2082 1220 2121 fuit
1240 2093 1304 2121 tua
1322 2083 1481 2136 petitio:
1515 2095 1591 2119 non
1612 2095 1632 2118 a
1657 2093 1734 2125 me,

337 2164 413 2188 non
434 2149 505 2189 hac
526 2151 621 2204 lege,
655 2165 733 2188 non
767 2149 826 2189 his
848 2151 986 2195 verbiS,
1018 2163 1095 2188 non
1116 2148 1191 2188 hoc
1213 2148 1376 2201 judicio.
1444 2150 1621 2200 Qarum
1642 2160 1733 2184 cau—

335 2215 459 2254 sarum
480 2230 599 2269 genus
620 2217 672 2254 est
693 2216 858 2269 pofitum
878 2217 918 2254 in
946 2217 1033 2269 jure
1054 2215 1158 2254 civili
1177 2230 1185 2254 :
1219 2215 1323 2267 quod
1344 2214 1396 2253 est
1415 2215 1455 2252 in
1486 2214 1732 2266 privatarum,

335 2295 377 2319 ac
412 2283 656 2334 publicarum
691 2296 819 2320 rerum
853 2282 950 2335 lege,
981 2292 1045 2321 aut
1078 2296 1185 2320 more
1211 2281 1403 2334 pofitum;
1436 2282 1544 2333 cujus
1579 2278 1734 2317 scientia

335 2347 506 2399 neglesta
535 2348 582 2386 ab
616 2348 829 2386 oratoribus
861 2348 1063 2400 plerisque,
1099 2347 1210 2385 nobis
1231 2347 1276 2385 ad
1306 2347 1515 2385 dicendum
1537 2343 1733 2383 necessaria

334 2414 495 2452 videtur.
543 2415 671 2465 Qare
706 2415 752 2451 de
782 2414 1057 2452 constituendis
1092 2413 1319 2458 adtionibus‚
1355 2412 1600 2465 accipiendis,
1639 2408 1729 2446 sub-

333 2480 541 2532 eundisque
566 2480 739 2532 judiciis,
771 2481 818 2518 de
848 2480 1071 2533 excipienda
1102 2480 1304 2532 iniquitate
1338 2479 1510 2522 aetionis,
1547 2477 1593 2514 de
1619 2488 1729 2512 com-

332 2547 494 2600 paranda
514 2547 705 2599 aequitate,
737 2546 842 2600 quod
862 2560 903 2586 ea
922 2546 1001 2586 fere
1019 2546 1168 2601 generis
1188 2547 1268 2599 ejus
1290 2546 1389 2598 sunt,
1413 2554 1467 2590 ut,
1490 2544 1730 2597 (quanquam

414 2614 453 2652 T
472 2627 495 2652 0
514 2625 565 2653 M.
599 2614 630 2654 Ι.
1292 2612 1330 2650 Χ
1351 2624 1374 2649 x
1395 2624 1420 2649 x
