2176 2912
421 216 497 257 340
762 204 893 242 DE
1007 205 1477 245 CLARIS

421 295 631 349 polliceriS,
661 296 726 334 etsi
747 296 894 336 fortafl‘e
914 311 984 350 ego
1015 312 1036 335 a
1056 307 1091 336 te
1111 297 1226 350 hujus
1247 298 1485 337 voluntarius
1502 306 1724 351 procurator
1747 311 1817 351 pe-

422 374 515 407 tam,
537 362 642 414 quod
662 362 753 415 ipse,
773 363 837 400 cui
857 363 985 408 debes,
1008 363 1042 401 se
1062 365 1312 403 incommodo
1331 366 1554 402 exacturum
1574 373 1700 416 negat.

477 429 527 466 V.
551 430 606 466 At
625 442 727 473 vero,
749 429 923 481 inquam,
946 429 1017 467 tibi
1036 444 1127 483 ego,
1154 431 1283 475 Brute,
1306 444 1382 468 non
1403 430 1561 475 solvam,
1584 431 1651 468 nifi
1674 429 1778 484 prius
1799 442 1819 467 a

422 503 459 532 te
477 507 624 539 cavero,
646 495 812 548 amplius
833 508 877 532 eo
897 496 1055 533 nomine
1075 497 1287 541 neminem,
1309 497 1417 548 cujus
1438 496 1576 548 petitio
1597 496 1654 541 fit,
1672 496 1817 548 petitu·
1873 546 1876 547 ⁷

421 573 523 598 rum.
580 560 674 599 Non
708 559 943 604 mehercule,
974 561 1117 612 inquit,
1150 562 1221 599 tibi
1242 562 1506 614 repromittere
1540 561 1638 599 istud
1659 561 1819 613 quidem

420 625 529 664 ausus
553 626 637 664 firn.
680 626 787 664 Nam
805 624 925 670 hune,
947 627 1015 677 qui
1034 635 1160 678 negat,
1183 626 1294 664 video
1314 626 1580 678 flagitatorem,
1612 640 1688 664 non
1705 626 1819 664 illum

420 692 581 744 quidem
601 692 674 729 tibi
693 690 912 735 molestum,
931 690 993 728 sed
1013 691 1200 729 affiduum
1221 701 1347 730 tamen
1368 700 1406 729 et
1425 705 1551 729 acrem
1568 690 1663 730 fore.
1708 693 1819 730 Tum

421 758 676 811 Pomponius,
708 758 794 809 Ego
814 770 916 801 vero,
946 757 1089 809 inquit,
1112 759 1279 796 Brutum
1306 757 1404 797 nihil
1426 758 1582 796 mentiri
1603 767 1711 811 puto.
1744 758 1818 795 Vi-

421 824 511 862 deor
529 825 635 862 enim
648 825 731 876 jam
764 832 800 861 te
820 823 976 862 ausurus
1000 824 1071 862 effe
1091 825 1277 878 appellare
1292 843 1304 870 3
1336 825 1521 878 quoniam
1551 825 1668 878 longo
1697 825 1818 862 inter-

418 891 520 928 vallo
548 891 666 929 modo
685 890 858 942 primum
879 890 1128 929 animadverti
1163 891 1277 944 paulo
1304 900 1340 929 te
1371 890 1606 929 hilariorem.
1667 892 1816 942 Itaque,

419 957 606 1008 quoniam
625 955 705 1000 hic,
727 955 831 1008 quod
851 954 951 993 mihi
970 956 1183 1002 deberetur,
1215 957 1250 994 se
1276 959 1499 995 exacturum
1520 955 1703 1009 profeffus
1733 956 1786 994 est
1801 974 1814 1002 3

419 1023 524 1075 quod
543 1022 637 1060 huic
657 1022 786 1066 debes,
808 1034 879 1073 ego
898 1035 919 1058 a
939 1031 974 1059 te
994 1032 1097 1075 peto.

475 1089 676 1141 Qidnam
707 1088 773 1126 id?
805 1089 981 1140 inquam.
1028 1091 1083 1127 Ut
1104 1090 1256 1134 scribas,
1279 1090 1423 1141 inquit,
1451 1089 1611 1141 aliquid:
1644 1089 1816 1141 Jampri-

409 1155 508 1208 'dem
539 1156 644 1194 enim
673 1155 943 1192 conticuerunt
972 1163 1045 1192 tuae
1066 1155 1196 1193 literae.
1246 1155 1353 1194 Nam
1376 1164 1417 1192 ut
1438 1155 1525 1192 illos
1546 1155 1592 1192 de
1622 1154 1820 1207 republica

418 1221 537 1260 libros
571 1221 735 1266 edidisti,
766 1219 865 1258 nihil
895 1233 915 1257 a
950 1229 987 1258 te
1015 1221 1097 1259 sane
1129 1221 1255 1273 postea
1284 1221 1530 1273 accepimus3
1573 1220 1700 1273 eisque
1729 1220 1817 1259 nos-

417 1288 568 1340 metipsi
606 1287 652 1325 ad
696 1297 870 1325 veterum
907 1287 1102 1325 annalium
1146 1287 1374 1325 memoriam
1415 1285 1817 1340 comprehendendam

416 1353 570 1406 impulfi
591 1362 705 1405 atque
725 1354 866 1392 incenfi
886 1354 1031 1393 sumus.
1064 1353 1134 1392 Sed
1150 1353 1215 1392 illa
1234 1366 1326 1392 eum
1345 1353 1511 1405 poteris,
1535 1361 1647 1405 atque
1665 1362 1707 1391 ut
1726 1352 1815 1405 pos-

416 1419 476 1464 fis,
500 1434 605 1472 rogo.

472 1487 592 1524 Nunc
619 1499 720 1531 vero,
752 1487 895 1538 inquit,
942 1487 967 1525 fi
999 1501 1037 1525 es
1065 1487 1195 1526 animo
1223 1500 1357 1531 vacuo,
1387 1499 1536 1538 expone
1567 1485 1676 1523 nobis
1711 1484 1814 1536 quod

416 1552 637 1603 quaerimus.
672 1552 871 1602 Qidnam
892 1552 944 1589 est
961 1553 999 1589 id
1016 1553 1027 1588 ?
1050 1553 1224 1603 inquam.
1258 1553 1375 1602 Qod
1397 1550 1497 1588 mihi
1514 1565 1634 1603 nuper
1652 1551 1691 1588 in
1709 1550 1814 1588 Tus-

415 1617 553 1655 culano
572 1614 757 1654 inchoasti
777 1615 823 1653 de
843 1616 1071 1660 oratoribus,
1094 1616 1247 1667 quando
1268 1616 1338 1653 effe
1359 1615 1569 1668 coepiffent,
1592 1616 1659 1667 qui
1681 1616 1812 1659 etiam,

415 1693 452 1721 et
474 1684 603 1735 quales
624 1681 792 1721 fuifl‘ent.
837 1684 968 1734 Qem
989 1696 1060 1734 ego
1081 1682 1293 1720 sermonem
1314 1696 1405 1720 cum
1426 1682 1470 1719 ad
1492 1683 1657 1719 Brutum
1686 1691 1813 1726 tuum,

416 1750 473 1787 vel
510 1749 681 1787 nostrum
714 1748 857 1800 potius,
888 1747 1117 1792 detulissem,
1148 1761 1379 1800 magnopere
1406 1747 1471 1785 hic
1493 1748 1621 1785 audire
1652 1747 1687 1784 se
1718 1747 1814 1785 velle

415 1816 527 1854 dixit.
560 1817 693 1867 Itaque
714 1813 817 1852 hunc
834 1814 1021 1866 elegimus
1042 1814 1160 1858 diem,
1175 1827 1267 1851 cum
1289 1823 1324 1851 te
1346 1813 1527 1851 sciremus
1544 1813 1614 1851 effe
1630 1826 1811 1851 vacuum.

416 1883 557 1932 Qare,
588 1881 614 1935 fi
637 1881 706 1919 tibi
729 1880 780 1918 est
800 1880 1069 1924 commodum,
1090 1879 1158 1917 ede
1188 1879 1266 1924 illa,
1298 1893 1382 1931 quae
1402 1893 1582 1932 coeperas‚
1614 1888 1651 1916 et
1679 1880 1811 1924 Bruto,

417 1956 452 1984 et
478 1946 590 1985 mihi.

469 2015 555 2065 Ego
588 2027 690 2057 vere,
725 2012 897 2064 inquam,
929 2012 954 2049 sl
985 2020 1159 2064 potuero,
1190 2010 1329 2048 faciam
1355 2011 1463 2048 vobis
1492 2009 1590 2047 satis.
1651 2009 1811 2055 Poteris,

416 2081 568 2131 inquit:
603 2081 724 2117 relaxa
745 2079 861 2117 modo
880 2078 1040 2130 paulum
1061 2079 1251 2121 animum,
1273 2086 1338 2114 aut
1358 2077 1454 2120 sane,
1475 2077 1517 2127 (si
1536 2076 1659 2128 potes)
1679 2075 1809 2115 libera.

415 2147 571 2197 Nempe
592 2147 709 2197 igitur
730 2145 820 2182 hinc
852 2154 951 2189 tum,
987 2144 1192 2195 Pomponi,
1220 2143 1355 2180 duetus
1377 2142 1429 2179 est
1448 2142 1582 2186 sermo,
1612 2142 1715 2194 quod
1735 2151 1812 2181 erat

414 2226 433 2249 a
455 2225 516 2250 me
537 2211 682 2249 mentio
702 2210 811 2254 faeta,
842 2210 993 2247 causam
1015 2209 1199 2260 Dejotari,
1230 2208 1435 2246 fideliffimi
1457 2217 1568 2260 atque
1589 2208 1728 2260 optimi
1751 2222 1810 2245 re-

413 2279 485 2330 gis,
505 2276 736 2315 ornatifiime
756 2286 793 2313 et
813 2275 1062 2327 copiosissime
1084 2288 1102 2311 a
1124 2276 1243 2312 Bruto
1264 2288 1326 2311 me
1345 2273 1482 2311 audiffe
1503 2273 1708 2311 desenfiun.

469 2344 540 2380 vl.
574 2343 672 2386 Scio,
695 2342 835 2393 inquit,
864 2341 910 2378 ab
929 2340 997 2378 isto
1018 2340 1129 2377 initio
1161 2342 1322 2377 tractum
1349 2339 1418 2376 esse
1439 2339 1666 2383 sermonem,
1698 2349 1811 2390 teque

417 2409 526 2447 Bruti
546 2408 741 2446 dolentem
763 2407 900 2451 vicem,
923 2406 1023 2458 quasi
1045 2404 1230 2442 deflevisse
1255 2405 1495 2457 judiciorum
1517 2405 1741 2450 vastitatem,
1773 2413 1811 2442 et

414 2475 502 2514 sori.
547 2474 653 2520 Feci,
675 2474 849 2526 inquam,
881 2472 976 2510 istuc
1008 2471 1181 2524 quidem,
1209 2480 1245 2509 et
1274 2471 1367 2523 saepe
1398 2470 1511 2509 facio.
1558 2471 1665 2509 Nam
1694 2468 1808 2515 mihi,

416 2542 545 2588 Brute,
570 2541 609 2578 in
631 2549 668 2579 te
688 2538 850 2579 intuenti
874 2539 1005 2577 crebro
1025 2539 1063 2576 in
1084 2546 1257 2576 mentem
1278 2537 1381 2575 venit
1406 2537 1537 2583 vereri,
1569 2535 1810 2588 ecquodnam
