2176 2912
403 192 474 233 168
754 192 866 230 DE
944 190 1444 230 ORATORE

456 285 578 337 Qid,
610 285 634 323 fi
668 298 714 323 ne
734 298 854 338 parvae
874 284 1034 337 quidem
1067 283 1184 322 causae
1203 286 1303 331 sunt,
1334 284 1395 322 sed
1415 283 1508 337 saepe
1528 284 1719 330 maximae,
1751 286 1791 324 in

399 351 541 404 quibus
562 360 725 388 certatur
745 350 790 387 de
803 351 890 402 jure
909 349 1039 394 civili;
1071 349 1175 402 quod
1195 351 1349 389 tandem
1368 363 1409 388 os
1431 349 1484 387 est
1502 349 1606 388 illius
1626 351 1790 403 patroni,

400 417 470 468 qui
489 416 535 454 ad
566 429 625 453 eas
655 415 779 453 causas
809 415 885 453 fine
915 414 993 452 ulla
1012 414 1166 452 scientia
1189 417 1287 469 juris
1313 416 1426 453 audet
1456 415 1662 453 accedere?
1695 417 1793 468 Qae

401 482 530 534 potuit
550 481 668 533 igitur
687 481 757 518 effe
776 480 884 518 causa
903 481 1037 532 major,
1063 494 1180 533 quam
1196 482 1299 520 illius
1321 481 1471 525 militis,
1490 481 1536 519 de
1555 482 1665 533 cujus
1686 494 1793 519 mor-

403 557 441 585 te
458 561 551 586 cum
571 547 735 585 domum
755 545 869 584 falsus
889 546 935 584 ab
955 547 1125 584 exercitu
1145 549 1303 586 nuntius
1319 547 1486 592 venisset,
1508 556 1546 585 et
1574 556 1679 600 pater
1698 548 1793 599 ejus,
1846 539 1849 540 ⁷

403 627 442 651 re
461 614 617 657 credita,
648 612 918 650 testamentum
938 611 1127 656 mutaffet,
1150 622 1188 650 et
1202 627 1326 665 ,quem
1343 614 1378 651 ei
1393 613 1518 651 visum
1537 613 1637 657 effet,
1652 611 1796 650 feciffet

402 678 595 723 heredem,
618 679 780 730 essetque
800 678 877 730 ipse
896 686 1072 716 mortuus
1089 678 1102 714 ?
1134 679 1210 715 Res
1224 678 1353 716 delata
1371 679 1423 716 est
1442 678 1489 715 ad
1507 679 1793 723 centumviros,

403 759 496 783 cum
516 744 627 782 miles
648 744 811 781 domum
831 741 1038 785 revenisset,
1059 742 1266 795 egifl‘etque
1285 743 1368 796 lege
1387 743 1428 781 in
1447 742 1707 781 haereditatem
1727 756 1795 796 pa·-

403 819 552 848 ternam
572 810 797 847 testamento
827 808 982 847 exheres
1001 807 1120 846 filius.
1163 809 1320 862 Nempe
1340 810 1379 847 in
1400 822 1441 847 ea
1468 809 1576 847 causa
1595 810 1797 862 quaefitum

402 875 455 913 est
474 876 520 913 de
534 876 620 926 jure
651 875 769 919 civili,
802 874 968 928 poffetne
987 883 1234 927 paternorum
1257 875 1456 913 bonorum
1474 874 1630 913 exheres
1658 875 1728 914 effe
1748 874 1796 913 fi-

403 941 492 985 lius,
526 954 644 992 quem
665 949 770 993 pater
790 940 1013 978 testamento
1040 952 1161 992 neque
1181 939 1375 985 heredem,
1406 954 1532 994 neque
1551 939 1796 985 exheredem,

403 1005 598 1060 scripfiffet
617 1006 848 1044 nominatim
867 1006 879 1042 ?

449 1073 640 1111 XXXIX.
664 1073 785 1124 Qud,
803 1086 876 1124 qua
897 1071 943 1110 de
963 1085 1001 1110 re
1017 1072 1115 1110 inter
1130 1072 1352 1118 Marcellos,
1369 1082 1407 1112 et
1422 1073 1605 1111 Claudios
1621 1074 1798 1126 patricios

406 1138 650 1176 Centumviri
677 1139 928 1189 judicarunt?
962 1139 1067 1176 Cum
1100 1139 1281 1177 Marcelli
1310 1139 1357 1177 ab
1390 1139 1521 1177 liberti
1554 1139 1636 1177 filio
1671 1139 1798 1191 stirpe,

407 1205 574 1249 Claudii,
596 1205 747 1257 patricii
767 1205 936 1257 ejusdem
949 1204 1131 1249 nominis,
1154 1204 1415 1242 haereditatem
1444 1213 1558 1257 gente
1577 1205 1624 1243 ad
1643 1205 1677 1243 se
1697 1205 1800 1243 redi-

405 1271 470 1309 iffe
489 1272 671 1316 dicerent,
693 1284 821 1309 nonne
851 1271 891 1308 in
925 1284 967 1308 ea
987 1270 1095 1308 causa
1113 1269 1190 1308 fuit
1209 1271 1422 1309 oratoribus
1443 1271 1490 1309 de
1514 1279 1595 1309 toto
1614 1271 1737 1325 stirpis
1758 1284 1801 1308 ac

404 1337 631 1390 gentilitatis
655 1339 743 1389 jure
763 1336 1002 1375 dicendum?
1035 1337 1157 1388 Qid,
1186 1337 1294 1389 quod
1323 1337 1418 1376 item
1449 1338 1490 1375 in
1520 1337 1802 1376 Centumvirali

399 1404 549 1456 judicio
569 1413 756 1442 certatum
776 1403 847 1442 effe
860 1403 1102 1456 accepimus?
1123 1404 1191 1455 qui
1204 1404 1374 1442 Romam
1395 1404 1435 1442 in
1449 1403 1612 1442 exilium
1631 1404 1799 1448 venisset,

405 1471 470 1509 cui
492 1472 628 1509 Romae
648 1470 799 1508 exulare
813 1471 877 1522 jus
898 1469 1000 1514 effet,
1022 1469 1048 1507 fi
1065 1469 1100 1507 se
1126 1470 1172 1507 ad
1193 1470 1361 1522 aliquem
1383 1470 1484 1523 quafi
1505 1479 1710 1522 patronum
1731 1483 1799 1523 ap-

406 1537 627 1589 plicaviffet,
650 1536 901 1587 intestatoque
925 1535 1013 1572 effet
1034 1544 1224 1579 mortuus,
1255 1549 1382 1573 nonne
1402 1537 1441 1573 in
1462 1549 1504 1572 ea
1523 1535 1708 1588 causajus
1732 1550 1800 1589 ap-

405 1602 638 1655 plicationis,
660 1601 866 1639 obscurum
885 1601 969 1638 sane
989 1609 1026 1638 et
1046 1600 1238 1653 ignotum,
1259 1600 1489 1653 patefactum
1509 1601 1549 1639 in
1564 1602 1728 1653 judicio,
1742 1611 1800 1640 at-

368 1683 378 1691 ·
407 1682 483 1721 que
503 1668 735 1705 illustratum
766 1667 818 1705 est
837 1681 857 1704 a
876 1667 1066 1720 patrono?
1099 1667 1205 1718 Qid
1227 1680 1360 1719 nuper,
1397 1681 1488 1705 cum
1519 1680 1590 1720 ego
1611 1669 1658 1706 C.
1683 1668 1802 1720 Sergii

408 1736 560 1773 Auratae
581 1742 712 1772 contra
744 1732 850 1771 hunc
882 1732 1052 1770 nostrum
1074 1732 1293 1771 Antonium
1308 1733 1458 1784 judicio
1484 1733 1631 1786 privato
1651 1734 1802 1772 causam

408 1801 667 1845 defenderem,
700 1814 826 1838 nonne
856 1800 983 1837 omnis
1017 1799 1140 1836 nostra
1168 1800 1207 1837 in
1234 1800 1320 1851 jure
1355 1799 1494 1838 versata
1527 1799 1692 1838 defenfio
1717 1800 1801 1838 est?

410 1869 515 1905 Cum
536 1868 641 1905 enim
669 1867 816 1904 Marius
839 1866 1086 1903 Gratidianus
1117 1865 1211 1903 aedes
1234 1867 1386 1903 Auratae
1406 1865 1641 1911 vendidiffet,
1680 1880 1804 1919 neque

411 1932 543 1970 servire
563 1932 755 1984 quandam
786 1946 915 1970 earum
935 1931 1073 1969 aedium
1094 1940 1242 1983 partem
1262 1931 1301 1968 in
1323 1932 1506 1984 mancipii
1526 1932 1609 1984 lege
1628 1932 1801 1976 dixiffet3

412 1998 724 2044 defendebamus,
754 1998 944 2051 quidquid
974 1997 1099 2035 fuifl‘et
1130 1998 1371 2035 incommodi
1402 1998 1441 2036 in
1473 1998 1680 2050 mancipio,
1712 1998 1750 2035 id
1778 1998 1803 2036 fi

412 2067 585 2104 venditor
604 2066 736 2110 sciffet,
758 2079 880 2118 neque
901 2064 1126 2108 declarasset,
1158 2064 1325 2115 praestare
1345 2064 1494 2102 debere.

467 2134 557 2184 Qo
592 2132 750 2183 quidem
783 2132 821 2168 in
842 2144 976 2183 genere
996 2129 1193 2167 familiaris
1216 2129 1336 2167 noster
1366 2131 1428 2167 M.
1453 2130 1697 2175 Bucculeius,
1730 2129 1802 2168 ho-

411 2211 477 2235 mo
499 2211 620 2248 neque
642 2211 727 2234 meo
742 2197 891 2248 judicio
911 2195 1061 2239 stultus,
1079 2203 1115 2232 et
1137 2194 1202 2231 suo
1217 2195 1324 2232 valde
1341 2195 1500 2247 sapiens,
1522 2204 1559 2233 et
1575 2196 1703 2247 ajuris
1726 2195 1803 2233 stu-

411 2265 475 2301 dio
496 2278 570 2301 non
592 2263 811 2307 abhorrens,
830 2262 942 2299 simili
966 2262 1003 2298 in
1021 2275 1057 2298 re
1073 2261 1240 2313 quodam
1257 2262 1374 2299 modo
1393 2275 1512 2314 nuper
1526 2262 1673 2300 erravit.
1699 2263 1804 2300 Nam

411 2344 502 2368 cum
535 2330 628 2367 aedes
651 2330 697 2367 L.
723 2329 835 2367 Fusio
855 2328 1045 2371 venderet,
1079 2328 1117 2364 in
1141 2328 1335 2380 mancipio
1360 2328 1520 2373 lumina,
1552 2329 1608 2366 uti
1642 2338 1726 2366 tum
1748 2328 1804 2366 es-

412 2396 504 2439 sent,
525 2396 575 2432 ita
596 2396 749 2447 recepit.
783 2394 915 2432 Fufius
937 2403 1079 2438 autem,
1102 2394 1213 2431 fimul
1235 2403 1348 2445 atque
1369 2393 1544 2431 aedificari
1563 2403 1735 2447 coeptum
1754 2394 1805 2431 est

413 2463 451 2499 in
473 2460 637 2513 quadam
673 2470 774 2513 parte
797 2460 915 2503 urbi&
947 2473 1031 2510 quae
1053 2459 1169 2496 modo
1189 2472 1235 2496 ex
1268 2459 1343 2496 illis
1365 2460 1509 2496 aedibus
1529 2459 1696 2512 conspici
1718 2459 1804 2512 pos—

411 2527 477 2572 set,
509 2527 586 2581 egit
618 2526 743 2564 statim
778 2540 869 2564 cum
906 2525 1129 2569 Bucculeio,
1179 2524 1297 2577 quod,
1342 2525 1577 2577 cuicumque
1611 2525 1805 2577 particulae
