2176 2912
807 153 1340 195 ORATOR.
1699 176 1779 216 447

375 245 442 284 has
463 254 557 284 artes
589 244 791 284 interefi'et.
851 246 958 284 Nam
993 259 1084 284 cum
1105 247 1372 301 compresserat
1392 250 1547 304 digitos,
1576 268 1778 308 pugnum-

375 326 449 365 que
469 311 621 356 fecerat,
653 312 892 349 dialesticam
922 313 1045 351 aiebat
1075 314 1262 366 ejusmodi
1288 316 1370 355 effe.
1431 320 1537 358 Cum
1556 331 1686 361 autem
1715 324 1778 361 di—

374 379 545 421 duxerat,
577 387 615 415 et
644 391 805 415 manum
835 378 1065 424 dilataverat,
1097 380 1234 432 palmae
1268 382 1372 421 illius
1394 384 1558 425 similem
1589 389 1777 442 eloquen-

373 444 468 480 tiam
489 443 559 481 effe
579 443 743 481 dicebat.
803 445 936 496 Atque
967 446 1083 483 etiam
1104 456 1190 484 ante
1211 446 1317 486 hunc
1344 450 1565 491 Aristoteles
1586 456 1779 509 principio

372 509 462 546 artis
496 507 695 546 rhetoricae
729 509 838 554 dicit,
870 509 979 548 illam
1006 521 1127 549 artem
1159 513 1262 564 quasi
1293 527 1339 552 ex
1363 515 1479 554 altera
1497 528 1601 570 parte
1622 521 1776 573 respon-

372 575 458 612 dere
491 575 719 612 dialecticae:
753 585 796 613 ut
825 574 902 614 hoc
928 577 1108 616 videlicet
1142 579 1321 618 differant
1355 582 1455 621 inter
1487 583 1536 629 se,
1568 587 1673 637 quod
1696 586 1778 626 haec

372 641 467 679 ratio
502 641 655 678 dicendi
684 641 795 679 latior
826 642 885 687 fit,
914 643 982 680 illa
1011 643 1196 696 loquendi
1229 649 1470 687 contractior.
1530 651 1632 689 Volo
1658 653 1778 705 igitur

372 705 466 744 huic
499 706 653 744 summo
683 720 858 752 omnem,
890 722 974 760 quae
1005 709 1051 747 ad
1078 710 1284 765 dicendum
1314 712 1415 751 trahi
1443 716 1569 767 potiit,
1591 717 1777 770 loquendi

372 773 561 810 rationem
592 772 661 810 effe
680 782 813 811 notam
832 788 840 811 :
873 788 958 825 quae
974 776 1134 826 quidem
1161 791 1217 815 res
1241 779 1364 830 (quod
1384 790 1421 818 te
1441 780 1501 819 his
1522 783 1667 822 artibus
1687 798 1776 823 eru-

371 839 499 877 ditum
533 840 698 876 minime
727 838 846 892 fallit)
878 841 1075 893 duplicem
1095 842 1210 882 habet
1240 845 1403 884 docendi
1424 848 1539 888 viam.
1600 851 1707 890 Nam
1738 862 1777 892 et

371 904 449 957 ipse
479 905 702 942 Aristoteles
733 906 889 943 tradidit
908 918 1098 960 praecepta
1116 910 1285 962 plurima
1319 912 1532 960 differendi,
1568 926 1605 955 et
1635 918 1774 970 postea,

371 971 439 1021 qui
459 970 648 1008 dialectici
668 971 864 1017 dicuntur,
896 972 1100 1025 spinofiora
1119 975 1242 1013 multa
1261 990 1501 1030 pepererunt.
1561 983 1666 1035 Ergo
1685 997 1777 1022 eum

371 1037 518 1081 censeo,
564 1037 632 1088 qui
665 1037 894 1089 eloquentiae
923 1039 1033 1077 laude
1067 1040 1241 1087 ducatur,
1277 1057 1356 1081 non
1387 1045 1457 1083 efi‘e
1486 1060 1617 1086 earum
1647 1063 1777 1088 rerum

371 1103 534 1141 omnino
569 1103 703 1141 rudem
720 1122 731 1147 ;
764 1103 825 1141 sed
856 1105 915 1142 vel
942 1105 1008 1143 illa
1041 1107 1209 1160 antiqua,
1241 1109 1300 1146 vel
1330 1109 1402 1148 hac
1424 1111 1630 1168 Chrysippi
1661 1116 1775 1154 disci-

368 1169 476 1222 plina
509 1169 718 1214 institutus,
753 1171 902 1209 noverit
934 1170 1109 1223 primum
1139 1174 1233 1219 vim,
1271 1186 1460 1223 naturam,
1482 1193 1618 1232 genera
1639 1183 1775 1221 verbo-

371 1249 473 1280 rum,
496 1245 533 1272 et
553 1235 790 1288 fimplicium
810 1246 847 1273 et
867 1238 1161 1290 copulatorum:
1185 1241 1321 1280 deinde
1342 1254 1438 1295 quot
1458 1247 1584 1285 modis
1605 1249 1777 1302 quidque

371 1301 545 1339 dicatur:
578 1315 653 1353 qua
671 1303 817 1340 ratione
836 1317 985 1348 verum,
1017 1303 1205 1343 falsumne
1236 1307 1294 1352 fit,
1317 1309 1540 1360 judicetur:
1573 1314 1667 1365 quid
1687 1315 1774 1352 effi-

370 1368 494 1405 ciatur
512 1381 531 1405 e
552 1381 707 1420 quoque
725 1384 733 1406 :
766 1369 859 1421 quid
879 1370 941 1407 cui
973 1371 1208 1424 consequens
1229 1373 1286 1418 fit,
1318 1376 1490 1429 quidque
1509 1381 1744 1419 contrarium
1761 1397 1771 1420 :

370 1447 540 1486 cumque
560 1434 742 1486 ambigue
772 1436 896 1473 multa
916 1435 1104 1482 dicantur,
1127 1441 1325 1490 quomodo
1356 1443 1527 1495 quidque
1555 1459 1690 1484 eorum
1711 1448 1773 1485 di-

370 1500 463 1544 vidi,
493 1501 764 1553 explanarique
798 1512 983 1555 oporteat.
1043 1504 1142 1542 Haec
1174 1508 1336 1544 tenenda
1364 1508 1451 1547 sunt
1482 1512 1647 1550 oratori:
1679 1513 1774 1567 saepe

368 1568 475 1605 enim
496 1577 716 1606 occurrunt·
777 1569 847 1606 Sed
868 1570 957 1621 quia
978 1569 1042 1607 sua
1060 1570 1192 1623 sponte
1212 1572 1438 1624 squalidiora
1457 1576 1556 1623 sunt,
1585 1578 1772 1619 adhiben-

370 1633 441 1671 dus
463 1634 534 1672 erit
553 1635 593 1672 in
614 1633 675 1672 his
696 1635 931 1687 explicandis
953 1637 1112 1688 quidam
1130 1640 1311 1678 orationis
1332 1642 1447 1681 nitor.

424 1701 618 1739 XXXIII.
652 1702 704 1739 Et
735 1703 921 1753 quoniam
956 1703 997 1740 in
1017 1705 1215 1751 omnibus,
1246 1721 1330 1759 quae
1356 1710 1501 1748 ratione
1521 1711 1706 1750 docentur
1734 1723 1772 1753 et

369 1766 443 1809 via,
475 1766 649 1817 primum
680 1767 989 1805 constituendum
1020 1768 1085 1813 est,
1117 1771 1213 1822 quid
1246 1773 1419 1825 quidque
1453 1775 1511 1820 fit,
1545 1777 1632 1828 (nifi
1665 1779 1773 1818 enim

366 1831 467 1868 inter
486 1843 563 1875 eos,
596 1831 663 1883 qui
684 1831 908 1884 disceptent,
935 1836 1127 1880 convenit,
1160 1837 1255 1888 quid
1275 1838 1319 1876 fit
1342 1840 1454 1885 illud,
1477 1841 1523 1879 de
1543 1856 1621 1894 quo
1641 1844 1770 1882 ambi-

366 1897 473 1949 gitur
487 1916 499 1942 ;
532 1911 601 1935 nec
622 1900 721 1936 recte
740 1898 877 1944 differi,
901 1913 970 1938 nec
998 1914 1170 1953 unquam
1190 1903 1236 1940 ad
1255 1905 1405 1944 exitum
1426 1910 1613 1959 perveniri
1629 1911 1769 1964 potest)

367 1962 595 2016 explicanda
614 1963 667 2001 est
686 1963 778 2017 saepe
799 1965 922 2004 verbis
943 1980 1051 2005 mens
1073 1968 1195 2006 nostra
1214 1969 1260 2006 de
1281 1984 1432 2024 quaque
1453 1987 1504 2018 re,
1524 1983 1638 2026 atque
1657 1977 1771 2016 invo-

367 2029 458 2068 lutae
477 2030 532 2068 rei
551 2031 690 2069 notitia
709 2031 929 2071 definiendo
959 2035 1156 2087 aperienda
1186 2035 1238 2074 est
1249 2055 1262 2082 3
1293 2037 1320 2075 fi
1347 2039 1505 2090 quidem
1527 2040 1699 2082 definitio
1718 2045 1771 2082 est

366 2097 501 2142 oratio,
524 2111 621 2150 quae,
641 2098 736 2151 quid
756 2099 801 2136 fit
821 2099 874 2145 id,
897 2100 942 2138 de
963 2115 1042 2154 quo
1061 2103 1200 2154 agitur,
1221 2103 1386 2143 ostendit
1405 2120 1523 2159 quam
1539 2108 1768 2150 breviffime.

367 2163 491 2207 Tum,
514 2173 557 2201 ut
576 2163 661 2209 scis,
683 2166 874 2217 explicato
893 2179 1032 2220 genere
1052 2169 1236 2221 cujusque
1263 2170 1330 2215 rei,
1361 2172 1571 2212 videndum
1592 2175 1658 2220 est,
1686 2191 1770 2228 quae

367 2227 440 2266 fint
459 2230 538 2280 ejus
559 2231 707 2282 generis
726 2231 800 2269 five
818 2231 954 2272 formae
974 2234 1047 2272 five
1066 2245 1205 2288 partes,
1227 2245 1270 2274 ut
1290 2237 1331 2275 in
1351 2251 1411 2277 eas
1433 2240 1623 2279 tribuatur
1641 2244 1769 2280 omnis

368 2294 505 2332 oratio.

422 2360 511 2398 Erit
540 2360 660 2413 igitur
692 2361 774 2401 haec
794 2362 953 2404 facultas
985 2367 1026 2404 in
1046 2380 1106 2411 e0‚
1137 2381 1256 2419 quem
1285 2370 1464 2410 volumus
1485 2371 1555 2410 effe
1581 2372 1766 2424 cloquen-

367 2434 465 2473 tem,
487 2436 531 2465 ut
551 2427 707 2467 definire
728 2443 809 2468 rem
829 2431 954 2483 poffit,
969 2446 1093 2485 neque
1114 2433 1153 2471 id
1167 2432 1283 2474 faciat
1300 2445 1378 2475 tam
1394 2437 1523 2489 preffe,
1540 2446 1578 2476 et
1597 2437 1765 2490 anguste,
