2176 2912
604 187 925 230 LIBER
1000 186 1486 228 TERTIUS.
1670 192 1746 246 285

345 281 544 322 constri6³oe
563 282 633 320 effe
664 282 857 319 dixerunt.
916 279 1090 319 Nullum
1119 279 1171 318 est
1191 281 1297 318 enim
1317 294 1438 334 genus
1473 295 1612 329 rerum,
1640 287 1745 338 quod

343 359 409 387 aut
428 348 600 386 avulsum
625 361 646 385 a
678 348 822 385 caeteris
849 360 914 400 per
944 346 1108 399 seipsum
1142 346 1323 392 constare,
1354 357 1419 385 aut
1449 362 1527 400 quo
1553 361 1684 390 caetera
1717 353 1744 390 fi

342 422 506 458 careant,
528 415 608 451 vim
629 413 734 451 suam
755 422 867 465 atque
888 413 1139 450 aeternitatem
1158 413 1374 451 conservare
1393 413 1546 466 poffint.

397 480 469 517 VI.
502 479 572 517 Sed
592 479 618 517 fi
648 478 729 517 haec
749 481 872 530 major
901 478 972 516 effe
1002 479 1098 516 ratio
1127 479 1291 524 videtur,
1324 493 1441 532 quam
1473 489 1516 518 ut
1535 480 1742 523 hominum

340 544 454 598 poffit
473 544 580 582 sensu
610 554 675 582 aut
705 545 937 598 cogitatione
957 543 1247 597 comprehendi,
1279 546 1331 584 est
1350 546 1467 584 etiam
1488 547 1553 584 illa
1572 549 1742 588 Platonis

339 624 439 656 vera,
461 620 498 649 et
518 611 604 656 tibi,
628 611 780 657 Catule,
811 620 912 648 certe
938 624 1015 648 non
1032 611 1203 649 inaudita
1222 625 1311 657 vox,
1335 613 1509 651 Omnem
1529 613 1743 654 doctrinam

338 673 479 714 harum
499 676 754 728 ingenuarum
774 684 811 713 et
831 675 1090 714 humanarum
1115 677 1254 714 artium
1273 691 1350 715 uno
1365 678 1534 730 quodam
1554 679 1741 719 societatis

338 742 496 780 vinculo
517 742 721 780 contineri.
781 742 863 800 [ghi
883 742 988 779 enim
1017 742 1209 794 persped‘ca
1228 744 1282 781 vis
1303 743 1355 781 est
1375 744 1529 782 rationis
1549 746 1643 797 ejus,
1666 761 1741 800 qua

337 808 456 846 causae
490 822 617 846 rerum
652 818 766 860 atque
799 809 922 862 exitus
957 808 1254 860 cognoscuntur,
1299 810 1420 848 mirus
1457 812 1616 863 quidam
1650 827 1738 851 om-

337 874 448 911 nium
469 875 570 926 quafi
588 873 786 911 consensus
808 874 1082 918 doctrinarum,
1114 876 1397 928 concentusque
1419 879 1616 929 reperitur.
1667 881 1739 918 Sed

336 938 363 976 fi
383 938 459 977 hoc
479 953 634 991 quoque
653 939 804 977 videtur
822 939 891 976 effe
909 940 1036 984 altius,
1058 953 1176 992 quam
1198 950 1241 978 ut
1261 941 1299 978 id
1317 955 1385 979 nos
1402 941 1517 980 humi
1537 944 1639 982 strati
1658 946 1737 984 sus-

336 1006 460 1058 picere
480 1006 677 1058 poffimus,
709 1006 807 1044 illud
837 1015 939 1044 certe
958 1015 1101 1052 tamen,
1133 1007 1237 1059 quod
1257 1009 1425 1061 amplexi
1452 1009 1597 1056 sumus,
1632 1013 1737 1064 quod

334 1071 577 1122 profitemur,
609 1071 714 1123 quod
734 1071 979 1125 suscepimus,
1011 1072 1114 1111 noffe
1133 1082 1170 1111 et
1190 1082 1316 1112 tenere
1335 1075 1534 1114 debemus.
1577 1078 1665 1115 Una
1685 1079 1737 1117 est

334 1137 456 1182 enim,
478 1137 582 1189 quod
608 1146 646 1175 et
676 1151 748 1190 ego
767 1136 938 1176 hesterna
968 1138 1029 1176 die
1060 1139 1155 1184 dixi,
1185 1149 1224 1177 et
1243 1140 1391 1192 aliquot
1408 1141 1502 1180 locis
1529 1145 1736 1182 antemeri-

335 1201 450 1241 diano
470 1203 640 1242 sermone
670 1203 896 1256 significavit
915 1205 1125 1250 Antonius,
1154 1206 1387 1259 eloquentia,
1418 1208 1664 1262 quascunque
1694 1211 1735 1249 in

333 1282 416 1306 oras
437 1269 718 1322 disputationis,
741 1270 954 1322 regionesve
974 1270 1097 1308 delata
1115 1271 1181 1310 est.
1213 1273 1321 1311 Nam
1340 1273 1413 1310 five
1433 1273 1479 1311 de
1499 1275 1581 1312 caeli
1601 1285 1735 1315 natura

332 1334 520 1386 loquitur,
552 1336 624 1374 five
649 1336 695 1374 de
715 1345 820 1374 terrae
835 1355 848 1381 ;
880 1336 952 1375 five
969 1336 1015 1375 de
1044 1337 1172 1375 divina
1190 1338 1242 1383 vi,
1273 1338 1346 1376 five
1366 1339 1411 1376 de
1430 1338 1600 1379 humana
1615 1360 1626 1386 3
1659 1333 1733 1381 five

330 1413 380 1439 ex
399 1401 577 1440 inferiore
596 1403 696 1447 loco,
718 1403 791 1441 five
809 1417 855 1441 ex
874 1417 998 1455 aequo,
1020 1403 1092 1441 five
1111 1417 1157 1442 ex
1178 1404 1365 1457 superiore
1377 1423 1389 1450 ς
1422 1405 1494 1444 five
1515 1417 1557 1445 ut
1587 1408 1730 1461 impel-

330 1467 384 1506 lat
403 1467 596 1514 homines,
633 1470 704 1508 five
731 1479 774 1508 ut
805 1471 951 1514 doceat,
983 1470 1055 1508 five
1076 1479 1119 1508 ut
1148 1471 1346 1516 deterreat,
1383 1473 1455 1510 five
1475 1483 1518 1511 ut
1546 1477 1730 1522 concitet,

330 1533 405 1571 five
438 1544 481 1573 ut
500 1535 676 1580 reflectat,
709 1536 782 1574 five
810 1545 854 1574 ut
874 1536 1064 1580 incendat,
1086 1536 1159 1574 five
1180 1546 1223 1575 ut
1239 1537 1382 1583 leniat3
1415 1538 1488 1576 five
1507 1540 1552 1577 ad
1572 1555 1728 1594 paucos,

328 1599 403 1637 five
436 1601 482 1638 ad
515 1602 675 1647 multos,
707 1602 779 1640 five
811 1603 910 1640 inter
942 1602 1098 1647 alienos,
1129 1603 1203 1642 five
1236 1617 1328 1642 cum
1358 1603 1447 1649 suis,
1485 1605 1558 1643 five
1583 1607 1727 1654 secum,

330 1666 419 1704 rivis
440 1667 492 1704 est
512 1667 664 1706 diducta
683 1669 817 1714 oratio,
839 1682 917 1707 non
937 1667 1111 1707 fontibus
1127 1688 1139 1715 5
1173 1679 1224 1716 et,
1246 1684 1480 1724 quocunque
1500 1673 1724 1727 ingreditur,

328 1732 465 1771 eodem
484 1733 535 1771 est
554 1735 739 1772 instructu
758 1745 970 1787 ornatuque
989 1736 1184 1776 comitata.

388 1799 459 1836 Sed
480 1801 663 1851 quoniam
683 1802 842 1853 oppreffi
858 1802 940 1853 jam
957 1801 1086 1840 sumus
1102 1803 1349 1856 opinionibus
1370 1819 1447 1843 non
1467 1806 1583 1845 modo
1602 1807 1724 1859 vulgi,

327 1878 462 1903 verum
483 1867 598 1904 etiam
619 1865 828 1904 hominum
849 1868 983 1906 leviter
1005 1869 1258 1914 eruditorum,
1289 1871 1371 1922 qui,
1403 1885 1487 1923 quae
1516 1874 1726 1926 complecti

327 1939 407 1969 tota
426 1942 638 1984 nequeunt,
655 1932 736 1970 haec
756 1932 905 1971 facilius
921 1934 1064 1973 divulsa
1083 1944 1120 1972 et
1139 1936 1240 1987 quafi
1261 1936 1446 1989 discerpta
1461 1941 1697 1978 contrectant
1708 1958 1723 1986 3

325 1998 462 2050 etqui,
486 2008 668 2051 tanquam
702 2000 748 2038 ab
769 2000 898 2038 animo
918 2014 1069 2054 corpus,
1101 2002 1150 2039 fic
1181 2015 1201 2039 a
1231 2002 1424 2040 sententiis
1446 2004 1572 2050 verba,
1594 2005 1722 2058 sejun-

324 2075 436 2117 gunt,
469 2079 635 2117 quorum
666 2066 741 2103 fine
767 2066 923 2104 interitu
945 2067 1025 2105 fieri
1046 2077 1227 2106 neutrum
1247 2069 1366 2121 potest
1379 2087 1391 2114 ς
1424 2083 1500 2108 non
1521 2071 1723 2124 suscipiam

323 2131 494 2168 oratione
527 2145 611 2170 mea
641 2132 727 2184 plus
759 2146 876 2184 quam
907 2132 1007 2172 mihi
1038 2134 1278 2186 imponitur:
1313 2145 1464 2173 tantum
1498 2137 1720 2189 significabo

325 2195 443 2239 brevi,
476 2210 598 2248 neque
629 2198 830 2237 verborum
851 2208 1029 2237 ornatum
1059 2201 1220 2238 inveniri
1247 2200 1347 2252 poffe
1378 2215 1454 2239 non
1481 2203 1628 2255 partitis
1649 2218 1717 2242 ex-

324 2261 522 2313 pressisque
542 2262 750 2308 sententiis,
783 2278 906 2316 neque
925 2265 996 2304 effe
1026 2266 1145 2304 ullam
1174 2266 1399 2304 sententiam
1425 2267 1610 2306 illustrem
1642 2270 1718 2307 fine

324 2328 409 2364 luce
427 2327 643 2366 verborum.
676 2329 745 2366 Sed
763 2331 880 2381 prius,
903 2345 1017 2383 quam
1032 2332 1097 2369 illa
1117 2346 1234 2370 conor
1250 2334 1449 2385 attingere,
1469 2335 1610 2386 quibus
1630 2349 1714 2372 ora-

322 2394 469 2431 tionem
489 2395 612 2431 ornari
632 2404 743 2446 atque
765 2395 973 2435 illuminari
1001 2408 1149 2450 putem,
1179 2413 1391 2452 proponam
1413 2400 1588 2445 breviter,
1620 2401 1714 2452 quid

322 2458 480 2496 sentiam
501 2458 546 2495 de
568 2460 739 2496 universo
755 2474 889 2512 genere
908 2462 1074 2500 dicendi.

378 2524 468 2563 VH.
501 2524 650 2563 Natura
669 2525 774 2564 nulla
794 2525 858 2572 est,
892 2527 953 2579 (ut
973 2527 1072 2567 mihi
1091 2528 1259 2581 videtur)
1277 2543 1375 2582 ·quae
1404 2543 1481 2570 non
1507 2529 1644 2568 habeat
1670 2529 1711 2568 in
