2176 2912
470 199 545 239 216
824 199 938 237 DE
1015 195 1520 236 ORATORE

467 291 565 337 foro,
602 291 754 335 tabulae,
786 291 1014 335 testimonia,
1060 292 1180 343 pacta,
1223 299 1422 333 conventa,
1465 287 1740 342 stipulationes,
1769 301 1865 341 cog·

468 358 654 401 nationes,
676 357 890 401 affinitates,
922 357 1083 400 decreta,
1116 355 1297 408 responsa,
1329 356 1407 392 vita
1435 355 1602 407 denique
1627 367 1775 399 eorum,
1798 354 1865 406 qui

468 423 508 460 in
542 422 649 461 causa
682 422 888 467 versantur,
921 431 999 459 tota
1032 421 1292 474 cognoscenda
1326 420 1378 458 est
1396 435 1404 458 :
1442 433 1605 472 quarum
1638 432 1765 457 rerum
1796 433 1865 457 ne-

467 482 654 541 gligentia
673 487 866 540 plerasque
885 487 1023 530 causas,
1054 497 1091 524 et
1112 487 1280 524 maxime
1300 487 1460 539 privatas
1490 485 1594 537 (sunt
1614 485 1719 522 enim
1741 484 1867 522 multo

468 554 561 606 saepe
594 553 845 604 obscuriores)
881 552 1056 590 videmus
1091 553 1231 590 amitti.
1283 553 1341 589 Ita
1361 551 1554 595 nonnulli,
1586 551 1680 588 dum
1710 540 1871 603 operam>

470 619 574 657 suam
593 619 758 657 multam
778 618 986 656 existimari
1005 618 1155 661 volunt,
1187 627 1230 654 ut
1252 626 1333 654 toto
1354 616 1438 654 foro
1463 616 1633 660 volitare,
1664 624 1701 653 et
1722 629 1741 652 a
1760 615 1868 653 causa

469 686 514 723 ad
535 684 683 722 causam
701 684 753 721 ire
773 683 986 726 videantur,
1004 682 1129 720 causas
1150 682 1286 720 dicunt
1303 682 1530 734 incognitas.
1565 683 1609 719 In
1630 694 1709 733 quo
1732 681 1784 718 est
1804 681 1870 718 illa

469 750 628 802 quidem
649 762 786 800 magna
805 747 976 791 offensio,
995 748 1053 785 vel
1072 747 1328 799 negligentiae,
1346 746 1526 799 susceptis
1542 746 1653 784 rebus
1668 764 1678 790 ;
1707 746 1764 784 vel
1780 759 1867 799 per-

470 815 581 859 fidiae,
618 815 804 867 receptis:
838 813 897 851 sed
929 814 1046 851 etiam
1068 812 1132 850 illa
1159 813 1279 865 major
1298 813 1494 865 opinione,
1526 812 1631 864 quod
1651 825 1766 850 nemo
1796 825 1867 865 po-

470 881 539 918 test
559 881 605 918 de
621 895 662 918 ea
684 894 735 924 re,
767 894 884 931 quam
917 893 993 918 non
1012 880 1132 923 novit,
1164 892 1241 917 non
1263 878 1474 931 turpiffime
1494 878 1631 916 dicere.
1693 878 1750 915 Ita
1773 878 1869 916 dum

470 947 614 986 inertiae
634 941 968 998 vituperationem,
1000 959 1084 997 quae
1102 945 1222 996 major
1237 945 1301 989 est,
1333 952 1604 988 contemnunt,
1625 943 1870 996 assequuntur

471 1013 588 1050 etiam
609 1011 731 1056 illam,
763 1024 881 1063 quam
902 1011 1023 1063 magis
1045 1010 1113 1063 ipfi
1134 1009 1304 1063 fugiunt,
1328 1010 1527 1047 tarditatis.

527 1078 723 1130 Equidem
742 1076 841 1115 soleo
857 1077 942 1114 dare
962 1090 1132 1129 operam,
1155 1085 1198 1114 ut
1220 1076 1265 1113 de
1286 1075 1348 1113 sua
1367 1075 1528 1127 quisque
1549 1088 1588 1112 re
1609 1087 1672 1111 me
1693 1074 1770 1126 ipse
1797 1074 1867 1112 do-

472 1153 568 1188 ceat,
585 1152 622 1180 et
644 1152 686 1180 ut
706 1156 753 1180 ne
773 1143 859 1194 quis
877 1142 972 1180 alius
990 1142 1096 1186 adfit,
1118 1155 1196 1194 quo
1216 1142 1372 1178 liberius
1392 1141 1595 1192 loquatur;
1628 1148 1665 1176 et
1681 1152 1787 1192 agere
1802 1139 1870 1177 ad-

472 1210 620 1249 versarii
637 1209 800 1253 causam,
834 1218 875 1247 ut
896 1209 962 1246 ille
982 1217 1067 1261 agat
1088 1208 1206 1252 suam,
1238 1217 1288 1252 et,
1310 1207 1502 1259 quidquid
1522 1207 1568 1245 de
1588 1206 1651 1244 sua
1666 1220 1704 1244 re
1723 1207 1871 1259 cogita-

473 1278 534 1322 rit,
564 1278 602 1314 in
619 1277 793 1314 medium
823 1274 1000 1328 proferat.
1048 1275 1180 1326 Itaque
1199 1288 1291 1312 cum
1319 1275 1384 1312 ille
1404 1274 1577 1318 disceffit,
1600 1282 1672 1310 tres
1698 1272 1870 1326 personas

473 1357 572 1382 unus
593 1343 753 1381 sustineo
773 1343 922 1380 summa
941 1341 1061 1379 animi
1092 1341 1281 1393 aequitate,
1315 1354 1454 1385 meam,
1486 1339 1695 1383 adversarii,
1712 1339 1869 1392 judicis.

475 1411 556 1462 Qi
577 1411 684 1448 locus
701 1409 753 1447 est
770 1410 868 1454 talis,
887 1418 928 1446 ut
953 1409 1039 1461 plus
1071 1407 1208 1446 habeat
1228 1408 1454 1460 adjumenti,
1477 1421 1593 1460 quam
1618 1406 1870 1451 incommodi,

473 1476 578 1514 hunc
595 1476 728 1527 judico
755 1475 824 1513 effe
844 1475 1054 1513 dicendum
1073 1489 1081 1511 ε
1116 1474 1181 1512 ubi
1199 1474 1284 1526 plus
1306 1474 1411 1518 mali,
1443 1488 1561 1526 quam
1583 1473 1688 1517 boni,
1712 1473 1868 1525 reperio,

474 1543 512 1580 id
535 1552 662 1579 totum
683 1541 875 1592 abjudico,
893 1550 1006 1592 atque
1026 1540 1151 1591 ejicio.
1186 1540 1241 1577 Ita
1261 1539 1442 1591 affequor,
1462 1549 1504 1577 ut
1520 1539 1594 1576 alio
1611 1548 1784 1590 tempore
1803 1552 1871 1576 co-

473 1608 609 1659 gitem,
646 1607 739 1659 quid
761 1606 900 1649 dicam,
932 1614 969 1643 et
996 1605 1070 1642 alio
1096 1605 1249 1642 dicam:
1282 1619 1366 1657 quae
1391 1605 1467 1642 duo
1498 1605 1683 1657 plerique,
1716 1604 1872 1656 ingenio

474 1671 577 1715 freti,
609 1671 720 1709 fimul
742 1670 902 1708 faciunt.
964 1669 1033 1707 Sed
1055 1679 1154 1707 certe
1174 1670 1291 1707 iidem
1312 1670 1370 1707 illi
1392 1670 1529 1707 melius
1550 1669 1746 1721 aliquanto
1766 1669 1872 1706 dice—

473 1748 571 1782 rent,
591 1738 613 1775 fi
637 1737 739 1774 aliud
756 1736 984 1774 sumendum
1006 1736 1073 1773 fibi
1095 1746 1246 1788 tempus
1275 1736 1319 1773 ad
1339 1735 1602 1788 cogitandum,
1626 1735 1728 1772 aliud
1746 1734 1791 1772 ad
1811 1735 1871 1772 di-

473 1804 654 1847 cendum,
674 1812 860 1855 putarent.
896 1804 998 1840 Cum
1017 1815 1097 1839 rem
1119 1802 1269 1854 penitus
1287 1801 1513 1854 causamque
1539 1801 1716 1853 cognovi,
1748 1800 1873 1838 statim

474 1871 641 1908 occurrit
660 1871 802 1914 animo,
835 1884 918 1921 quae
939 1870 982 1907 s1t
999 1869 1107 1906 causa
1126 1869 1313 1921 ambigui.
1347 1868 1463 1907 Nihil
1484 1868 1535 1906 est
1551 1869 1670 1912 enim,
1691 1868 1793 1919 quod
1810 1868 1871 1904 in-

476 1946 532 1974 ter
551 1935 727 1973 homines
749 1936 989 1988 ambigatur;
1022 1935 1093 1972 five
1114 1948 1160 1973 ex
1181 1935 1342 1972 crimine
1363 1935 1469 1972 causa
1489 1934 1645 1977 constet,
1666 1943 1707 1970 ut
1724 1932 1871 1970 facino-

476 2003 525 2039 ris
543 2021 552 2045 ς
586 2002 657 2039 five
676 2016 721 2039 ex
738 2001 1000 2045 controversia,
1033 2010 1074 2038 ut
1095 1999 1337 2043 hereditatis,
1361 2000 1432 2037 five
1452 2013 1497 2036 ex
1515 1998 1798 2041 deliberatione,
1832 2006 1873 2035 ut

477 2068 568 2105 belli
586 2086 596 2111 3
630 2068 699 2104 five
720 2082 765 2105 ex
784 2068 951 2120 persona,
975 2077 1015 2104 ut
1033 2067 1179 2110 laudis;
1204 2066 1275 2103 five
1290 2080 1336 2103 ex
1354 2065 1620 2117 disputatione,
1636 2074 1676 2101 ut
1694 2064 1738 2101 de
1757 2063 1871 2100 ratio-

475 2147 523 2170 ne
540 2133 691 2169 vivendi
711 2151 721 2177 ;
754 2133 791 2169 in
813 2147 890 2184 quo
910 2147 984 2170 non
1001 2141 1064 2169 aut
1082 2131 1188 2183 Qid
1210 2130 1353 2168 factum
1372 2131 1427 2174 fit,
1460 2139 1523 2167 aut
1541 2129 1618 2173 fiat,
1650 2128 1872 2167 futurumve
1930 2180 1933 2182 -

475 2201 536 2243 sit,
559 2208 761 2250 qua-ratur,
784 2209 846 2236 aut
864 2199 988 2251 Qale
1010 2198 1066 2243 sit,
1089 2207 1152 2236 aut
1169 2197 1275 2248 Qid
1293 2206 1462 2234 vocetur.

532 2265 659 2302 XXV.
693 2267 751 2302 Ac
772 2265 902 2302 nostrae
919 2265 1048 2309 causae,
1071 2279 1154 2316 quae
1171 2264 1327 2315 quidem
1345 2262 1429 2300 sunt
1446 2262 1671 2306 criminum,
1700 2261 1872 2314 plerum-

475 2344 549 2383 que
583 2329 807 2366 infitiatione
838 2329 1108 2367 defenduntur.
1169 2329 1274 2367 Nam
1306 2337 1343 2365 et
1374 2329 1419 2365 de
1447 2328 1618 2380 pecuniis
1641 2327 1872 2379 repetundis,

476 2410 560 2448 quae
591 2396 767 2432 maxima:
788 2393 887 2438 sunt,
919 2395 1089 2447 neganda
1108 2394 1185 2432 fere
1207 2394 1291 2431 sunt
1321 2395 1473 2431 onmia:
1507 2403 1544 2430 et
1560 2393 1605 2429 de
1623 2393 1772 2430 ambitu
1794 2405 1874 2429 raro

476 2461 574 2499 illud
591 2461 713 2505 datur,
746 2471 788 2499 ut
807 2460 916 2513 poffis
934 2461 1200 2498 liberalitatem
1222 2473 1263 2498 ac
1281 2461 1557 2512 benignitatem
1579 2460 1625 2496 ab
1646 2459 1794 2497 ambitu
1814 2466 1873 2495 at-

477 2542 552 2582 que
573 2528 772 2581 largitione
794 2527 997 2579 sejungere.
1059 2528 1119 2564 De
1134 2526 1286 2572 sicariis,
1317 2526 1363 2564 de
1386 2525 1592 2569 veneficiis,
1619 2525 1663 2563 de
1682 2524 1873 2578 peculatu,
