2176 2912
454 256 530 295 282
773 257 894 295 DE
981 257 1530 296 ORATORE

453 361 532 386 non
558 348 702 387 sceleris
738 348 872 387 nefarii
904 350 1096 402 principes
1128 350 1292 388 civitatis
1325 363 1421 395 reos,
1451 364 1529 388 non
1558 349 1711 388 lustum
1746 349 1846 395 filiae,

452 429 531 453 non
551 416 712 453 exilium
728 416 871 468 generi,
888 430 964 454 non
985 415 1261 455 acerbiffimam
1279 417 1326 454 C.
1346 416 1465 454 Marii
1485 415 1633 468 fugam,
1648 429 1725 454 non
1743 416 1851 454 illam

452 481 536 533 post
565 481 730 519 reditum
762 482 842 532 ejus
872 483 1015 519 caedem
1036 482 1216 519 omnium
1236 481 1546 526 crudeliffimam,
1578 495 1655 519 non
1686 481 1852 533 denique

453 549 494 584 in
514 548 623 585 omni
643 561 776 600 genere
797 546 1050 585 deformatam
1070 561 1154 585 eam
1173 548 1384 592 civitatem,
1406 548 1446 585 in
1467 561 1541 600 qua
1566 547 1643 600 ipse
1663 546 1851 586 florentis-
1877 558 1880 560 “

454 612 546 650 sima
567 613 737 650 multum
758 613 941 650 omnibus
961 613 1083 664 gloria
1102 611 1337 664 praestitiffet.

511 680 583 717 III.
617 679 688 717 Sed
709 679 894 731 quoniam
915 678 1023 729 attigi
1044 678 1275 730 cogitatione
1295 678 1390 722 vim,
1409 678 1707 730 varietatemque
1725 677 1851 716 fortu-

455 759 525 789 nae,
541 759 617 782 non
639 744 836 796 vagabitur
855 744 976 781 oratio
996 757 1083 781 mea
1100 743 1268 795 longius,
1290 752 1404 795 atque
1420 743 1473 781 eis
1493 742 1570 781 fere
1589 743 1675 796 ipfis
1693 743 1853 781 definie-

455 819 518 847 tur
538 811 641 853 viris,
664 810 730 861 qui
751 808 827 846 hoc
848 809 1032 853 sermone,
1064 823 1183 861 quem
1202 807 1337 847 referre
1357 809 1561 861 coepimus,
1592 809 1851 847 continentur.

455 876 556 926 Qis
587 875 693 913 enim
723 888 801 913 non
827 876 913 926 jure
943 875 1094 912 beatam
1114 875 1161 912 L.
1185 873 1302 912 Crafii
1337 884 1504 912 mortem
1535 874 1658 918 illam,
1689 888 1774 926 quae
1803 874 1856 912 est

455 955 474 978 a
495 941 630 978 multis
652 940 745 993 saepe
764 940 914 984 defleta,
945 940 1098 984 dixerit,
1121 953 1214 977 cum
1233 938 1376 977 horum
1397 939 1567 993 ipsorum
1597 939 1656 985 fit,
1680 941 1746 992 qui
1768 948 1855 977 tum

455 1020 548 1044 cum
579 1006 646 1043 illo
666 1005 903 1058 postremum
933 1004 1010 1043 fere
1040 1005 1226 1043 collocuti
1257 1005 1357 1050 sunt,
1389 1014 1570 1043 eventum
1604 1004 1852 1043 recordatus?

455 1072 655 1109 Tenemus
685 1071 791 1108 enim
812 1071 1010 1114 memoria,
1043 1070 1319 1121 QCatulum,
1350 1070 1478 1107 virum
1498 1070 1605 1107 omni
1626 1070 1737 1107 laude
1757 1084 1853 1122 prae-

456 1136 630 1181 stantem,
661 1149 753 1173 cum
775 1135 843 1173 fibi
865 1149 941 1173 non
973 1135 1214 1173 incolumem
1233 1135 1445 1179 fortunam,
1467 1134 1529 1172 sed
1549 1134 1713 1172 exilium
1732 1143 1770 1172 et
1789 1133 1853 1172 fu-

455 1216 546 1254 gam
575 1203 852 1254 deprecaretur,
884 1201 954 1239 effe
989 1203 1178 1246 coactum,
1211 1210 1254 1239 ut
1285 1200 1363 1238 vita
1388 1200 1520 1253 seipse
1540 1200 1715 1253 privaret.
1766 1201 1855 1252 Jam

456 1268 519 1305 M.
554 1267 718 1305 Antonii
749 1268 789 1305 in
833 1266 893 1304 his
925 1267 1011 1319 ipfis
1043 1266 1182 1311 rostris,
1227 1268 1268 1304 in
1307 1266 1448 1319 quibus
1479 1266 1546 1304 ille
1575 1266 1857 1319 rempublicam

456 1333 751 1371 constantissime
784 1333 929 1370 Consul
968 1332 1198 1377 defenderat,
1241 1346 1402 1385 quaeque
1433 1332 1575 1370 Censor
1605 1332 1858 1385 imperatoriis

456 1400 650 1438 manubiis
685 1408 846 1443 ornarat,
878 1400 1045 1452 positum
1069 1408 1183 1452 caput
1206 1399 1303 1437 illud
1333 1398 1423 1444 fuit,
1454 1412 1474 1436 a
1500 1413 1579 1451 quo
1609 1407 1713 1436 erant
1747 1399 1853 1436 mul-

455 1474 585 1503 torum
606 1466 751 1502 civium
782 1465 906 1516 capita
925 1465 1077 1503 servata.
1145 1465 1284 1516 Neque
1304 1478 1392 1502 vero
1422 1465 1537 1517 longe
1556 1464 1602 1502 ab
1622 1477 1667 1502 eo
1689 1465 1735 1501 C.
1759 1464 1855 1515 Julii

456 1539 585 1582 caput,
617 1528 780 1581 hospitis
813 1530 964 1567 Etrusci
996 1529 1130 1566 scelere
1158 1530 1370 1580 proditum,
1401 1544 1492 1568 cum
1524 1531 1571 1568 L.
1595 1530 1692 1580 Julii
1725 1529 1851 1568 fratriS

456 1596 579 1647 capite
593 1595 741 1647 jacuit,
776 1602 817 1631 ut
838 1593 917 1639 ille,
953 1594 1021 1645 qui
1041 1592 1122 1631 haec
1143 1607 1220 1631 non
1241 1595 1350 1639 vidit,
1383 1604 1420 1632 et
1441 1594 1570 1633 vixiss‘e
1590 1608 1683 1632 cum
1713 1595 1854 1647 repub-

456 1660 529 1698 lica
548 1661 699 1712 pariter,
732 1668 880 1698 etcum
912 1659 978 1696 illa
1008 1659 1120 1697 fimul
1150 1660 1340 1698 extinctus
1358 1659 1440 1705 effe,
1472 1661 1656 1698 videatur.
1716 1661 1856 1713 Neque

456 1728 562 1764 enim
596 1728 858 1779 propinquum
891 1725 1017 1771 suum,
1050 1727 1212 1764 maximi
1246 1728 1366 1764 animi
1400 1727 1541 1771 virum,
1580 1728 1624 1765 P.
1660 1726 1859 1774 Craffum,

456 1793 584 1845 suapte
605 1791 850 1829 interfectum
871 1806 1003 1836 mann,
1037 1805 1161 1843 neque
1187 1792 1344 1845 collegae
1364 1792 1433 1837 sui,
1457 1792 1655 1830 pontificis
1677 1793 1853 1839 maximi,

456 1857 637 1909 sanguine
668 1857 913 1895 fimulacrum
935 1857 1055 1894 Vestae
1087 1856 1294 1909 respersum
1329 1857 1414 1902 effe,
1445 1858 1567 1896 vidit:
1601 1858 1664 1896 cui
1698 1860 1856 1897 moerori

459 1924 553 1975 (qua
573 1927 702 1961 mente
722 1923 788 1960 ille
808 1924 847 1961 in
866 1924 1028 1975 patriam
1048 1922 1142 1975 fuit)
1165 1924 1282 1961 etiam
1304 1925 1351 1962 C.
1375 1924 1577 1969 Carbonis,
1600 1924 1855 1962 inimiciffimi

456 1989 641 2034 hominis,
663 1990 796 2028 eodem
828 1989 896 2027 illo
917 1990 977 2027 die
998 2003 1100 2027 mors
1122 1989 1262 2027 nefaria
1288 1989 1428 2028 fuisset.
1488 1990 1582 2028 Non
1603 1990 1700 2028 vidit
1719 2003 1855 2028 eorum

456 2055 638 2106 ipsorum,
670 2056 735 2107 qui
759 2065 842 2094 tum
863 2055 1116 2093 adolescentes
1139 2055 1266 2092 Crass‘o
1287 2055 1322 2092 se
1343 2055 1525 2100 dicarant,
1554 2054 1755 2092 horribiles
1777 2056 1853 2093 mi-

457 2120 627 2172 serosque
661 2120 792 2164 casus,
825 2134 871 2157 ex
902 2121 1044 2172 quibus
1073 2122 1120 2157 C.
1148 2122 1276 2164 Cotta,
1308 2134 1425 2171 quem
1458 2120 1522 2157 ille
1543 2120 1742 2158 florentem
1765 2122 1854 2159 reli-

455 2195 601 2237 querat,
633 2186 762 2238 paucis
784 2185 917 2222 diebus
938 2185 1019 2237 post
1040 2195 1206 2222 mortem
1229 2185 1344 2224 Craffi
1372 2185 1550 2237 depulsus
1583 2199 1649 2238 per
1669 2186 1855 2225 invidiam
1904 2198 1907 2200 ’

456 2252 668 2296 tribunatu,
701 2264 778 2288 non
800 2251 934 2288 multis
956 2250 1001 2287 ab
1021 2264 1065 2288 eo
1097 2260 1268 2303 tempore
1296 2251 1488 2289 menfibus
1517 2253 1657 2303 ejecfms
1684 2252 1736 2290 est
1756 2266 1776 2289 e
1795 2254 1854 2290 ci·-

455 2318 584 2355 vitate.
646 2317 837 2369 Sulpicius
859 2326 1002 2360 autem,
1035 2317 1101 2368 qui
1134 2316 1173 2353 in
1203 2318 1335 2354 cadem
1366 2318 1516 2355 invidiae
1537 2317 1693 2355 flamma
1712 2317 1853 2364 suiffet,

461 2382 692 2435 quibuscum
715 2383 880 2434 privatus
902 2382 1206 2434 conjunctiflimc
1228 2383 1381 2427 vixerat,
1404 2382 1474 2421 hos
1492 2384 1530 2421 in
1549 2383 1744 2422 tribunatu
1766 2384 1854 2436 spo-

454 2449 545 2487 liare
576 2448 739 2486 instituit
759 2449 868 2485 omni
895 2448 1105 2500 dignitate:
1138 2448 1200 2486 cui
1221 2449 1378 2500 quidem
1406 2450 1452 2487 ad
1478 2449 1669 2487 summam
1690 2450 1853 2501 gloriam

454 2515 680 2566 eloquentia:
702 2514 925 2559 florescenti,
959 2513 1057 2552 ferro
1077 2523 1204 2567 erepta
1234 2515 1310 2552 vita
1340 2515 1405 2560 est,
1437 2525 1474 2554 et
1496 2529 1609 2569 poena
1631 2516 1853 2555 temeritatis

450 2594 530 2621 non
552 2580 626 2618 fine
647 2593 787 2633 magno
804 2579 1024 2633 reipublicae
1047 2580 1149 2619 malo
1169 2580 1385 2620 constituta.
