2176 2912
714 189 1385 230 PARTITIONES.
1674 207 1750 247 533

351 283 454 335 quod
474 282 659 335 arguitur,
691 293 755 320 aut
777 283 838 335 spe
859 283 1064 327 bonorum,
1095 291 1159 320 aut
1180 284 1372 322 malorum
1403 292 1510 321 metu
1543 283 1669 323 feciffe
1690 288 1751 324 di-

349 350 451 387 citur
466 368 477 393 ;
510 349 613 401 quod
644 348 688 386 fit
718 349 854 393 acrius,
885 349 963 400 quo
995 349 1060 385 illa
1079 349 1119 386 in
1155 359 1319 402 utroque
1350 363 1485 402 genere
1515 352 1658 403 majora
1677 366 1750 404 po-

348 422 506 451 nuntur.
567 414 789 464 Speehintur
809 414 925 450 etiam
956 413 1002 450 ad
1034 413 1185 451 causam
1216 413 1322 459 faeti,
1357 424 1485 453 motus
1512 417 1747 462 animorum,

348 478 374 515 si
403 479 457 515 ira
476 491 619 522 recens,
652 478 677 516 si
711 478 847 516 odium
875 487 997 523 vetus,
1035 478 1061 516 fi
1096 478 1305 517 ulciscendi
1337 480 1520 525 studium,
1552 481 1579 518 si
1602 482 1749 533 injuriae

346 543 468 588 dolor,
492 562 502 587 ;
535 544 561 581 fi
596 542 765 588 honoris,
802 545 827 582 fi
854 544 998 596 gloriae,
1030 544 1055 581 fi
1091 545 1263 597 imperii,
1292 545 1316 583 fi
1338 546 1509 597 pecuniae
1530 547 1746 598 cupiditas;

346 609 372 647 fi
405 610 567 662 periculi
602 610 732 655 timor,
764 610 790 648 si
817 623 864 648 aes
892 610 1078 655 alienum,
1114 611 1140 649 fi
1170 611 1349 664 angustiae
1382 612 1434 649 rei
1465 610 1690 657 familiaris3
1723 614 1750 650 fi

346 675 481 720 audax,
516 675 543 713 fi
578 674 684 720 levis,
728 676 755 713 fi
789 676 968 721 crudelis,
1004 677 1029 714 fi
1062 677 1272 729 impotens,
1309 678 1335 715 fi
1370 678 1559 722 incautus,
1596 678 1622 715 fi
1657 679 1748 717 infi-

346 741 466 793 piens,
498 742 524 779 fi
556 755 700 786 amam,
731 741 757 779 fi
789 751 986 779 commota
1006 751 1148 787 mente,
1183 742 1209 780 fi
1243 743 1476 788 vinolentus,
1506 744 1530 781 fi
1563 757 1654 782 cum
1686 744 1748 797 spe

344 806 550 851 efficiendi,
592 807 617 844 fi
649 820 741 844 cum
772 807 956 859 opinione
987 807 1134 844 celandi
1152 826 1163 851 ;
1207 817 1284 852 aut,
1316 808 1342 845 fi
1376 808 1609 861 patefaftum
1644 809 1746 854 effet,

345 871 561 924 depellendi
592 872 781 917 criminis,
818 872 877 909 vel
907 873 1183 924 perrumpendi
1217 873 1393 925 periculi,
1424 875 1482 911 vel
1515 875 1554 911 in
1590 875 1747 927 longin-

344 950 469 988 quum
492 947 644 990 tempus
666 937 894 981 differendi;
927 948 991 975 aut
1012 939 1036 976 fi
1052 938 1192 990 judicii
1224 947 1336 991 pcena
1356 940 1488 984 levior,
1520 953 1636 991 quam
1657 940 1747 978 sachi

343 1003 575 1054 praemium;
607 1012 671 1040 aut
700 1003 727 1040 fi
760 1002 940 1041 facinoris
975 1003 1150 1055 voluptas
1172 1004 1305 1055 major,
1343 1017 1459 1055 quam
1491 1005 1746 1043 damnationis

343 1067 466 1106 dolor.
526 1069 602 1106 His
624 1068 702 1105 fere
734 1069 844 1106 rebus
875 1067 964 1106 faeti
999 1068 1160 1121 suspicio
1186 1068 1449 1114 confirmatur,
1481 1084 1573 1107 cum
1604 1081 1642 1108 et
1676 1085 1744 1109 vo-

342 1133 500 1171 luntatis
521 1134 561 1171 in
583 1148 645 1172 reo
665 1134 782 1172 causae
801 1135 1055 1187 reperiuntur,
1077 1145 1114 1172 et
1132 1133 1306 1173 facultas.
1336 1136 1381 1173 In
1401 1136 1597 1174 voluntate
1617 1147 1745 1176 autem

343 1200 487 1237 utilitas
521 1214 568 1238 ex
597 1200 797 1252 adeptione
833 1200 993 1252 alicujus
1028 1201 1242 1246 commodi,
1288 1201 1549 1253 vitationeque
1582 1203 1743 1254 alicujus

342 1264 583 1303 incommodi
605 1267 799 1318 quaeritur,
832 1275 875 1303 ut
894 1275 958 1303 aut
991 1265 1086 1318 spes,
1115 1276 1178 1303 aut
1200 1275 1325 1304 metus
1346 1266 1538 1319 impulifl‘e
1559 1268 1742 1313 videatur,

343 1340 407 1369 aut
427 1332 522 1370 alius
544 1333 765 1384 repentinus
797 1332 917 1369 animi
937 1341 1080 1376 motus,
1113 1333 1180 1384 qui
1210 1333 1325 1369 etiam
1346 1333 1460 1370 citius
1482 1334 1521 1371 in
1552 1333 1741 1379 fraudem,

342 1411 460 1449 quam
492 1399 587 1436 ratio
608 1398 800 1441 utilitatis,
834 1397 1016 1449 impellit.
1077 1398 1343 1450 Qamobrem
1364 1398 1435 1435 fint
1466 1398 1546 1436 haec
1578 1399 1676 1436 dieta
1697 1401 1742 1437 de

341 1464 472 1503 caufis.
519 1465 692 1502 F1L1us.
714 1465 877 1510 Tene05
909 1473 946 1501 et
967 1477 1109 1516 quaero,
1132 1465 1200 1517 qui
1221 1464 1292 1502 sint
1313 1464 1371 1502 illi
1387 1475 1556 1509 eventus,
1579 1479 1675 1517 quos
1695 1480 1744 1504 ex·

340 1529 458 1567 caufis
479 1530 581 1568 effici
595 1530 740 1568 dixisti.

395 1596 588 1635 XXXIII.
622 1597 799 1634 PATER.
832 1595 1116 1648 Consequentia
1146 1596 1321 1647 quaedam
1347 1596 1449 1648 figna
1480 1597 1672 1648 praeteriti,
1703 1607 1741 1636 et

340 1661 441 1713 quasi
473 1661 649 1713 impressa
666 1660 756 1698 faeti
777 1661 955 1714 vestigia;
987 1675 1072 1713 quae
1094 1662 1251 1713 quidem
1273 1662 1332 1699 vel
1364 1663 1533 1699 maxime
1554 1663 1737 1715 suspicio-

339 1740 429 1765 nem
449 1736 621 1771 movent,
655 1736 693 1764 et
712 1727 814 1779 quasi
846 1728 960 1764 tacita
980 1727 1066 1764 sunt
1086 1727 1298 1765 criminum
1320 1728 1547 1767 testimonia.
1608 1731 1739 1781 Atque

339 1792 415 1831 hoc
436 1793 593 1845 quidem
612 1794 794 1845 graviora,
828 1793 932 1845 quod
952 1793 1068 1831 causae
1096 1795 1358 1832 communiter
1378 1795 1554 1833 videntur
1575 1796 1736 1833 infimu—

339 1859 428 1904 lare,
462 1868 499 1897 et
519 1872 671 1911 arguere
691 1872 823 1896 omnes
844 1858 958 1911 poffe,
992 1873 1160 1910 quorum
1190 1860 1306 1898 modo
1327 1859 1543 1898 interfuerit
1563 1861 1706 1913 aliquid
1722 1880 1735 1906 3

338 1924 419 1963 haec
450 1926 601 1978 proprie
632 1925 828 1977 attingunt
860 1938 922 1963 eos
954 1925 1067 1977 ipsos,
1100 1926 1167 1977 qui
1188 1936 1413 1977 arguuntur,
1445 1936 1488 1964 ut
1519 1926 1656 1971 telum,
1694 1937 1738 1965 ut

337 1991 556 2043 vestigium,
592 2000 634 2028 ut
665 2004 801 2036 cruor5
834 2000 878 2028 ut
911 1989 1187 2043 deprehensum
1218 1991 1378 2042 aliquid,
1415 1992 1517 2042 quod
1547 1992 1733 2037 ablatum,

337 2066 560 2109 ereptumve
579 2057 778 2101 videatur3
814 2065 856 2094 ut
883 2056 1099 2108 responsum
1132 2055 1398 2101 inconstanter,
1433 2066 1472 2093 ut
1505 2055 1733 2101 haefitatum,

339 2132 381 2160 ut
410 2123 648 2167 titubatum3
681 2132 724 2160 ut
758 2137 849 2160 cum
877 2122 1007 2174 aliquo
1038 2122 1151 2167 visus,
1193 2135 1238 2160 ex
1270 2136 1348 2174 quo
1383 2122 1545 2175 suspicio
1575 2123 1732 2168 oriatur,

337 2198 380 2226 ut
400 2202 443 2226 eo
464 2189 544 2242 ipso
565 2190 604 2226 in
631 2189 718 2226 loco
747 2189 859 2233 visus,
895 2189 935 2226 in
963 2202 1040 2240 quo
1059 2186 1235 2232 facinus5
1268 2198 1310 2226 ut
1341 2189 1474 2241 pallor,
1500 2198 1543 2226 ut
1575 2199 1729 2234 tremor,

338 2263 381 2291 ut
413 2253 613 2305 scriptum,
648 2263 711 2291 aut
729 2254 988 2305 obsignatum,
1020 2263 1084 2290 aut
1115 2253 1328 2306 depositum
1359 2254 1575 2306 quippiam.
1635 2254 1732 2291 Haec

335 2319 455 2363 enim,
474 2329 512 2356 et
532 2319 618 2356 talia
638 2318 737 2363 sunt,
761 2333 844 2370 quae
865 2329 928 2356 aut
950 2320 987 2356 in
1010 2333 1046 2355 re
1068 2319 1155 2370 ipsa,
1187 2328 1251 2356 aut
1270 2320 1386 2356 etiam
1407 2329 1491 2356 ante
1513 2332 1628 2370 quam
1648 2317 1729 2355 fac-

337 2394 423 2421 tum
443 2383 508 2427 est,
539 2392 603 2420 aut
634 2383 770 2435 postea,
800 2382 1046 2435 suspiciosum
1067 2384 1212 2420 crimen
1234 2384 1413 2421 efficiant.
1474 2385 1571 2434 Qu:
1606 2383 1730 2420 finon

337 2458 463 2493 erunt,
485 2458 610 2486 tamen
631 2449 746 2486 causis
778 2449 876 2500 ipsis,
914 2458 951 2486 et
981 2448 1173 2485 efficiendi
1194 2447 1439 2486 facultatibus
1471 2449 1539 2484 niti
1575 2457 1727 2498 oporte-

339 2516 409 2560 bit,
440 2515 615 2568 adjuneta
647 2514 713 2552 illa
743 2514 995 2568 disputatione
1026 2516 1242 2561 communi,
1275 2528 1350 2553 non
1382 2513 1490 2551 suiffe
1516 2513 1628 2551 illum
1651 2523 1728 2552 tam
