2176 2912
412 258 483 312 178
760 259 873 298 DE
950 258 1455 298 oRAToRE

398 352 495 402 jam,
518 351 643 396 credo,
666 350 744 389 huc
763 352 902 396 veniat,
933 361 971 389 et
990 350 1088 389 hanc
1109 351 1382 403 loquacitatem
1410 351 1574 389 nostram
1594 349 1706 389 vultu
1723 350 1804 403 ipso

403 416 627 469 aspec‘tuque
658 427 894 456 conterreat:
927 419 994 469 qui
1025 431 1247 470 quanquam
1281 418 1333 456 est
1367 419 1407 455 in
1441 417 1606 455 dicendo
1636 417 1800 455 minime

402 483 720 528 contemnendus,
753 483 953 535 prudentia
973 492 1100 521 tamen
1126 496 1253 521 rerum
1275 497 1501 536 magnarum
1522 483 1659 536 magis,
1681 496 1799 535 quam

402 547 553 585 dicendi
576 558 665 592 arte,
697 550 846 587 nititur.

462 613 603 664 Neque
623 628 725 657 vero,
757 615 779 651 fi
803 615 888 666 quis
910 622 1119 665 utrumque
1142 613 1275 665 potest,
1307 622 1371 651 aut
1398 613 1463 650 ille
1482 613 1627 652 consilii
1650 613 1798 667 publici

402 680 544 723 auetor,
577 692 617 716 ac
640 680 785 716 senator
817 680 957 722 bonus,
988 679 1037 716 ob
1068 692 1152 715 eam
1174 678 1292 730 ipsam
1312 679 1462 716 causam
1482 688 1606 717 orator
1624 680 1702 723 est;
1734 687 1800 717 aut

402 740 466 780 hic
488 743 645 780 disertus
676 754 787 795 atque
808 743 1007 794 eloquens,
1038 742 1063 779 fi
1084 742 1136 779 est
1156 742 1260 780 idem
1280 743 1321 780 in
1346 745 1614 795 procuratione
1633 744 1800 781 civitatis

401 810 589 860 egregius,
621 809 729 846 illam
760 809 957 846 scientiam
991 808 1142 846 dicendi
1171 809 1282 861 copia
1312 809 1364 847 est
1383 809 1623 848 consecutus.
1682 809 1798 848 Mul-

401 883 487 910 tum
508 874 606 911 inter
625 874 661 911 se
681 874 818 912 distant
848 874 924 912 istae
942 873 1153 919 facultates,
1184 874 1376 927 longeque
1396 874 1483 913 sunt
1508 875 1660 913 diversae
1686 871 1801 928 atque

401 939 603 990 sejunctam
636 953 760 992 neque
793 940 926 978 eadem
956 940 1100 978 ratione
1119 953 1162 977 ac
1188 940 1248 977 via
1278 941 1341 979 M.
1365 942 1476 985 Cato,
1508 942 1552 979 P.
1575 940 1797 986 Africanus,

402 1005 680 1055 QMetellus‚
705 1006 751 1043 C.
785 1005 941 1050 Laelius,
972 1006 1040 1057 qui
1061 1018 1195 1043 omnes
1214 1000 1436 1059 eloquentes
1456 1005 1629 1052 fuerunt,
1655 1006 1798 1045 oratio-

400 1083 490 1108 nem
511 1071 630 1115 suam,
650 1081 689 1109 et
705 1072 926 1124 reipublicae
945 1072 1188 1124 dignitatem,
1209 1072 1456 1111 exornabant.

456 1136 504 1174 L.
538 1136 678 1188 Neque
697 1137 802 1174 enim
822 1136 875 1174 est
894 1137 1142 1174 interdictum
1161 1146 1225 1175 aut
1244 1151 1265 1174 a
1281 1150 1409 1175 rerum
1430 1145 1575 1180 natura,
1597 1145 1662 1174 aut
1680 1136 1800 1190 alege

401 1200 540 1252 aliqua,
562 1209 676 1252 atque
696 1215 817 1246 more,
839 1210 882 1239 ut
902 1202 1058 1253 singulis
1079 1200 1306 1239 hominibus
1324 1214 1371 1238 ne
1386 1201 1565 1253 amplius,
1583 1215 1701 1253 quam
1721 1202 1800 1240 fin-

400 1267 507 1317 gulas
528 1275 639 1310 artes,
661 1267 761 1304 noffe
781 1267 906 1304 liceat.
940 1269 1068 1318 Qare
1088 1280 1180 1311 non,
1201 1267 1266 1304 ets1
1285 1267 1615 1318 eloquentiflimus
1632 1265 1799 1305 Athenis

402 1332 580 1376 Pericles,
602 1332 784 1383 idemque
815 1333 854 1369 in
889 1345 929 1369 ea
959 1332 1113 1369 civitate
1146 1333 1334 1384 plurimos
1360 1345 1476 1370 annos
1498 1332 1673 1384 princeps
1694 1346 1797 1370 >con-

401 1397 471 1434 filii
492 1397 638 1449 publici
661 1396 750 1441 fuit,
783 1398 926 1436 idcirco
946 1398 1114 1450 ejusdem
1141 1397 1327 1443 hominis,
1358 1409 1471 1450 atque
1501 1398 1604 1442 artis,
1638 1406 1798 1450 utraque

399 1462 560 1500 facultas
593 1464 841 1501 existimanda
861 1464 936 1508 est;
970 1478 1053 1508 nec,
1087 1465 1112 1501 fi
1143 1465 1187 1502 P.
1208 1464 1357 1502 Craffus
1378 1464 1482 1501 idem
1502 1463 1578 1502 fuit
1592 1464 1796 1515 eloquens,

399 1537 436 1565 et
461 1529 559 1579 juris
582 1529 738 1580 peritus,
770 1530 820 1566 ob
851 1542 934 1566 eam
967 1529 1117 1566 causam
1139 1529 1232 1566 inest
1263 1530 1302 1566 in
1323 1529 1503 1566 facultate
1530 1529 1795 1582 dicendijuris

400 1594 524 1631 civilis
547 1594 713 1631 scientia.

455 1660 561 1698 Nam
583 1660 607 1697 fi
629 1659 801 1712 quisque,
824 1669 866 1698 ut
886 1660 924 1697 in
944 1660 1071 1711 aliqua
1094 1670 1171 1698 arte
1190 1669 1227 1698 et
1248 1659 1427 1698 facultate
1444 1661 1649 1705 excellens,
1678 1662 1795 1700 aliam

400 1739 555 1778 quoque
589 1735 708 1763 artem
743 1726 810 1763 fibi
842 1725 1090 1778 affumpserit‚
1122 1727 1152 1764 is
1187 1726 1370 1778 perficiet,
1404 1737 1459 1771 ut,
1491 1728 1594 1778 quod
1621 1737 1796 1779 praeterea

401 1792 505 1837 sciet,
537 1792 576 1829 id
595 1793 689 1844 ejus,
720 1792 759 1829 in
781 1805 858 1844 quo
877 1792 1051 1837 excellet,
1082 1806 1165 1844 pars
1187 1793 1361 1844 quaedam
1382 1793 1452 1830 effe
1474 1794 1644 1831 videatur
1662 1812 1672 1837 3
1706 1794 1797 1831 licet

401 1858 466 1895 ista
501 1859 642 1896 ratione
677 1859 863 1903 dicamus,
909 1858 987 1910 pila
1020 1859 1117 1896 bene
1150 1868 1188 1896 et
1224 1859 1429 1896 duodecim
1464 1858 1611 1911 scriptis
1650 1859 1793 1904 ludere,

402 1925 600 1976 proprium
621 1924 690 1961 effe
704 1925 801 1975 juris
821 1924 960 1968 civilis,
977 1925 1160 1976 quoniam
1183 1934 1391 1976 utrumque
1411 1938 1545 1962 eorum
1568 1927 1610 1963 P.
1634 1925 1794 1963 Mucius

398 1990 545 2041 optime
563 1988 719 2033 fecerit3
751 1989 960 2041 eademque
979 1990 1123 2026 ratione
1143 1990 1330 2034 dicantur,
1353 1999 1390 2026 et
1410 2003 1505 2040 quos
1527 1990 1662 2037 φυο-ικές
1682 1991 1794 2028 Grae-

398 2056 432 2092 ci
456 2055 671 2099 nominant,
693 2054 812 2092 iidem
832 2059 966 2107 poetae,
995 2055 1178 2106 quoniam
1200 2054 1457 2106 Empedocles
1487 2053 1664 2105 physicus
1685 2068 1793 2107 egre-

399 2121 509 2172 gium
531 2124 667 2171 po'e'ma
687 2120 833 2158 fecerit.
866 2122 920 2158 At
940 2120 1014 2158 hoc
1035 2134 1082 2157 ne
1102 2119 1318 2172 philosophi
1341 2120 1499 2172 quidem
1515 2119 1597 2172 ipfi,
1618 2120 1683 2171 qui
1705 2134 1793 2158 om-

399 2187 473 2230 nia,
506 2186 599 2223 ficut
630 2187 794 2238 propria,
826 2185 888 2222 sua
914 2185 998 2230 effe,
1028 2195 1141 2237 atque
1172 2198 1192 2222 a
1226 2185 1259 2222 se
1285 2185 1458 2237 poffideri
1489 2186 1637 2229 volunt,
1669 2186 1793 2224 dicere

397 2252 551 2295 audent,
573 2252 825 2302 geometriam
845 2259 909 2287 aut
930 2250 1115 2288 muficam
1137 2249 1361 2302 Philosophi
1382 2250 1464 2295 effe,
1483 2252 1572 2303 quia
1593 2251 1793 2290 Platonem

396 2329 530 2354 omnes
552 2317 591 2353 in
613 2316 689 2353 illis
709 2316 853 2354 artibus
874 2316 1218 2368 praestantiffimum
1240 2315 1349 2354 fuiffe
1369 2315 1569 2355 fateantur.

452 2384 530 2428 Ac,
564 2383 589 2420 fi
615 2383 696 2434 jam
718 2383 842 2435 placet
862 2396 994 2420 omnes
1014 2392 1108 2420 artes
1129 2384 1265 2420 oratori
1288 2383 1527 2435 subjungere,
1557 2383 1792 2421 tolerabilius

396 2448 448 2486 est
478 2449 527 2486 fic
554 2449 681 2501 potius
703 2449 839 2493 dicere,
871 2457 927 2494 ut,
959 2449 1143 2501 quoniam
1176 2449 1327 2486 dicendi
1359 2448 1518 2487 facultas
1550 2463 1627 2487 non
1657 2449 1793 2487 debeat

395 2514 466 2551 effe
481 2515 612 2566 jejuna
630 2524 742 2567 atque
763 2514 877 2559 nuda,
909 2514 971 2552 sed
990 2513 1142 2566 aspersa,
1172 2522 1284 2566 atque
1305 2514 1478 2552 distincta
1498 2515 1709 2553 multarum
1731 2528 1790 2551 re-

395 2593 483 2618 rum
496 2581 670 2634 jucunda
699 2581 865 2635 quadam
896 2581 1084 2627 varietate,
1116 2581 1159 2619 sit
1189 2580 1281 2620 boni
1301 2581 1457 2620 oratoris
1486 2581 1610 2620 multa
1634 2580 1788 2618 auribus
