2176 2912
680 186 1401 226 ORATORIBUs.
1665 199 1741 239 377

342 279 501 332 Aphilia
525 279 778 318 concionibus
809 280 945 331 aptior,
981 293 1098 331 quam
1121 279 1294 331 judiciis.
1355 278 1525 317 Prudens
1547 277 1663 315 etiam
1685 279 1738 316 T.

341 346 494 383 Annius
512 344 661 388 Velina,
684 354 721 381 et
738 345 777 382 in
798 345 878 396 ejus
898 345 1044 397 generis
1065 345 1182 382 causis
1203 353 1329 382 orator
1348 343 1430 381 sane
1451 344 1671 381 tolerabili&

397 411 442 448 In
462 410 596 448 eodem
626 423 763 462 genere
781 410 979 448 causarum
1000 410 1171 448 multum
1192 419 1269 448 erat
1290 410 1342 447 T.
1372 409 1590 460 Juventius,
1625 408 1740 446 nimis

340 475 406 513 ille
427 476 585 527 quidem
606 476 730 514 lentus
762 477 802 514 in
824 476 1000 522 dicendo,
1031 486 1068 515 et
1088 490 1184 530 pene
1203 475 1391 528 frigidus3
1423 475 1485 512 sed
1505 483 1542 512 et
1565 474 1740 518 callidus,

339 549 378 578 et
409 541 450 578 in
469 541 655 593 capiendo
688 541 895 580 adversario
915 542 1100 586 versutus,
1133 551 1171 580 et
1190 549 1367 594 praeterea
1386 554 1456 578 nec
1483 539 1674 583 indoems,
1705 547 1743 576 et

339 620 479 659 magna
498 621 590 645 cum
616 609 714 660 juris
735 608 858 646 civilis
879 608 1150 661 intelligentia.
1198 608 1320 660 Cujus
1341 607 1492 645 auditor
1511 607 1555 644 P.
1580 605 1740 648 Orbius,

340 686 449 711 meus
469 673 548 711 fere
568 673 737 726 aequalis,
759 674 799 711 in
820 674 983 712 dicendo
1012 687 1089 712 non
1112 674 1229 712 nimis
1250 673 1490 716 exercitatus,
1513 672 1552 709 in
1567 672 1654 723 jure
1673 684 1742 708 au-

341 749 421 777 tem
442 740 548 777 civili
568 753 647 778 non
667 739 836 785 inferior,
867 754 985 793 quam
1006 740 1183 792 magister
1205 739 1296 778 fuit.
1334 739 1442 777 Nam
1471 740 1524 777 T.
1548 738 1743 781 Aufidius,

341 805 410 856 qui
443 806 542 844 vixit
574 805 620 843 ad
641 805 832 843 summam
867 807 1114 850 feneitutem,
1145 805 1296 844 volebat
1322 804 1391 843 effe
1417 804 1550 843 fimilis
1584 803 1741 846 horum,

340 880 496 923 eratque
516 880 554 910 et
574 871 698 911 bonus
718 872 777 909 vir
806 881 844 909 et
864 872 1061 916 innocens,
1093 871 1155 909 sed
1175 870 1324 908 dicebat
1343 884 1494 922 parum.
1553 870 1640 908 Nec
1661 869 1744 907 sane

338 935 428 988 plus
447 935 563 974 frater
580 937 659 988 ejus
681 936 744 974 M.
768 936 970 989 Virgilius,
993 937 1061 988 qui
1078 937 1253 974 tribunus
1275 935 1398 988 plebis
1419 936 1468 973 L.
1487 935 1598 986 Syllae
1617 935 1745 987 impe-

338 1002 454 1040 ratori
473 1002 578 1040 diem
598 1002 711 1041 dixit.
753 1002 849 1054 Ejus
870 1002 1016 1055 collega
1037 1003 1081 1041 P.
1105 1001 1279 1054 Magius,
1306 1001 1347 1039 in
1366 1000 1530 1039 dicendo
1549 1000 1665 1053 paulo
1685 1009 1744 1038 ta-

340 1081 432 1105 men
452 1068 652 1120 copiofior.

397 1135 468 1172 Sed
488 1133 668 1171 omnium
687 1142 897 1179 oratorum,
929 1134 1001 1172 five
1023 1133 1256 1179 tabularum,
1287 1133 1356 1186 qui
1386 1142 1424 1171 et
1443 1132 1554 1186 plane
1582 1132 1744 1177 indodh‘,

343 1209 408 1238 aut
434 1200 626 1244 inurbani,
657 1208 722 1238 aut
748 1199 877 1237 rustici
905 1200 1022 1238 etiam
1042 1198 1213 1244 fuerunt,
1245 1212 1340 1252 quos
1361 1199 1521 1251 quidem
1547 1211 1619 1252 ego
1648 1212 1745 1252 cog-

341 1267 530 1311 noverim,
562 1265 832 1304 solutiffimum
852 1266 891 1304 in
912 1266 1090 1310 dicendo,
1117 1274 1155 1303 et
1181 1264 1442 1304 acutiffimum
1470 1264 1608 1316 judico
1627 1265 1746 1303 nostri

341 1333 485 1371 ordinis
508 1333 809 1385 QSertorium,
831 1332 1010 1385 equestris
1033 1333 1080 1370 C.
1103 1332 1366 1384 Gorgonium.
1399 1331 1492 1369 Fuit
1511 1331 1627 1369 etiam
1646 1329 1745 1369 faci-

341 1399 389 1437 lis
409 1409 446 1437 et
465 1399 664 1452 expeditus
694 1399 740 1436 ad
760 1399 983 1444 dicendum,
1014 1407 1052 1437 et
1073 1398 1159 1436 vitae
1188 1397 1383 1450 splendore
1404 1396 1545 1441 multo,
1576 1405 1614 1434 et
1634 1397 1745 1449 inge-

343 1465 408 1503 nio
430 1465 512 1503 sane
532 1464 737 1518 probabili,
769 1466 821 1503 T.
845 1465 1000 1516 Junius,
1023 1466 1072 1503 L.
1095 1463 1213 1508 filius,
1248 1463 1499 1507 tribunitius,
1531 1476 1610 1514 quo
1629 1476 1745 1501 accu-

343 1531 444 1569 sante
475 1532 520 1570 P.
544 1532 708 1576 Sextius,
741 1532 882 1569 Praetor
901 1530 1129 1582 designatus,
1160 1529 1361 1567 damnatus
1393 1528 1446 1566 est
1465 1527 1647 1567 ambitus.
1708 1530 1744 1567 Is

343 1598 568 1650 processiffet
599 1596 809 1636 honoribus
831 1597 999 1650 longius,
1032 1596 1101 1635 nisi
1120 1595 1267 1649 semper
1289 1594 1455 1640 infirma,
1485 1604 1600 1648 atque
1627 1595 1745 1635 etiam

343 1678 440 1717 aegra
458 1665 673 1703 valetudine
691 1663 831 1703 fuisset.

398 1731 546 1768 XLIX.
570 1732 701 1782 Atque
720 1744 791 1782 ego
812 1730 987 1782 praeclare
1007 1729 1197 1781 intelligo,
1215 1742 1278 1767 me
1294 1729 1334 1768 in
1349 1742 1484 1767 eorum
1500 1741 1744 1767 commemo-

344 1796 488 1834 ratione
508 1796 655 1840 versari,
688 1796 755 1847 qui
776 1809 845 1833 nec
866 1795 989 1833 habiti
1010 1796 1081 1833 fint
1101 1805 1278 1840 oratores,
1309 1809 1434 1847 neque
1453 1794 1612 1840 fuerint,
1647 1808 1744 1847 prae-

343 1862 524 1914 teririque
545 1875 564 1898 a
591 1875 653 1899 me
672 1861 820 1913 aliquot
845 1875 891 1899 ex
911 1861 1117 1905 veteribus,
1139 1861 1521 1905 commemoratione,
1550 1869 1615 1898 aut
1634 1860 1745 1898 laude

343 1927 478 1979 dignos
495 1944 506 1971 ;
540 1926 602 1964 sed
635 1925 710 1964 hoc
742 1926 901 1978 quidem
922 1926 1173 1979 ignoratione.
1218 1926 1326 1977 Qid
1346 1926 1452 1963 enim
1472 1925 1524 1963 est
1544 1925 1744 1977 superioris

342 1993 476 2036 aetatis,
509 1992 613 2045 quod
633 1992 743 2030 scribi
766 1992 875 2044 possit
897 1992 942 2029 de
962 1992 1022 2036 iis,
1054 1992 1099 2029 de
1120 1992 1261 2044 quibus
1283 1991 1389 2028 nulla
1408 1999 1664 2028 monumenta
1683 1991 1743 2028 lo-

343 2067 529 2110 quuntur,
560 2071 630 2095 nec
660 2057 836 2102 aliorum,
869 2071 938 2095 nec
972 2057 1174 2109 ipsorum?
1205 2058 1266 2095 De
1300 2057 1345 2094 iis
1379 2065 1523 2101 autem,
1559 2069 1654 2108 quos
1676 2056 1743 2108 ipsi

344 2124 526 2169 vidimus,
558 2124 755 2162 neminem
776 2124 854 2162 fere
885 2124 1215 2177 praetermittimus
1247 2137 1394 2167 eorum,
1422 2135 1518 2175 quos
1539 2122 1746 2174 aliquando

344 2190 511 2228 dicentes
532 2191 714 2228 vidimus.
773 2191 875 2229 Volo
895 2191 1000 2229 enim
1028 2191 1128 2235 sciri,
1159 2190 1199 2228 in
1234 2199 1337 2228 tanta
1365 2198 1402 2226 et
1430 2198 1509 2227 tam
1527 2197 1653 2227 vetere
1682 2202 1743 2226 re-

346 2257 513 2308 publica,
546 2257 726 2294 maximis
757 2257 923 2308 praemiis
944 2257 1172 2309 eloquentiae
1203 2255 1418 2309 propositis,
1449 2268 1583 2293 omnes
1603 2253 1744 2306 cupi‘fi'e

345 2322 484 2366 dicere,
516 2335 592 2359 non
627 2322 814 2374 plurimos
836 2322 941 2360 ausos
972 2322 1055 2366 effe,
1087 2322 1246 2374 potuisse
1279 2334 1435 2374 paucos,
1494 2322 1580 2373 Ego
1615 2329 1743 2356 tamen

347 2388 396 2424 ita
415 2387 461 2424 de
481 2400 716 2439 unoquoque
737 2387 876 2433 dicam,
898 2398 941 2426 ut
961 2387 1127 2439 intelligi
1149 2387 1272 2439 poffit‚
1290 2400 1409 2438 quem
1428 2385 1642 2424 existimem
1662 2383 1743 2420 cla-

346 2461 548 2497 matorem,
571 2466 687 2504 quem
703 2462 906 2498 oratorem,
928 2453 1050 2491 fuiffe.
1096 2453 1235 2490 Iisdem
1262 2451 1339 2489 fere
1361 2451 1613 2503 temporibus,
1636 2457 1744 2485 aetate

347 2516 540 2555 inferiores
563 2517 690 2569 paulo,
722 2531 839 2570 quam
857 2518 998 2570 Julius,
1021 2517 1081 2556 sed
1102 2517 1263 2571 aequales
1284 2515 1568 2568 propemodum
1588 2512 1745 2551 suerunt

428 2584 637 2623 T0M.I.
1247 2581 1389 2621 Bbb
