2176 2912
418 238 468 287 48
733 238 835 276 DE
899 239 1511 282 INVENTIONE

473 327 620 376 Qarta
639 334 768 364 autem
788 341 871 379 pars
891 329 943 366 est
962 342 1010 366 ex
1030 329 1090 374 iis,
1122 344 1214 382 quas
1236 332 1400 383 negotiis
1421 333 1642 371 dicebamus
1662 334 1732 373 effe
1752 344 1810 373 at-

417 391 592 436 tributas,
619 392 851 431 consecutio.
904 395 948 431 In
965 394 1036 433 hac
1056 409 1107 433 eae
1127 410 1183 433 res
1204 407 1440 448 quaeruntur,
1472 412 1556 450 quae
1576 399 1724 451 gestum
1743 414 1810 438 ne-

417 457 569 509 gotium
586 458 885 510 consequuntur.
925 459 1116 505 Primum,
1138 463 1243 513 quod
1259 462 1404 501 faetum
1420 464 1486 508 est,
1509 478 1587 516 quo
1603 465 1642 502 id
1656 466 1813 503 nomine

416 523 597 575 appellari
617 525 832 562 conveniat.
884 526 1050 570 Deinde,
1082 528 1162 578 ejus
1183 527 1272 566 faeti
1294 530 1361 580 qui
1381 530 1454 567 sint
1473 531 1666 582 principes
1693 541 1731 569 et
1750 532 1831 583 in-V

416 596 617 633 ventores3
650 590 718 641 qui
745 591 909 642 denique
941 593 1172 631 auctoritatis
1194 595 1274 645 ejus
1301 604 1339 632 et
1370 596 1601 633 inventionis
1628 610 1811 649 compro—

418 655 564 692 batores
584 664 698 707 atque
714 656 858 693 aemuli.
910 657 1075 702 Deinde,
1093 671 1226 709 ecquae
1246 674 1288 696 ea
1308 660 1354 697 de
1370 674 1408 697 re
1425 670 1488 698 aut
1504 662 1584 712 ejus
1601 662 1654 698 rei
1671 662 1714 699 sit
1735 663 1811 706 lex,

417 721 666 765 consuetudo,
685 722 796 765 actio,
812 722 1022 772 judicium,
1045 723 1214 767 scientia,
1232 725 1454 763 artificium.
1496 726 1663 771 Deinde,
1682 737 1814 765 natura

418 787 498 837 ejus
520 787 668 823 evenire
688 786 805 838 vulgo
823 786 950 831 soleat,
978 802 1024 825 an
1039 788 1244 826 insolenter
1265 803 1306 827 ac
1327 804 1422 828 raro.
1469 792 1612 836 Postea,
1635 791 1813 830 homines

418 852 457 889 id
475 852 541 889 sua
559 852 781 889 auetoritate
801 853 1066 905 comprobare,
1087 868 1134 892 an
1150 854 1294 892 offendi
1315 855 1354 892 in
1372 854 1446 900 his,
1469 856 1734 895 consueverint
1742 876 1754 902 ς
1776 867 1814 895 et

417 928 562 961 caetera,
584 932 668 970 quae
688 917 834 956 faetum
848 919 1004 970 aliquod
1026 920 1200 959 fimiliter
1214 920 1432 966 confestim,
1455 931 1518 959 aut
1535 935 1580 960 ex
1597 923 1812 967 intervallo,

418 983 538 1021 solent
555 982 749 1035 consequi.
787 984 938 1021 Deinde
953 985 1145 1036 postremo
1161 986 1438 1024 attendendum
1456 987 1521 1031 est,
1544 1002 1640 1025 num
1657 1002 1741 1039 quae
1758 1002 1814 1026 res

418 1062 464 1086 ex
486 1049 530 1086 iis
552 1049 676 1093 rebus,
708 1063 792 1100 quae
810 1049 896 1086 sunt
913 1050 1041 1101 positae
1060 1051 1100 1088 in
1121 1051 1291 1103 partibus
1312 1050 1516 1090 honestatis
1537 1062 1602 1090 aut
1622 1054 1813 1098 utilitatis,

418 1114 726 1166 consequantur;
759 1115 805 1152 de
825 1116 966 1166 quibus
985 1116 1025 1153 in
1045 1116 1294 1154 deliberativo
1312 1130 1448 1169 genere
1469 1119 1585 1156 causae
1601 1119 1814 1157 distinctius

418 1179 490 1216 erit
510 1179 732 1217 dicendum.
783 1182 842 1217 Ac
872 1181 1034 1232 negotiis
1062 1181 1221 1232 quidem
1247 1180 1325 1219 fere
1350 1195 1406 1220 res
1427 1196 1491 1227 eae,
1523 1197 1616 1234 quas
1636 1197 1813 1222 comme-

419 1246 667 1290 moravimus,
700 1245 786 1283 sunt
805 1246 1010 1284 attributae.

473 1312 624 1348 XXIX.
659 1312 801 1349 Omnis
833 1321 962 1350 autem
994 1314 1289 1366 argumentatio,
1321 1311 1406 1365 quae
1430 1326 1478 1351 ex
1508 1314 1554 1351 iis
1577 1314 1685 1360 locis,
1717 1329 1814 1367 quos

418 1378 824 1422 commemoravimus,
847 1378 1030 1423 sumetur,
1053 1388 1117 1416 aut
1131 1379 1339 1431 probabilis
1358 1389 1422 1417 aut
1442 1380 1640 1417 neceffaria
1659 1381 1815 1421 debebit

417 1442 501 1479 effe.
562 1443 735 1486 Etenim,
772 1452 815 1480 ut
845 1443 1009 1481 breviter
1042 1444 1314 1489 describamus,
1352 1445 1633 1496 argumentatio
1664 1446 1815 1484 videtur

417 1508 488 1545 effe
515 1508 717 1545 inventum
742 1508 871 1559 aliquo
904 1522 950 1546 ex
981 1523 1132 1560 genere,
1164 1523 1245 1547 rem
1276 1511 1444 1561 aliquam
1471 1519 1535 1547 aut
1566 1511 1815 1562 probabiliter

417 1573 631 1617 ostendens,
653 1582 718 1610 aut
739 1573 935 1613 neceffarie
955 1574 1229 1613 demonstrans.
1275 1576 1488 1613 Necessarie
1507 1576 1816 1615 demonstrantur

418 1652 473 1682 ea,
505 1653 589 1689 quae
609 1639 717 1675 aliter
737 1652 778 1675 ac
805 1639 1000 1683 dicuntur,
1032 1654 1101 1677 nec
1129 1640 1223 1684 fieri,
1256 1654 1326 1677 nec
1358 1641 1510 1692 probari
1542 1642 1707 1693 possunt,
1738 1642 1813 1681 hoc

420 1705 561 1749 modo,
595 1705 631 1742 Si
654 1705 815 1757 peperit,
847 1719 938 1742 cum
965 1705 1045 1742 viro
1077 1706 1302 1743 concubuit.
1354 1707 1445 1744 Hoc
1465 1720 1584 1758 genus
1606 1722 1813 1760 argumen-

419 1771 538 1814 tandi,
548 1770 651 1822 quod
667 1771 704 1807 in
720 1770 917 1808 necessaria
929 1770 1248 1808 demonstratione
1262 1772 1438 1815 versatur,
1454 1773 1623 1810 maxime
1637 1777 1816 1812 tractatur

420 1837 458 1874 in
480 1836 656 1880 dicendo,
688 1845 752 1873 aut
772 1849 839 1888 per
858 1837 1185 1888 complexionem,
1213 1847 1277 1874 aut
1297 1851 1364 1890 per
1383 1839 1727 1885 enumerationem,
1750 1850 1815 1878 aut

420 1916 485 1955 per
506 1902 719 1954 fimplicem
740 1902 1038 1939 conclufionem.

475 1968 708 2020 Com-plexio
733 1967 785 2005 est
815 1968 855 2005 in
876 1981 963 2019 qua,
996 1976 1127 2006 utrum
1158 1968 1393 2013 concefferis,
1425 1969 1737 2021 reprehendetur,
1768 1972 1815 2009 ad

420 2034 524 2072 hunc
545 2034 731 2078 modum,
766 2034 801 2071 Si
824 2034 1024 2086 improbus
1045 2035 1111 2079 est,
1134 2048 1202 2072 cur
1218 2035 1362 2072 uteris?
1391 2035 1416 2072 fi
1436 2036 1592 2087 probus,
1615 2050 1682 2073 cur
1698 2050 1813 2075 accu-

421 2100 500 2138 sas?
533 2100 784 2138 Enumeratio
804 2100 914 2137 estin
942 2114 1030 2151 qua,
1063 2100 1237 2152 pluribus
1263 2100 1373 2137 rebus
1400 2101 1578 2152 expositis
1604 2111 1641 2138 et
1670 2104 1814 2141 caeteris

421 2166 635 2210 infirmatis,
668 2180 742 2204 una
762 2166 906 2217 reliqua
927 2166 1127 2203 necessario
1146 2166 1410 2210 confirmatur,
1442 2165 1517 2204 hoc
1548 2169 1683 2219 paeto5
1727 2169 1813 2206 Ne-

420 2233 513 2270 cesse
531 2233 582 2269 est
607 2242 671 2269 aut
692 2232 985 2269 inimicitiarum
1006 2232 1113 2269 causa
1133 2232 1178 2269 ab
1200 2231 1274 2270 hoc
1292 2232 1361 2270 effe
1381 2233 1566 2277 occisum,
1599 2243 1663 2271 aut
1690 2244 1812 2279 metu,

420 2308 484 2336 aut
506 2298 580 2350 spe,
612 2308 675 2336 aut
691 2298 852 2350 alicujus
874 2299 988 2336 amici
1009 2299 1150 2351 gratia,
1179 2308 1243 2336 aut
1264 2298 1289 2336 fi
1310 2297 1451 2337 horum
1468 2298 1566 2336 nihil
1587 2299 1653 2344 est,
1675 2301 1721 2338 ab
1738 2299 1814 2339 hoc

421 2378 497 2402 non
514 2364 584 2401 effe
599 2364 768 2401 occisum
789 2379 796 2401 :
840 2377 929 2401 nam
946 2364 1022 2402 fine
1038 2363 1146 2401 causa
1162 2363 1398 2401 maleficium
1417 2364 1634 2417 susceptum
1650 2365 1721 2403 effe
1737 2380 1814 2404 non

420 2429 554 2483 potest.
605 2429 674 2466 Sed
697 2444 818 2480 neque
842 2430 1055 2468 inimicitiae
1075 2429 1246 2474 fuerunt,
1269 2444 1338 2467 nec
1359 2439 1485 2468 metus
1508 2431 1623 2475 ullus,
1646 2445 1715 2468 nec
1733 2431 1814 2484 spes

421 2510 466 2534 ex
495 2504 616 2532 morte
648 2495 749 2532 illius
776 2495 936 2547 alicujus
957 2496 1170 2539 commodi,
1199 2509 1323 2548 neque
1349 2497 1394 2533 ad
1415 2496 1585 2534 amicum
1606 2496 1721 2548 hujus
1742 2498 1813 2535 ali-

421 2576 537 2614 quem
558 2575 659 2599 mors
680 2561 783 2599 illius
803 2563 1029 2615 pertinebat.
1080 2562 1331 2615 Relinquitur
1351 2562 1483 2615 igitur,
1515 2572 1558 2601 ut
1577 2563 1624 2601 ab
1644 2562 1718 2601 hoc
1737 2577 1812 2601 non
