2176 2912
488 232 566 272 412
817 226 948 265 DE
1062 229 1535 269 CLARIS

489 313 668 353 dicebant
683 335 694 361 5
727 317 856 356 minus
877 320 971 372 saepe
990 321 1256 374 Pomponius,
1288 336 1370 361 raro
1400 322 1552 367 Carb03
1584 320 1699 359 semel
1727 329 1792 360 aut
1811 320 1888 360 ite-

489 393 578 417 rum
596 380 817 436 Philippus.
853 387 909 423 At
929 400 1014 424 vero
1034 402 1105 440 ego
1124 387 1199 426 hoc
1220 398 1392 441 tempore
1413 389 1523 427 omni
1542 389 1670 427 noctes
1690 398 1727 426 et
1747 388 1826 426 dies
1846 388 1889 425 in

490 448 671 487 omnium
699 450 957 491 doctrinarum
987 455 1236 492 meditatione
1266 455 1448 493 versabar.
1508 456 1626 493 Eram
1646 469 1738 493 cum
1759 454 1890 492 Stoico

491 512 664 552 Diodoto
679 534 690 560 3
723 518 805 568 qui,
840 531 932 556 cum
962 518 1201 558 habitavisset
1231 521 1331 573 apud
1362 535 1440 566 me,
1471 534 1705 573 mecumque
1723 519 1906 563 vixiffet,

490 592 613 632 nuper
638 582 690 620 est
721 583 829 621 domi
860 598 954 624 meae
974 596 1161 624 mortuus.
1210 588 1247 624 A
1267 601 1345 638 quo
1365 601 1456 625 cum
1478 588 1518 625 in
1541 587 1624 624 aliis
1645 587 1772 631 rebus,
1802 595 1890 623 tum

490 643 753 685 studiofiffime
786 648 826 685 in
861 649 1058 687 diale&ica
1089 651 1316 695 exercebam
1361 665 1445 703 quae
1476 651 1580 703 quasi
1613 653 1817 696 contrasta,
1853 658 1890 688 et

491 710 664 749 adstricta
682 712 903 764 eloquentia
920 715 1087 766 putanda
1107 715 1159 753 est
1174 735 1187 760 ς
1218 716 1390 768 fine-qua
1408 717 1525 755 etiam
1546 726 1603 762 tu,
1625 717 1755 761 Brute,
1780 715 1890 768 judi-

492 777 633 822 cavisti,
666 786 702 815 te
734 779 842 817 illam
867 780 1009 831 justam
1029 781 1304 833 eloquentiam,
1335 797 1453 834 quam
1488 782 1726 821 dialeffiticam
1753 781 1890 820 dilata-

492 850 572 879 tam
593 842 662 880 effe
681 854 832 896 putant,
854 846 1035 899 consequi
1070 862 1147 885 non
1168 848 1282 901 pofl'e.
1332 849 1442 887 Huic
1472 863 1544 901 ego
1564 849 1723 893 doetori,
1753 856 1791 886 et
1810 848 1894 899 ejus

491 908 636 946 artibus
658 911 769 948 variis
789 920 904 963 atque
934 913 1070 950 multis
1091 914 1143 951 ita
1173 927 1276 952 eram
1297 923 1426 952 tamen
1447 915 1611 959 deditus,
1643 924 1686 952 ut
1715 914 1761 951 ab
1782 926 1890 951 exer-

492 973 740 1014 citationibus
761 978 932 1015 oratoriis
955 979 1084 1016 nullus
1107 979 1184 1017 dies
1213 993 1354 1018 vacuus
1375 980 1476 1019 effet.
1500 979 1802 1019 Commentabar
1821 979 1890 1017 de-

491 1040 693 1079 clamitans
727 1043 794 1093 (fic
815 1044 920 1081 enirn
952 1058 1055 1083 nunc
1089 1045 1318 1098 loquuntur)
1351 1047 1443 1100 saepe
1473 1061 1566 1085 cum
1587 1047 1650 1084 M.
1674 1046 1822 1090 Pisone,
1853 1054 1893 1084 et

484 1118 584 1145 ,cum
620 1108 899 1161 QPompeio,
933 1120 998 1148 aut
1032 1124 1124 1149 cum
1158 1112 1288 1164 aliquo
1322 1113 1523 1164 quotidie,
1554 1112 1671 1163 idque
1701 1111 1893 1149 faciebam

490 1173 665 1211 multum
683 1175 799 1212 etiam
820 1176 970 1222 Latine,
989 1176 1049 1214 sed
1067 1178 1201 1215 Graece
1217 1178 1348 1230 saepius
1364 1194 1374 1216 2
1396 1179 1455 1216 vel
1477 1178 1582 1231 quod
1601 1179 1736 1216 Graeca
1754 1178 1890 1222 oratio,

490 1238 599 1290 plura
632 1250 856 1279 ornamenta
888 1243 1147 1296 suppeditans,
1191 1244 1508 1283 consuetudinem
1548 1244 1722 1282 fimiliter
1754 1243 1894 1282 Latine

491 1304 643 1343 dicendi
678 1307 856 1347 afferebat
873 1327 884 1353 3
916 1310 976 1347 vel
1009 1310 1114 1362 quod
1147 1325 1167 1348 a
1186 1311 1332 1350 Graecis
1364 1311 1526 1350 summiS
1557 1311 1792 1357 doftoribus,
1823 1309 1894 1349 nist

491 1371 626 1410 Graece
646 1373 829 1420 dicerem,
861 1389 983 1428 neque
1003 1377 1143 1430 corrigi
1163 1377 1321 1430 poffem,
1342 1392 1468 1431 neque
1488 1378 1630 1417 doceri.

545 1439 762 1479 Tumultus
798 1442 955 1481 interim
990 1458 1060 1497 pro
1094 1445 1349 1498 recuperanda
1379 1445 1600 1498 republica5
1649 1454 1688 1483 et
1727 1443 1891 1482 crudelis

490 1504 668 1544 interitus
700 1517 896 1546 oratorum
928 1510 1062 1555 trium,
1095 1511 1281 1556 Scaevolae,
1306 1512 1508 1556 Carbonis,
1532 1511 1715 1549 Antistii:
1748 1510 1891 1548 reditus

491 1571 630 1616 Cottae,
664 1573 860 1618 Curionis,
893 1575 1024 1620 Craffi,
1057 1577 1330 1622 Lentulorum,
1374 1577 1578 1629 Pompeii:
1621 1577 1723 1628 leges
1757 1584 1795 1613 et
1823 1577 1891 1627 ju-

490 1636 591 1674 dicia
624 1638 855 1677 constituta:
888 1649 1105 1693 recuperata
1138 1641 1375 1694 respublica:
1407 1656 1453 1680 ex
1474 1655 1637 1680 nurnero
1656 1651 1783 1679 autem
1806 1655 1891 1679 ora-

489 1711 621 1741 torum
643 1704 895 1757 Pomponius,
928 1706 1173 1752 Censorinus,
1204 1708 1370 1746 Murena
1389 1707 1541 1747 sublati.
1592 1709 1702 1747 Tum
1718 1708 1894 1761 primum

487 1782 558 1808 nos
579 1769 626 1807 ad
651 1771 776 1809 causas
797 1780 835 1809 et
853 1772 1029 1824 privatas,
1061 1782 1098 1810 et
1118 1773 1292 1826 publicas
1324 1773 1426 1812 adire
1447 1774 1653 1827 ecepimus,
1685 1787 1762 1811 non
1788 1782 1832 1812 ut
1852 1773 1893 1811 in

489 1835 575 1875 foro
605 1836 848 1883 disceremus,
881 1840 985 1890 quod
1015 1840 1188 1892 plerique
1208 1839 1396 1886 fecerunt,
1428 1840 1491 1878 sed
1521 1850 1578 1886 ut,
1609 1849 1798 1892 quantum
1823 1852 1892 1878 nos

489 1902 639 1941 efficere
659 1903 922 1956 potuiffemus,
954 1905 1056 1943 docti
1089 1906 1130 1943 in
1151 1905 1280 1945 forum
1313 1907 1546 1945 veniremus.
1606 1907 1757 1944 Eodem
1789 1915 1892 1944 tem-

490 1982 582 2021 pore
602 1970 757 2008 Moloni
779 1971 956 2010 dedimus
972 1985 1140 2026 operam.
1194 1973 1391 2011 Di&at0re
1411 1973 1517 2011 enim
1544 1973 1658 2024 Sylla,
1680 1973 1826 2024 legatus
1846 1971 1894 2009 ad

490 2035 663 2073 senatum
696 2036 742 2074 de
772 2035 1022 2076 Rhodiorum
1055 2039 1222 2091 praemiis
1252 2047 1418 2077 venerat.
1462 2039 1596 2090 Itaque
1625 2037 1751 2090 prima
1785 2037 1895 2075 causa

490 2102 660 2154 publica,
682 2116 752 2154 pro
773 2105 858 2141 Sex.
881 2104 1022 2142 Roscio
1042 2104 1155 2149 dicta,
1185 2114 1337 2142 tantum
1360 2104 1708 2142 commendationis
1740 2102 1892 2149 habuit,

491 2176 535 2205 ut
566 2181 643 2205 non
678 2168 757 2205 ulla
786 2168 888 2214 effet,
920 2183 1005 2221 quae
1034 2183 1112 2208 non
1143 2170 1258 2222 digna
1285 2170 1410 2208 nostro
1442 2170 1655 2222 patrocinio
1685 2169 1891 2209 videretur.
1931 2201 1935 2203 -

492 2233 686 2286 Deinceps
707 2234 796 2272 inde
816 2235 964 2280 multae,
995 2249 1086 2287 quas
1108 2249 1186 2274 non
1214 2236 1344 2275 minus
1368 2236 1572 2289 diligenter
1600 2236 1823 2282 elaboratas,
1855 2245 1894 2275 et

492 2307 676 2352 tanquam
696 2301 934 2339 elucubratas
955 2301 1219 2341 efferebamus.

530 2367 640 2405 XCI.
665 2367 800 2412 Nunc,
817 2369 1002 2419 quoniam
1024 2378 1151 2407 totum
1172 2383 1234 2407 me
1255 2383 1332 2407 non
1353 2383 1459 2408 naevo
1478 2370 1622 2422 aliquo,
1640 2379 1705 2408 aut
1725 2382 1892 2422 crepun-

493 2433 580 2478 diis,
602 2432 664 2471 sed
684 2447 841 2487 corpore
861 2435 970 2473 omni
994 2435 1132 2474 videris
1152 2436 1249 2473 velle
1269 2436 1509 2489 cognoscere,
1538 2437 1772 2490 comple&ar
1791 2449 1892 2473 non-

492 2499 600 2537 nulla
618 2499 750 2545 etiam,
782 2514 866 2553 quae
892 2500 1041 2540 fortasse
1071 2502 1270 2540 videantur
1302 2503 1431 2541 minus
1464 2502 1675 2541 necessaria.
1725 2503 1818 2540 Erat
1847 2513 1893 2539 eo

492 2575 665 2619 tempore
707 2568 748 2605 in
786 2567 897 2607 nobis
942 2568 1094 2608 summa
1129 2569 1319 2624 gracilitas
1357 2579 1395 2609 et
1441 2568 1645 2609 infirmitas
1691 2566 1889 2620 corporis,
