2176 2912
596 197 918 238 LIBER
995 196 1411 235 PRIMUS.
1642 211 1714 254 173

310 302 496 346 tanquam
516 291 709 336 nidulum,
741 291 908 335 affixam,
941 289 1231 343 sapientissimus
1262 289 1319 327 vir
1344 288 1625 330 immortalitati
1645 308 1711 332 an·

311 368 506 412 teponeret
518 377 530 403 ς
562 372 640 411 quo
659 371 788 396 amore
819 357 975 395 tandem
999 356 1229 395 inflammati
1254 355 1324 394 effe
1343 355 1527 395 debemus
1553 359 1592 396 in
1613 360 1712 412 ejus-

311 425 417 463 modi
437 425 612 478 patriam‚
634 438 719 477 quae
735 438 810 462 una
830 424 869 462 in
889 423 1072 462 omnibus
1089 423 1196 461 terris
1217 422 1355 460 domus
1376 422 1428 460 est
1448 423 1613 469 virtutis,
1636 427 1712 464 im-

310 490 419 544 perii,
442 490 671 543 dignitatis?
717 490 841 542 Cujus
862 490 1035 542 primum
1069 489 1180 527 nobis
1211 501 1333 533 mens,
1369 501 1468 532 mos,
1499 488 1711 543 disciplina,

311 565 402 594 nota
421 556 490 595 effe
505 556 618 595 debet
630 575 642 602 ς
674 555 733 595 vel
754 556 845 608 quia
863 555 915 593 est
935 556 1055 608 patria
1083 569 1216 608 parens
1238 554 1418 594 omnium
1438 555 1625 601 nostrum,
1656 557 1716 595 vel

311 623 403 675 quia
422 623 527 661 tanta
540 623 721 676 sapientia
735 621 845 660 fuifl‘e
865 623 904 659 in
920 623 1007 674 jure
1022 621 1289 660 constituendo
1301 622 1471 675 putanda
1486 621 1551 668 est,
1574 624 1718 676 quanta

312 688 389 726 fuit
409 690 449 727 in
469 688 530 728 his
551 690 665 727 tantis
686 688 825 742 opibus
846 689 998 741 imperii
1017 689 1296 741 comparandis.

368 756 589 808 Percipietis
620 756 737 792 etiam
768 754 876 792 illam
906 768 952 792 ex
973 755 1195 807 cognitione
1209 755 1307 806 juris
1325 753 1498 792 laetitiam
1518 764 1556 793 et
1575 756 1716 809 volup-

311 829 445 865 tatem,
490 820 607 873 quod,
650 829 840 873 quantum
876 819 1118 872 praestiterint
1156 820 1272 858 nostri
1315 821 1475 872 majores
1514 821 1717 874 prudentia

311 887 455 924 caeteris
475 886 669 938 gentibus,
701 895 787 923 tum
806 883 991 922 facillime
1020 885 1259 937 intelligetis,
1291 886 1316 923 fi
1337 899 1429 924 cum
1450 886 1610 925 illorum
1633 890 1714 939 Ly-

310 965 443 1004 curgo,
473 962 510 990 et
528 953 719 996 Dracone,
750 961 787 989 et
808 951 957 996 Solone,
994 951 1135 989 nostras
1170 952 1270 1004 leges
1298 951 1470 990 conferre
1503 954 1714 993 volueritis.

311 1018 543 1057 Incredibile
572 1019 624 1056 est
644 1018 762 1064 enim,
795 1032 913 1070 quam
940 1018 984 1056 fit
1013 1031 1129 1056 omne
1143 1019 1208 1070 jus
1228 1018 1355 1063 civile,
1378 1029 1512 1071 praeter
1531 1018 1607 1058 hoc
1629 1021 1714 1059 nos—

311 1093 429 1129 trum,
461 1085 721 1130 inconditum,
752 1098 795 1123 ac
826 1098 922 1137 pene
942 1084 1180 1123 ridiculum:
1213 1085 1259 1122 de
1294 1099 1372 1137 quo
1392 1085 1516 1123 multa
1546 1086 1647 1125 soleo
1677 1088 1716 1125 in

312 1149 549 1188 sermonibus
569 1151 802 1202 quotidianis
822 1151 959 1195 dicere,
974 1164 1066 1189 cum
1086 1149 1295 1188 hominum
1311 1151 1526 1189 nostrorum
1548 1153 1716 1204 pruden-

313 1216 407 1254 tiam
427 1218 569 1255 caeteris
590 1216 831 1261 hominibus,
864 1226 902 1254 et
922 1217 1089 1255 maxime
1111 1218 1272 1262 Graecis,
1295 1227 1499 1270 antepono.
1550 1219 1626 1257 His
1647 1233 1718 1272 ego

313 1282 358 1319 de
378 1282 495 1320 causis
516 1283 700 1327 dixeram,
724 1282 900 1327 Scaevola,
924 1283 982 1326 iis,
1017 1284 1084 1334 qui
1104 1282 1261 1335 perfecti
1287 1293 1450 1322 oratores
1471 1283 1540 1323 effe
1560 1284 1714 1331 vellent,

307 1348 406 1401 juris
427 1349 551 1386 civilis
573 1349 836 1402 cognitionem
857 1348 927 1387 effe
947 1349 1199 1387 necessariam.

366 1415 495 1453 XLV.
518 1416 606 1467 Jam
622 1430 709 1453 vero
730 1415 807 1468 ipsa
826 1430 891 1468 per
908 1415 942 1453 se
962 1425 1153 1468 quantum
1173 1415 1302 1454 afferat
1322 1416 1381 1460 iis,
1399 1417 1467 1468 qui
1486 1417 1519 1454 ei
1537 1417 1714 1470 praesunt,

312 1480 483 1526 honoris,
504 1484 647 1535 gratiae,
670 1483 882 1535 dignitatis,
905 1483 990 1534 quis
1006 1483 1183 1534 ignorat?
1213 1484 1360 1535 Itaque,
1381 1493 1421 1521 ut
1442 1485 1541 1539 apud
1560 1485 1716 1523 Graecos

271 1584 278 1590 ,
311 1548 438 1586 infimi
458 1548 649 1594 homines,
681 1549 899 1587 mercedula
929 1548 1096 1593 adduffi,
1126 1549 1317 1587 ministros
1338 1548 1372 1586 se
1404 1550 1573 1603 praebent
1592 1552 1715 1603 inju-

311 1615 420 1653 diciis
441 1616 666 1661 oratoribus,
700 1616 739 1660 ii,
772 1616 840 1668 qui
869 1614 971 1667 apud
989 1615 1075 1653 illos
1092 1615 1333 1665 πραγματικαὶ
1355 1626 1564 1655 vocantur:
1598 1617 1646 1654 fic
1676 1619 1717 1655 in

312 1682 436 1720 nostra
454 1682 606 1720 civitate
637 1691 770 1720 contra
789 1681 1040 1734 amplissimus
1062 1681 1236 1734 quisque,
1268 1690 1305 1718 et
1331 1681 1555 1720 clariffimus
1576 1685 1646 1728 vir,
1674 1693 1716 1722 ut

312 1748 390 1792 ille,
413 1749 480 1800 qui
501 1759 657 1801 propter
677 1748 777 1787 hanc
791 1749 887 1801 juris
905 1748 1028 1786 civilis
1050 1748 1248 1786 scientiam
1269 1748 1319 1786 fic
1339 1749 1550 1802 appellatus
1572 1763 1591 1786 a
1611 1750 1716 1788 sum—

313 1829 378 1853 mo
397 1825 507 1867 poeta
526 1816 591 1860 est,

450 1882 606 1935 Egregie
625 1882 791 1921 cordatus
810 1882 920 1926 homo,
954 1882 1069 1920 Catus
1088 1883 1201 1921 AEliu'
1224 1883 1365 1929 Sextus,

312 1948 505 2000 multique
533 1958 721 2001 praeterea,
747 1949 828 2000 qui,
860 1962 951 1985 cum
972 1948 1126 2000 ingenio
1147 1949 1215 1986 fibi
1236 1951 1386 1987 auftore
1406 1950 1635 2002 dignitatem
1656 1965 1714 1989 re-

312 2013 499 2067 periffent‚
531 2014 783 2066 perfecerunt,
816 2025 857 2051 ut
892 2015 929 2051 in
952 2014 1213 2066 respondendo
1241 2015 1342 2066 jure,
1376 2017 1598 2054 auctoritate
1629 2017 1715 2070 plus

311 2081 440 2125 etiam,
463 2094 579 2132 quam
600 2080 680 2133 ipso
700 2081 869 2133 ingenio,
887 2080 1067 2118 valerent.

368 2147 558 2184 Senectuti
592 2160 679 2184 vero
699 2146 931 2184 celebrandae
960 2155 996 2183 et
1026 2146 1202 2183 ornandae
1229 2146 1334 2198 quod
1367 2146 1560 2186 honestius
1594 2148 1715 2200 potest

310 2211 380 2249 effe
414 2211 648 2264 perfugium,
684 2226 802 2264 quam
830 2213 927 2264 juris
959 2212 1247 2265 interpretatio?
1280 2213 1476 2264 Equidem
1508 2213 1606 2252 mihi
1639 2213 1714 2252 hoc

313 2278 521 2315 subsidium
550 2279 632 2329 jam
666 2278 754 2316 inde
788 2279 834 2316 ab
866 2278 1115 2316 adolescentia
1141 2280 1372 2332 comparavi,
1406 2294 1483 2318 non
1514 2280 1638 2319 solum
1668 2279 1714 2317 ad

312 2343 508 2381 causarum
526 2343 636 2381 usum
652 2343 854 2390 forensem,
882 2345 943 2383 sed
959 2345 1074 2382 etiam
1094 2345 1139 2382 ad
1161 2345 1276 2383 decus
1304 2355 1417 2399 atque
1444 2357 1714 2384 ornamentum

315 2410 513 2447 seuectutis
528 2429 538 2454 ;
563 2420 618 2455 ut,
640 2424 730 2448 cum
745 2425 807 2449 me
822 2412 916 2450 vires
939 2412 1060 2463 (quod
1077 2411 1246 2464 ferejam
1263 2422 1414 2465 tempus
1431 2413 1623 2463 adventat)
1646 2412 1713 2449 de-

316 2474 425 2513 ficere
446 2474 655 2528 coepiffent,
684 2477 730 2514 ab
748 2476 948 2516 solitudine
978 2477 1141 2515 domum
1168 2491 1293 2516 meam
1313 2478 1558 2516 vindicarem.
1606 2474 1713 2526 Qid

313 2541 364 2580 est
382 2542 485 2580 enim
514 2542 743 2595 praeclarius,
784 2557 902 2596 quam
933 2542 1145 2582 honoribus
1175 2553 1212 2583 et
1241 2544 1461 2598 reipublicae
1490 2541 1713 2582 muneribus
