2176 2912
573 160 894 202 LIBER
969 155 1548 197 SECUNDUS.
1690 171 1768 213 239

369 256 590 298 conceffum
609 253 712 299 effet,
743 261 787 291 ut
811 253 899 305 jure
919 251 1133 290 concitatus
1154 250 1360 295 videretur,
1390 249 1431 288 id
1460 250 1564 302 quod
1585 250 1773 291 docebam

370 324 463 377 saepe
483 321 555 360 effe
575 319 810 364 conceffum,
841 318 990 356 nullam
1010 317 1078 355 illa
1097 316 1250 356 causam
1273 316 1475 369 justiorem
1493 315 1615 355 fuiffe.
1662 318 1774 356 Tum

369 402 528 428 omnem
549 386 738 424 rationem
759 384 924 430 traduxi,
957 393 996 422 et
1026 383 1196 422 converti
1217 383 1257 421 in
1287 381 1560 435 increpandam
1581 383 1774 435 Caepionis

368 454 519 508 fugam,
541 454 582 491 in
603 451 881 505 deplorandum
902 450 1105 488 interitum
1125 447 1329 488 exercitus.
1389 447 1450 486 Sic
1481 457 1519 486 et
1549 461 1683 486 eorum
1704 449 1776 486 do-

368 521 506 564 lorem,
529 519 598 572 qui
617 517 802 570 lugebant
828 517 927 562 suos,
958 516 1129 554 oratione
1149 514 1391 560 refricabam,
1426 522 1465 552 et
1484 514 1633 552 animos
1663 515 1776 567 equi—-

370 595 458 625 tum
478 587 762 628 Romanorum,
784 583 886 636 apud
913 596 1009 635 quos
1032 592 1117 620 tum
1132 581 1282 634 judices
1304 581 1413 619 causa
1431 580 1626 633 agebatur,
1655 580 1700 618 ad
1722 581 1787 632 Q

373 652 568 706 Caepionis
589 651 740 695 odium,
771 663 792 687 a
811 663 889 702 quo
908 658 1014 688 erant
1034 649 1102 702 ipfi
1121 658 1278 701 propter
1302 647 1450 700 judicia
1469 647 1684 692 abalienati,
1717 659 1778 684 re-

375 718 579 762 novabam,
601 726 715 769 atque
735 715 975 754 revocabam.

416 785 567 823 XLIX.
591 783 711 834 Qod
731 782 799 820 ubi
818 782 910 819 sensi
930 796 991 819 me
1012 781 1051 818 in
1073 780 1294 833 poffeffione
1307 780 1462 833 judicii,
1485 793 1527 817 ac
1548 778 1776 817 defenfionis

372 864 468 889 meae
489 849 707 893 constitifl‘e,
727 847 833 900 quod
847 857 891 885 et
909 847 1045 900 populi
1066 847 1375 884 benevolentiam
1396 845 1495 884 mihi
1516 845 1777 889 conciliaram,

373 918 483 969 cujus
498 917 562 968 jus
583 916 700 953 etiam
720 928 814 952 cum
843 914 1037 952 seditionis
1059 913 1330 966 conjune'tione
1359 911 1618 956 defenderam,
1647 921 1684 949 et
1710 913 1778 963 ju-

375 983 509 1020 dicum
529 982 677 1019 animos
699 989 799 1018 totos
829 980 888 1018 vel
910 980 1127 1018 calamitate
1158 979 1339 1024 civitatis,
1369 978 1429 1016 vel
1458 978 1579 1022 ludtu,
1611 990 1652 1014 ac
1684 977 1780 1014 defi-

375 1048 481 1086 derio
512 1047 837 1100 propinquorum,
871 1046 929 1083 vel
960 1045 1050 1083 odio
1071 1046 1227 1098 proprio
1248 1045 1290 1082 in
1310 1045 1541 1097 Caepionem.
1563 1043 1609 1080 ad
1629 1042 1782 1080 causam

377 1114 544 1152 nostram
565 1122 826 1151 converteram
839 1131 850 1157 3
884 1122 978 1150 tunc
1009 1111 1215 1149 admiscere
1240 1110 1334 1149 huic
1361 1110 1491 1163 generi
1511 1109 1693 1147 orationis
1715 1122 1781 1146 ve-

376 1179 552 1218 hementi
583 1188 697 1231 atque
731 1179 849 1216 atroci
880 1192 1000 1230 genus
1023 1178 1120 1215 illud
1149 1177 1328 1222 alterum,
1360 1177 1406 1214 de
1437 1190 1514 1228 quo
1534 1185 1620 1213 ante
1651 1175 1782 1228 dispu-

377 1246 467 1291 tavi,
500 1245 665 1282 lenitatis
686 1254 724 1282 et
744 1244 1063 1288 mansuetudinis,
1098 1245 1226 1296 coepi,
1258 1257 1322 1281 me
1350 1257 1419 1295 pro
1439 1256 1528 1280 meo
1549 1241 1679 1286 sodali,
1715 1241 1783 1292 qui

379 1311 479 1350 mihi
513 1312 553 1349 in
590 1310 760 1348 liberum
792 1310 879 1348 loco
910 1324 1016 1348 more
1033 1311 1223 1362 majorum
1255 1309 1326 1346 effe
1346 1309 1514 1352 deberet,
1545 1317 1583 1345 et
1603 1321 1671 1360 pro
1698 1320 1784 1345 mea

379 1378 489 1416 omni
517 1376 619 1414 fama
638 1390 769 1430 prope,
801 1375 1042 1428 fortunisque
1072 1376 1298 1413 decernere:
1331 1374 1429 1412 nihil
1462 1373 1561 1412 mihi
1588 1373 1633 1410 ad
1653 1373 1784 1411 existi-

381 1444 594 1482 mationem
629 1443 794 1495 turpius,
837 1441 937 1480 nihil
971 1442 1017 1479 ad
1051 1441 1226 1479 dolorem
1256 1440 1442 1484 acerbius,
1474 1439 1642 1477 accidere
1670 1438 1784 1491 poffe,

381 1523 499 1563 quam
519 1509 546 1548 fi
565 1510 613 1554 is,
645 1510 713 1561 qui
744 1509 838 1561 saepe
858 1507 1093 1545 alieniffimis
1113 1521 1134 1544 a
1153 1520 1230 1552 me,
1262 1506 1323 1544 sed
1344 1506 1440 1544 meis
1462 1515 1588 1543 tamen
1619 1504 1784 1550 civibus,

382 1576 492 1615 saluti
511 1576 745 1615 existimarer
764 1574 887 1620 fuiffe,
904 1574 1020 1612 sodali
1041 1587 1129 1612 meo
1144 1573 1335 1611 auxilium
1356 1572 1453 1610 ferre
1471 1586 1547 1610 non
1565 1571 1785 1624 potuissem.

438 1642 622 1680 Petebam
642 1655 663 1679 a
687 1641 901 1693 judicibus,
933 1651 976 1678 ut
1002 1640 1101 1677 illud
1135 1640 1236 1677 aetati
1266 1653 1373 1684 meae,
1406 1648 1449 1676 ut
1480 1637 1707 1682 honoribus,
1743 1646 1787 1675 ut

384 1708 496 1746 rebus
522 1708 647 1760 gestis,
680 1707 705 1745 fi
733 1707 850 1758 justo,
883 1707 908 1744 fi
937 1707 1002 1759 pio
1034 1706 1164 1744 dolore
1195 1719 1257 1743 me
1288 1705 1358 1743 effe
1388 1704 1569 1743 affectum
1600 1704 1796 1748 viderent,

385 1774 637 1812 concederent
653 1792 664 1818 3
696 1772 902 1825 praesertim
922 1772 948 1809 fi
965 1773 1004 1809 in
1021 1772 1103 1809 aliis
1125 1771 1241 1809 causis
1262 1770 1547 1816 intellexiffent,
1576 1770 1707 1808 omnia
1725 1783 1788 1807 me

386 1840 532 1893 semper
551 1854 620 1893 pro
649 1840 865 1878 amicorum
885 1838 1080 1891 periculis,
1112 1837 1211 1876 nihil
1245 1852 1416 1890 unquam
1438 1852 1506 1890 pro
1526 1838 1688 1890 meipso,
1719 1836 1787 1874 de-

385 1916 600 1961 precatum.
648 1907 709 1944 Sic
730 1906 770 1943 in
792 1904 857 1942 illa
877 1905 985 1943 omni
1013 1903 1228 1942 defensione
1248 1914 1360 1956 atque
1381 1904 1502 1948 causa,
1535 1903 1638 1956 quod
1657 1903 1727 1940 effe
1748 1903 1790 1940 in

386 1984 464 2012 arte
480 1974 648 2027 positum
668 1972 881 2018 videbatur,
899 1982 941 2010 ut
961 1972 1006 2009 de
1026 1972 1108 2024 lege
1120 1972 1286 2025 Apuleia
1307 1971 1488 2015 dicerem,
1511 1980 1566 2014 ut,
1589 1970 1684 2022 quid
1701 1969 1792 2008 effet

387 2041 561 2079 minuere
593 2039 842 2092 majestatem,
875 2039 1122 2092 explicarem,
1153 2052 1338 2092 perquam
1373 2038 1537 2075 breviter
1573 2036 1789 2089 perstrinxi,

387 2117 502 2160 atque
521 2107 645 2160 attigi.
669 2107 745 2144 His
766 2106 911 2144 duabus
932 2106 1104 2158 partibus
1125 2106 1321 2156 orationis,
1337 2118 1499 2156 quarum
1521 2103 1636 2141 altera
1655 2103 1789 2141 conci-

388 2174 575 2211 tationem
597 2172 725 2217 habet,
746 2172 860 2210 altera
880 2172 1274 2216 commendationem,
1298 2185 1382 2223 qua:
1403 2171 1567 2208 minime
1591 2168 1789 2222 praeceptis

391 2240 532 2276 artium
564 2239 650 2276 sunt
678 2239 890 2291 perpolitae,
921 2239 1048 2277 omnis
1080 2238 1132 2276 est
1151 2252 1171 2276 a
1202 2252 1264 2276 me
1285 2238 1350 2275 illa
1369 2237 1477 2275 causa
1503 2238 1668 2280 tractata,
1691 2244 1734 2272 ut
1753 2242 1792 2271 et

390 2305 596 2342 acerrimus
618 2305 658 2341 in
673 2305 866 2356 Caepionis
887 2305 1029 2342 invidia
1047 2305 1273 2349 renovanda,
1287 2313 1324 2341 et
1343 2304 1383 2341 in
1404 2304 1498 2341 meis
1515 2302 1687 2340 moribus
1705 2312 1791 2351 erga

392 2383 498 2408 meos
520 2369 735 2407 necessarios
756 2370 988 2409 declarandis
1010 2370 1343 2414 mansuetissimus,
1366 2370 1524 2407 viderer.
1576 2369 1646 2410 Ita,
1670 2366 1789 2416 magis

392 2436 535 2474 affedfis
556 2436 905 2487 animisjudicum,
938 2450 1055 2490 quam
1074 2435 1208 2481 doctis,
1246 2446 1323 2480 tua,
1355 2435 1513 2487 Sulpici,
1546 2433 1597 2470 est
1628 2446 1647 2469 a
1679 2430 1790 2468 nobis

395 2513 479 2542 tum
499 2503 685 2542 accusatio
705 2503 815 2541 vieta.
