2176 2912
407 182 484 219 260
766 179 880 218 DE
955 179 1452 218 ORATORE

406 265 599 318 quoddam
620 265 834 310 duceretur,
852 265 1044 304 accusator
1064 267 1112 304 C.
1131 266 1364 312 Memmius,
1383 265 1480 312 Vide,
1497 265 1638 319 inquit,
1656 267 1805 313 Scaure,

404 341 566 370 mortuus
583 332 745 384 rapitur,
761 333 804 383 st
813 342 913 384 potes
932 332 990 385 effi
1001 331 1168 385 pffſjo'r.

460 397 529 435 Sed
549 410 596 434 ex
616 395 677 434 his
697 397 880 436 omnibus
902 396 1000 435 nihil
1021 398 1143 450 magis
1165 397 1321 442 ridetur,
1339 411 1457 450 quam
1473 397 1578 450 quod
1597 397 1648 435 est
1667 406 1802 450 praeter

403 461 706 514 expectationem
724 480 736 506 3
779 463 887 514 cujus
921 463 1219 501 innumerabilia
1247 463 1334 501 sunt
1368 463 1557 516 exempla,
1589 462 1649 501 vel
1680 464 1801 516 Appii

404 528 556 579 majoris
588 527 707 572 illius,
739 529 806 580 qui
828 529 866 565 in
887 528 1028 573 senatu,
1059 542 1152 566 cum
1170 538 1343 581 ageretur
1370 529 1415 567 de
1435 529 1532 581 agris
1552 529 1732 581 publicis,
1762 537 1801 567 et
1865 539 1869 541 ’

404 593 450 630 de
470 593 554 645 lege
574 592 736 638 Thoria,
767 604 803 631 et
834 604 1066 646 premeretur
1086 594 1261 632 Lucilius
1282 595 1329 631 ab
1350 595 1411 638 iis,
1438 595 1506 645 qui
1526 608 1547 632 a
1565 608 1699 647 pecore
1717 596 1800 646 ejus

404 658 551 711 depasci
586 672 692 710 agros
728 659 904 710 publicos
939 659 1122 703 dicerent,
1154 660 1237 697 Non
1272 659 1329 711 est,
1361 660 1502 711 inquit,
1534 661 1672 698 Lucilii
1691 669 1800 712 pecus

403 724 510 769 2'llud3
542 725 676 762 erratis
692 741 705 763 :
739 724 959 775 (defendere
992 725 1193 762 Lucilium
1214 724 1431 777 videbatur)
1469 740 1528 778 ego
1547 725 1694 772 liberum
1706 734 1799 778 puto

402 789 462 842 este'
476 806 488 827 .·
520 804 590 842 qua
608 789 715 832 lubet,
731 790 909 841 pff‘itur.

458 855 589 892 Placet
608 855 723 892 etiam
743 853 841 892 mihi
863 854 959 892 illud
991 855 1179 907 Scipionis
1207 855 1325 900 illius,
1361 856 1429 907 qui
1450 856 1545 894 Tib.
1571 855 1798 894 Gracchum

401 920 578 972 perculit.
611 921 715 957 Cum
733 921 767 957 ei
788 921 850 957 M.
872 921 1033 958 Flaccus
1049 921 1184 958 multis
1204 922 1352 973 probris
1373 922 1530 973 objectis
1552 923 1595 960 P.
1611 923 1798 960 Mucium

396 985 572 1036 judicem
592 985 746 1030 tulisset,
766 985 886 1038 Ejer0‚
904 986 1031 1038 inquit
1048 1005 1059 1031 5
1082 986 1222 1039 iniquus
1240 987 1296 1040 est.
1335 988 1437 1026 Cum
1459 986 1546 1025 effet
1566 987 1794 1025 admurmu-

402 1060 541 1096 ratum‚
572 1051 651 1095 Ah,
673 1051 813 1103 inquit,
844 1052 893 1090 P.
919 1052 962 1089 C.
985 1066 1052 1090 non
1071 1067 1131 1105 ego
1150 1053 1239 1091 mihi
1254 1053 1349 1091 illum
1369 1053 1526 1106 iniquum
1544 1053 1646 1104 ejero,
1667 1067 1795 1091 verum

400 1116 567 1155 omnibus.

452 1182 517 1220 Ab
549 1181 624 1220 hoc
652 1182 741 1220 vero
767 1182 895 1221 Crasso
928 1182 1026 1220 nihil
1060 1182 1234 1222 facetius.
1281 1184 1385 1221 Cum
1405 1182 1547 1221 laefifl‘et
1564 1183 1665 1221 testis
1693 1184 1794 1222 Silus

399 1248 591 1293 Pisonem,
605 1249 709 1300 quod
729 1248 764 1286 se
783 1249 823 1286 in
843 1262 932 1286 eum
952 1249 1089 1286 audifle
1109 1249 1281 1294 dixiffet3
1304 1249 1528 1303 Potestfieri‚
1546 1250 1688 1302 inquit,
1708 1251 1792 1296 Sile,

396 1322 437 1351 ut
456 1314 497 1358 is,
521 1312 610 1351 unde
629 1323 664 1351 te
674 1313 800 1366 audssi’
817 1313 916 1359 dicis,
929 1314 1048 1352 iratus
1064 1314 1209 1353 dixerit.
1233 1315 1384 1353 Annuit
1402 1315 1515 1352 Silus.
1538 1315 1657 1367 Potest
1669 1315 1790 1359 etiam,

396 1388 438 1417 ut
467 1389 509 1417 tu
538 1393 606 1417 non
635 1381 730 1418 νεὲἳε
747 1379 970 1418 ἰηίείήτκενίς.
1022 1380 1067 1418 Id
1087 1394 1241 1433 quoque
1262 1390 1343 1420 toto
1366 1378 1490 1434 capite
1509 1382 1656 1425 annuit,
1688 1389 1730 1418 ut
1755 1380 1791 1418 se
1812 1375 1815 1378 Δ

398 1446 430 1481 C
435 1444 524 1482 rass'o
544 1445 660 1482 daret.
694 1445 812 1497 Potest
831 1446 937 1483 etiam
955 1446 1059 1496 fieri,
1090 1447 1233 1498 inquit,
1265 1457 1305 1485 ut
1325 1448 1472 1491 omnino,
1505 1446 1598 1499 quod
1612 1456 1647 1485 te
1664 1446 1752 1498 audi
1772 1446 1796 1484 L>

394 1508 491 1553 dicu,
522 1523 702 1561 nunquam
721 1509 887 1547 audieris.
948 1511 1038 1547 Hoc
1073 1511 1125 1548 ita
1144 1521 1277 1562 praeter
1306 1512 1607 1564 expectationem
1633 1511 1787 1556 accidit,

396 1583 437 1611 ut
458 1574 591 1612 testem
609 1575 788 1612 omnium
808 1574 898 1612 risus
920 1575 1110 1613 obrueret.

447 1640 578 1692 Hujus
598 1640 744 1692 generis
764 1639 816 1677 est
836 1640 969 1692 plenus
987 1641 1160 1686 Naevius,
1190 1650 1226 1679 et
1241 1642 1352 1693 jocus
1373 1642 1424 1680 est
1444 1642 1658 1682 familiaris.

558 1707 718 1758 Sapiens,
724 1707 767 1757 fi
782 1706 925 1758 algebis,
957 1716 1096 1745 tremes.

392 1780 429 1808 et
449 1772 520 1809 alia
538 1771 743 1824 permulta.

446 1838 595 1875 LXXI.
629 1839 731 1889 Saepe
751 1838 865 1875 etiam
888 1836 1008 1875 facete
1033 1839 1216 1877 concedas
1243 1840 1450 1878 adversario
1468 1840 1649 1892 idipsum,
1680 1842 1787 1894 quod

391 1902 462 1939 tibi
483 1902 548 1939 ille
567 1902 731 1940 detrahit
748 1922 760 1948 ς
791 1912 833 1940 ut
855 1904 902 1941 C.
924 1903 1081 1948 Laelius‚
1098 1918 1191 1943 cum
1210 1907 1244 1943 ei
1262 1906 1420 1958 quidam
1441 1906 1545 1944 malo
1563 1921 1698 1960 genere
1714 1921 1784 1946 na-

390 1977 449 2006 tus
468 1968 623 2013 diceret,
654 1969 859 2021 indignum
880 1968 950 2006 efle
970 1969 1043 2007 suis
1065 1971 1288 2023 majoribus,
1309 1974 1368 2010 At
1394 1973 1546 2016 hercule,
1577 1973 1718 2024 inquit,
1741 1983 1783 2012 tu

387 2034 459 2071 tuis
478 2033 616 2085 dignus.
676 2035 780 2087 Saepe
814 2036 930 2072 etiam
964 2035 1187 2074 sententiose
1218 2037 1378 2074 ridicula
1404 2037 1611 2081 dicuntur,
1644 2047 1686 2075 ut
1716 2039 1780 2077 M.

388 2099 562 2142 Cincius,
593 2113 671 2150 quo
702 2100 762 2137 die
793 2100 917 2152 legem
949 2100 994 2137 de
1015 2100 1124 2138 donis
1155 2110 1193 2138 et
1218 2102 1443 2139 muneribus
1479 2103 1583 2146 tulit,
1615 2116 1707 2140 cum
1730 2105 1779 2141 C,

388 2164 515 2201 Cento
535 2163 741 2215 prodiisset,
772 2174 810 2201 et
829 2165 912 2202 satis
932 2166 1221 2211 contumeliose,
1243 2166 1441 2219 Qidfl’rs,
1465 2168 1616 2206 Cinciole
1632 2168 1652 2205 ?
1672 2182 1780 2220 quae—

387 2228 481 2266 fiffet
498 2243 507 2266 z
542 2230 592 2267 Ut
611 2244 715 2273 emas,
736 2230 877 2281 inquit,
901 2231 1033 2282 Cai‚st
1049 2231 1107 2269 uti
1124 2233 1225 2270 velis.

441 2297 545 2346 Saepe
579 2295 694 2332 etiam
726 2295 827 2339 salse,
860 2309 944 2348 quae
978 2296 1059 2334 fieri
1092 2311 1169 2335 non
1202 2298 1367 2350 possunt,
1398 2308 1601 2351 optantur;
1640 2309 1682 2338 ut
1711 2301 1777 2339 M.

386 2359 569 2411 Lepidus,
601 2373 693 2397 curu
713 2361 870 2404 caeteris,
892 2360 927 2398 se
950 2361 990 2399 in
1011 2375 1149 2414 campo
1177 2363 1453 2408 exercentibus,
1485 2365 1525 2403 in
1551 2363 1668 2403 herba
1698 2365 1779 2417 ipse

384 2423 624 2469 recubuisset,
659 2426 785 2463 Vellem
815 2425 878 2465 hoc
896 2426 986 2479 fft,
1009 2428 1150 2480 inquit,
1179 2428 1354 2467 laborare.
1414 2429 1559 2468 Salsum
1590 2431 1642 2469 est
1661 2431 1790 2484 etiam·

381 2491 655 2541 quaerentibus,
699 2500 737 2529 et
770 2491 873 2544 quafi
906 2493 1237 2545 percontantibus,
1280 2494 1382 2534 lente
1414 2495 1635 2549 respondere
1670 2497 1777 2549 quod
