2176 2912
561 220 882 260 LIBER
960 220 1375 259 PRIMUS.
1600 237 1671 277 139

271 313 536 355 conservandis
555 312 791 357 civitatibus,
813 325 890 350 non
912 325 932 350 a
952 311 1184 364 sapientibus
1202 322 1239 351 et
1260 312 1425 352 fortibus
1446 316 1548 360 viri&
1578 316 1638 354 sed
1656 331 1676 356 a

272 380 419 420 disertis
439 388 476 417 et
495 388 626 418 ornate
648 379 880 423 dicentibus,
912 378 983 416 effe
1002 378 1225 417 constitutas
1244 380 1256 416 ?
1289 381 1352 418 An
1385 394 1470 418 vero
1492 382 1562 419 tibi
1589 383 1672 420 Ro-

272 447 403 486 mulus
435 445 501 483 ille
521 454 586 483 aut
607 445 770 498 pastores
790 453 827 484 et
851 457 1038 483 convenas
1067 446 1321 498 congregasse,
1360 456 1424 484 aut
1445 448 1674 487 Sabinorum

271 512 466 552 connubia
483 512 736 565 conjunxisse,
766 521 831 551 aut
852 512 1109 550 finitimorum
1132 513 1212 551 vim
1237 512 1436 566 repreffisse
1457 514 1674 565 eloquentia

271 579 436 623 videtur,
450 592 527 617 non
543 578 701 617 consilio
717 586 755 617 et
771 578 953 631 sapientia
966 577 1172 631 singulari?
1203 578 1312 630 Qid
1327 579 1433 617 enim
1449 580 1461 616 ?
1485 579 1523 617 in
1538 581 1675 618 Numa

273 644 486 697 Pompilio,
517 645 640 697 quid?
671 645 712 683 in
733 647 811 682 Ser.
830 644 980 689 Tullio,
1003 644 1125 696 quid?
1158 646 1197 682 in
1218 645 1362 683 caeteris
1383 645 1550 698 regibus,
1573 660 1673 698 quo-

269 725 359 751 rum
395 711 519 750 multa
550 711 637 750 sunt
662 711 804 749 eximia
838 711 884 748 ad
909 710 1215 750 constituendam
1247 712 1544 765 rempublicam,
1576 727 1674 752 num

268 778 375 831 quod
395 778 621 830 eloquentiae
641 777 844 830 vestigium
864 779 1046 830 apparet?
1079 778 1215 829 Qid?
1243 779 1383 817 exadfis
1403 780 1570 831 regibus,
1595 780 1672 831 (ta-

269 844 380 882 metsl
400 844 520 896 ipsam
552 844 790 882 exaEtionem
810 852 954 888 mente,
989 857 1066 882 non
1087 845 1232 897 lingua,
1264 844 1470 897 perfeffitam
1493 847 1541 884 L.
1564 847 1674 884 Bruti

267 910 341 948 effe
371 910 582 962 cernimus)
614 909 676 947 sed
706 909 886 962 deinceps
917 911 1061 955 omnia,
1100 925 1228 949 nonne
1261 912 1372 964 plena
1408 912 1670 956 consiliorum,

268 977 397 1015 inania
416 976 636 1020 verborum,
660 976 834 1014 videmus
851 977 864 1014 ?
895 977 983 1029 Ego
998 990 1101 1022 vero,
1124 978 1149 1015 fi
1170 978 1289 1015 velim
1305 987 1342 1015 et
1360 978 1492 1016 nostrae
1508 979 1672 1016 civitatis

269 1042 457 1095 exemplis
478 1043 536 1080 uti
556 1051 595 1080 et
621 1042 797 1086 aliarum,
827 1042 938 1095 plura
957 1041 1124 1095 proferre
1151 1043 1288 1096 poffim
1309 1043 1538 1081 detrimenta
1569 1045 1671 1097 pub-

269 1108 353 1146 licis
374 1108 502 1152 rebus,
533 1121 651 1159 quam
670 1108 893 1160 adjumenta
923 1123 990 1161 per
1019 1107 1197 1148 homines
1218 1109 1557 1162 eloquentiffimos,
1573 1100 1577 1106 ¹
1594 1110 1671 1147 im—

269 1182 438 1226 portata:
471 1173 547 1217 sed‚
586 1184 630 1211 ut
659 1173 805 1226 reliqua
838 1175 1144 1226 praetermittam‚
1184 1177 1364 1214 omnium
1397 1175 1496 1214 mihi
1528 1176 1668 1219 videor,

269 1240 454 1292 exceptis,
484 1238 623 1283 Craffe,
655 1239 763 1277 vobis
794 1239 960 1285 duobus,
991 1241 1318 1292 eloquentiffimos
1350 1241 1488 1279 audisse
1515 1242 1611 1280 Tib.
1635 1252 1673 1280 et

270 1307 318 1344 C.
343 1305 601 1357 Sempronios,
632 1319 800 1357 quorum
821 1315 937 1358 pater,
970 1305 1091 1344 homo
1111 1308 1276 1359 prudens
1306 1317 1343 1344 et
1373 1308 1510 1359 gravis,
1547 1307 1672 1346 haud-

268 1384 463 1423 quaquam
483 1370 682 1422 eloquens,
703 1380 741 1408 et
771 1371 864 1423 saepe
885 1371 989 1416 alias,
1025 1381 1062 1409 et
1080 1373 1250 1410 maxime
1272 1373 1428 1417 Censor,
1462 1373 1569 1410 saluti
1596 1374 1670 1411 rei-

267 1437 434 1491 publicae
453 1436 544 1475 fuit.
576 1439 709 1490 Atque
730 1439 760 1475 is
782 1451 858 1475 non
880 1448 1054 1476 accurata
1073 1439 1239 1490 quadam
1267 1440 1446 1477 orationis
1463 1441 1586 1492 copia,
1610 1440 1672 1478 sed

267 1512 367 1542 nutu
387 1512 501 1555 atque
520 1503 637 1541 verbo
657 1503 858 1542 libertinos
875 1505 915 1542 in
930 1504 1090 1542 urbanas
1104 1505 1225 1542 tribus
1247 1505 1436 1542 transtulit
1449 1523 1459 1549 5
1483 1506 1587 1557 quod
1604 1506 1672 1543 nisi

267 1569 427 1614 fecisset,
449 1570 747 1622 rempublicam,
778 1583 896 1622 quam
917 1583 1021 1608 nunc
1042 1570 1106 1608 vix
1128 1580 1318 1615 tenemus,
1343 1571 1495 1622 jamdiu
1523 1572 1671 1610 nullam

267 1634 510 1675 haberemus.
556 1638 612 1674 At
631 1650 719 1674 vero
738 1636 818 1688 ejus
840 1636 912 1674 filii
931 1636 1071 1681 diserti,
1103 1646 1140 1674 et
1160 1638 1344 1675 omnibus
1371 1638 1429 1675 vel
1451 1648 1592 1676 naturae
1613 1639 1670 1676 vel

265 1703 448 1742 doctrina:
465 1703 645 1755 praefidiis
666 1703 711 1741 ad
727 1703 936 1741 dicendum
956 1704 1088 1756 parati,
1106 1717 1198 1742 cum
1219 1705 1413 1742 civitatem
1434 1705 1492 1742 vel
1514 1714 1672 1757 paterno

267 1769 440 1814 confilio,
462 1769 521 1807 vel
542 1770 651 1807 avitis
672 1770 787 1807 armis
818 1769 1120 1808 florentiffimam
1141 1770 1379 1823 accepiffent,
1407 1771 1473 1808 ista
1496 1771 1672 1824 praeclara

264 1832 547 1885 gubernatrice,
579 1843 622 1872 ut
651 1834 718 1878 ais,
750 1835 966 1878 civitatum,
998 1835 1217 1887 eloquentia
1248 1836 1529 1888 rempublicam
1565 1836 1669 1874 diffi-

266 1909 466 1952 paverunt.

322 1966 375 2004 X.
409 1965 546 2016 Qid?
569 1965 669 2018 leges
691 1975 846 2010 veteres,
869 1966 1069 2018 moresque
1087 1968 1278 2019 majorum
1297 1982 1306 2004 :
1339 1968 1432 2019 quid
1451 1969 1464 2005 ?
1492 1968 1668 2021 auspicia,

266 2032 410 2084 quibus
431 2041 467 2069 et
487 2045 572 2084 ego,
601 2042 638 2070 et
660 2042 716 2077 tu,
750 2033 888 2076 Craffe,
920 2047 1011 2070 cum
1032 2047 1171 2085 magna
1195 2034 1414 2085 reipublicae
1435 2034 1552 2072 salute
1572 2049 1669 2087 prae-

268 2098 423 2137 sumus:
446 2098 569 2151 quid?
601 2099 805 2151 religiones
826 2109 863 2137 et
884 2100 1143 2138 caeremoniae:
1175 2100 1298 2152 quid?
1329 2099 1410 2138 haec
1424 2102 1512 2153 jura
1527 2102 1668 2147 civilia,

267 2178 352 2216 quae
365 2164 602 2217 jampridem
626 2165 666 2202 in
688 2165 810 2205 nostra
828 2164 977 2204 familia
998 2167 1073 2203 fine
1095 2167 1172 2204 ulla
1192 2167 1421 2218 eloquentiae
1451 2167 1561 2205 laude
1583 2182 1667 2205 ver-

269 2231 408 2275 santur,
437 2244 533 2269 num
554 2240 618 2270 aut
638 2232 791 2270 inventa
811 2232 911 2277 sunt,
934 2242 998 2270 aut
1019 2234 1185 2285 cognita,
1208 2243 1271 2270 aut
1292 2234 1454 2271 omnino
1475 2234 1521 2271 ab
1542 2243 1668 2271 orato-

268 2310 355 2334 rum
372 2310 507 2348 genere
527 2299 708 2335 tractata?
740 2298 934 2350 Equidem
967 2309 1004 2336 et
1031 2302 1107 2336 Ser.
1133 2299 1302 2337 Galbam
1329 2300 1516 2337 memoria
1546 2309 1669 2343 teneO,

267 2362 445 2401 divinum
466 2361 670 2403 hominem
703 2365 743 2402 in
778 2365 955 2410 dicendo,
986 2375 1023 2402 et
1053 2366 1113 2403 M.
1139 2366 1346 2403 AEmilium
1376 2367 1593 2410 Porcinam,
1631 2374 1669 2402 et

268 2428 317 2466 C.
338 2427 463 2483 ipsum
480 2428 712 2474 Carbonem,
731 2443 849 2482 quem
872 2440 912 2469 tu
930 2431 1232 2470 adolescentulus
1255 2432 1462 2484 perculisti,
1491 2432 1668 2483 ignarum

267 2493 414 2548 legum,
444 2493 683 2535 haefitantem
702 2497 742 2535 in
770 2498 962 2548 majorum
984 2497 1183 2543 institutis,
1215 2499 1350 2556 rudem
1372 2499 1412 2537 in
1427 2499 1513 2550 jure
1533 2497 1635 2536 civili
1656 2509 1665 2536 2

964 2569 985 2603 S
1018 2580 1038 2604 2
