2176 2912
402 236 453 287 46
705 237 808 275 DE
885 237 1498 280 INVENTIONE

402 322 497 376 quid
517 324 646 361 aetum
666 323 723 361 fit.
775 324 927 362 Deinde
957 325 1052 376 quid
1071 326 1199 379 postea
1217 325 1363 366 factum
1384 328 1441 368 fit.

455 389 501 427 In
522 388 689 441 gestione
710 399 838 427 autem
859 391 1018 442 negotii,
1051 392 1118 443 qui
1138 392 1245 430 locus
1266 393 1453 432 secundus
1473 403 1551 433 erat
1570 395 1617 433 de
1642 395 1690 434 iis
1713 410 1800 449 quae

402 455 567 507 negotiis
588 455 771 493 attributa
796 455 896 500 sunt,
929 466 1119 508 quaeretur
1144 458 1266 503 locus,
1299 468 1466 512 tempus,
1499 461 1652 507 modus,
1683 476 1798 501 occa-

400 520 465 564 fio,
494 519 667 558 facultas.
707 522 837 559 Locus
858 522 1127 567 confideratur‚
1158 525 1199 562 in
1219 538 1296 577 quo
1316 539 1373 563 res
1393 526 1495 578 gesta
1510 527 1569 571 fit,
1590 541 1637 566 ex
1652 541 1796 581 oppor-
1814 578 1817 579 ⁷

399 586 563 624 tunitate
589 599 706 637 quarn
726 587 898 624 videatur
923 587 1093 627 habuisse
1124 589 1169 627 ad
1202 591 1405 642 negotium
1434 592 1794 632 administrandum.

398 651 455 689 Ea
474 660 603 688 autem
623 652 887 704 opportunitas
905 654 1087 704 quaeritur
1102 667 1148 692 ex
1167 655 1448 707 magnitudine,
1470 657 1684 703 intervallo,
1707 658 1795 697 lon-

396 717 626 769 ginquitate,
647 718 948 769 propinquitate,
970 718 1189 764 solitudine,
1207 721 1440 766 celebritate,
1458 732 1591 761 natura
1603 724 1718 776 ipfius
1734 724 1794 763 lo-

397 783 433 820 ci
457 792 495 820 et
522 782 719 820 vicinitate
751 785 868 827 totius
903 785 1084 836 regionis.
1126 786 1187 822 Ex
1218 784 1278 823 his
1304 786 1422 825 etiam
1449 788 1792 835 attributionibus;

396 848 495 887 sacer
515 862 559 885 an
581 847 787 901 profanus,
820 849 1000 902 publicus
1022 864 1068 888 an
1088 851 1286 904 privatus,
1325 852 1485 899 alienus,
1514 867 1561 892 an
1588 855 1717 907 ipfiuS,
1748 856 1795 894 de

395 928 474 967 quo
493 915 632 966 agitur,
664 915 770 953 locus
792 915 848 960 fit,
881 930 927 956 an
949 916 1078 955 fuerit,

450 982 627 1033 Tempus
648 990 778 1018 autem
797 982 863 1026 est,
887 982 925 1020 id
941 997 1020 1035 quo
1038 997 1141 1021 nunc
1162 984 1323 1029 utimur,
1357 986 1466 1037 (nam
1486 985 1613 1039 ipsum
1632 987 1794 1039 quidem

394 1045 619 1098 generaliter
635 1045 792 1083 definire
806 1047 964 1085 difficile
976 1048 1045 1100 est)
1070 1062 1153 1101 pars
1174 1049 1350 1101 quaedam
1371 1052 1591 1090 aeternitatis
1612 1066 1704 1090 cum
1720 1052 1792 1090 ali-

394 1112 503 1162 cujus
524 1111 654 1155 annui,
678 1111 875 1156 menstrui,
899 1113 1040 1158 diurni,
1064 1115 1287 1153 nocturnive
1301 1115 1409 1168 spatii
1426 1126 1528 1154 certa
1542 1117 1792 1169 fignificatio-

392 1190 453 1215 ne.
505 1177 550 1214 In
567 1175 656 1221 hoc,
685 1187 722 1214 et
740 1192 824 1229 quae
840 1180 1117 1230 praeterierunt,
1140 1181 1438 1227 confiderantur‚
1469 1191 1507 1220 et
1526 1196 1661 1221 eorum
1688 1184 1791 1236 ipso-

392 1257 478 1281 rum
500 1256 583 1295 quae
603 1253 759 1296 propter
778 1245 1003 1284 vetustatem
1018 1246 1300 1291 obsoleverunt,
1320 1256 1362 1284 ut
1376 1247 1620 1285 incredibilia
1633 1249 1789 1288 videan-

391 1320 466 1353 tur,
489 1319 526 1346 et
539 1310 623 1359 jam
643 1310 683 1348 in
703 1309 923 1350 fabularum
944 1326 1153 1350 numerum
1174 1322 1406 1365 reponantur
1418 1332 1430 1358 5
1463 1322 1501 1351 et
1521 1315 1702 1366 quaejam
1722 1316 1791 1353 diu

389 1376 502 1427 gesta,
539 1385 576 1413 et
607 1389 628 1413 a
660 1378 850 1416 memoria
882 1379 1008 1416 nostra
1040 1388 1188 1417 remota
1223 1389 1351 1417 tamen
1380 1378 1524 1418 faciant
1553 1379 1672 1418 fidem
1703 1395 1790 1420 vere

388 1442 524 1480 tradita
542 1441 626 1487 esse,
659 1443 763 1494 quod
784 1457 920 1482 eorum
940 1454 1196 1484 monumenta
1215 1455 1318 1483 certa
1335 1446 1375 1484 in
1401 1445 1521 1484 literis
1546 1446 1694 1485 exstent
1705 1466 1718 1492 ς
1750 1457 1788 1486 et

388 1522 472 1560 quae
494 1523 616 1560 nuper
635 1509 737 1560 gesta
756 1510 842 1554 fint‚
874 1524 958 1562 quae
988 1511 1081 1548 scire
1111 1511 1286 1563 plerique
1312 1512 1480 1563 poffint5
1511 1521 1550 1550 et
1580 1513 1676 1551 item
1702 1528 1788 1566 quae

387 1574 526 1612 instent
546 1575 585 1612 in
606 1574 814 1627 praesentia,
845 1585 884 1613 et
913 1590 997 1628 quae
1028 1577 1198 1614 maxime
1224 1576 1331 1622 fiant,
1363 1586 1401 1615 et
1432 1592 1517 1630 quae
1545 1579 1785 1632 consequan-

388 1650 463 1678 tur.
488 1641 532 1677 In
547 1640 687 1692 quibus
702 1641 824 1693 potest
837 1642 1075 1687 considerari,
1094 1642 1188 1695 quid
1201 1643 1307 1681 ocius
1321 1652 1358 1680 et
1371 1644 1467 1695 quid
1479 1644 1593 1683 serius
1606 1644 1786 1685 futurum

385 1707 442 1745 fit.
494 1708 547 1745 Et
575 1707 669 1744 item
695 1708 959 1746 communiter
984 1709 1024 1746 in
1045 1718 1219 1761 ternpore
1238 1709 1501 1762 perspiciendo
1521 1711 1784 1764 longinquitas

385 1773 466 1825 ejus
482 1772 534 1810 est
546 1772 826 1811 confideranda.
861 1774 967 1812 Nam
988 1774 1081 1827 saepe
1097 1785 1249 1827 oportet
1268 1777 1487 1814 commetiri
1505 1791 1597 1815 cum
1611 1787 1785 1831 tempore

384 1839 600 1890 negotium,
631 1847 669 1876 et
688 1838 828 1883 videre,
859 1840 1077 1891 potueritne
1097 1850 1161 1878 aut
1181 1842 1410 1893 magnitudo
1428 1843 1573 1894 negotii
1593 1853 1659 1881 aut
1675 1844 1782 1882 mul-

384 1905 510 1941 titudo
532 1918 657 1942 rerum
675 1905 713 1942 in
729 1919 774 1942 eo
794 1906 945 1958 tranfigi
964 1915 1149 1959 tempore.
1195 1907 1463 1946 Confideratur
1480 1918 1611 1947 autem
1628 1919 1786 1963 tempus,

385 1980 422 2007 et
450 1971 566 2014 anni‚·
584 1979 622 2007 et
642 1971 794 2015 menfis,
825 1981 863 2008 et
889 1972 978 2016 diei,
1009 1982 1047 2010 et
1066 1973 1203 2018 noctis,
1235 1982 1274 2011 et
1290 1973 1445 2025 vigilite,
1477 1984 1515 2012 et
1535 1974 1652 2021 horae,
1683 1985 1721 2014 et
1741 1978 1781 2014 in

379 2037 506 2088 aliqua
526 2046 629 2090 parte
649 2037 760 2089 alicuj
769 2052 810 2075 us
830 2037 985 2077 horum.

437 2098 607 2141 XXVII.
642 2104 801 2141 Occafio
821 2114 949 2142 autem
970 2105 1022 2142 est
1043 2118 1126 2158 pars
1143 2105 1329 2158 temporis
1349 2104 1493 2144 habens
1511 2106 1550 2144 in
1567 2106 1602 2144 se
1618 2107 1780 2160 alicujus

382 2169 434 2206 rei
456 2169 633 2206 idoneam
654 2168 833 2214 faciendi,
856 2180 920 2207 aut
947 2185 1024 2208 non
1050 2170 1231 2215 faciendi,
1254 2172 1598 2224 opportunitatem.
1650 2175 1780 2226 Qare

380 2249 473 2273 cum
503 2244 674 2287 tempore
705 2235 779 2273 hoc
806 2236 957 2274 differt:
999 2251 1087 2275 nam
1108 2250 1245 2289 genere
1265 2238 1424 2289 quidem
1445 2247 1655 2290 utrumque
1674 2240 1779 2278 idem

379 2301 449 2339 effe
466 2302 720 2353 intelligitur;
753 2316 886 2340 verum
902 2304 941 2341 in
963 2313 1135 2356 tempore
1155 2304 1320 2356 spatium
1341 2304 1630 2357 quodammodo
1647 2306 1776 2344 decla-

380 2376 495 2410 ratur,
537 2368 641 2418 quod
671 2368 709 2405 in
741 2369 863 2413 annis,
903 2379 968 2407 aut
1002 2370 1041 2407 in
1073 2384 1186 2414 anno,
1226 2380 1291 2407 aut
1322 2371 1362 2408 in
1393 2371 1521 2422 aliqua
1552 2371 1640 2409 anni
1671 2382 1777 2424 parte

374 2433 582 2486 speetatur:
615 2434 654 2470 in
675 2435 882 2479 occafione,
914 2436 959 2473 ad
987 2436 1152 2488 spatium
1185 2437 1368 2489 temporis
1399 2435 1565 2474 faciendi
1598 2438 1774 2489 quaedam

376 2500 641 2551 opportunitas
658 2501 889 2554 intelligitur
901 2502 1090 2554 adjuncta.
1133 2504 1260 2553 Qare
1273 2502 1364 2541 cum
1385 2517 1522 2555 genere
1537 2503 1641 2542 idem
1654 2504 1711 2549 fit,
1730 2504 1774 2542 fit

375 2565 492 2610 aliud,
524 2566 628 2618 quod
647 2577 751 2620 parte
773 2568 937 2620 quadam
958 2578 996 2607 et
1016 2569 1152 2622 specie,
1184 2580 1228 2609 ut
1245 2570 1430 2615 diximus,
1462 2569 1624 2610 differat.
1676 2571 1773 2610 Haec
