2176 2912
478 224 559 277 456
921 218 1455 258 ORATOR.

479 314 644 354 altitudo
663 325 732 352 nos
758 312 921 351 delectat
936 331 948 358 5
981 312 1139 357 radices,
1162 312 1366 365 stirpesque
1386 324 1464 350 non
1485 311 1581 349 item
1597 328 1609 355 ;
1641 309 1704 349 sed
1733 310 1803 350 effe
1824 311 1890 350 illa

480 382 557 420 fine
576 379 637 418 his
658 392 736 417 non
757 378 891 432 potest.
939 379 1011 416 Me
1031 387 1174 423 autem,
1206 378 1280 416 five
1309 377 1635 431 pervagatiffimus
1662 377 1727 415 ille
1747 378 1888 424 versus,

481 448 552 501 qui
572 454 688 490 vetat,

619 514 754 551 Artem
766 510 902 563 pudere
914 510 1090 563 proloqui,
1123 510 1403 563 qumtzfab‘lz'tes,
1904 560 1907 561 ⁷

479 578 714 617 diffimulare
735 590 812 615 non
833 577 920 614 finit
940 577 1036 628 quin
1057 576 1218 613 delecter
1233 594 1245 620 5
1277 575 1349 613 five
1371 585 1483 613 tuum
1504 575 1673 613 studium
1695 574 1770 613 hoc
1788 589 1807 613 a
1825 589 1888 613 me

480 645 665 684 volumen
684 643 883 695 expressit,
917 651 1046 679 tamen
1063 641 1131 686 eis,
1163 654 1259 693 quos
1280 640 1428 693 aliquid
1449 639 1738 693 reprehensuros
1768 641 1889 694 suspi-

482 712 608 755 cabar,
630 708 938 762 respondendum
958 706 1049 746 fuit.

538 776 657 828 Qod
678 775 704 813 fi
723 788 778 819 ea,
810 788 895 826 quae
915 774 1012 819 dixi,
1044 787 1121 812 non
1142 773 1193 811 ita
1213 772 1329 810 effent
1345 791 1357 818 3
1389 772 1476 825 quis
1498 781 1627 811 tamen
1650 772 1685 811 se
1706 782 1787 811 tam
1816 773 1889 811 du-

483 857 572 882 rum
603 841 866 895 agrestemque
899 841 1095 893 praeberet,
1127 840 1196 892 qui
1229 839 1330 878 hanc
1361 838 1462 877 mihi
1493 853 1571 878 non
1602 840 1705 878 daret
1725 840 1890 885 veniam,

482 920 542 955 ut,
578 923 670 948 cum
705 921 800 946 meae
834 906 998 945 forenses
1033 916 1128 945 artes
1160 915 1198 944 et
1230 907 1396 944 actiones
1427 906 1594 958 publicae
1626 905 1890 951 concidiffent,

483 991 564 1016 non
598 989 662 1014 me
693 984 758 1013 aut
784 974 947 1019 desidiae,
979 973 1085 1026 quod
1114 972 1235 1011 facere
1268 987 1345 1011 non
1380 972 1559 1025 poffum3
1591 982 1655 1011 aut
1685 973 1890 1018 moestitiae,

483 1044 548 1082 cui
568 1042 706 1086 resisto,
737 1041 866 1094 potius
887 1053 1005 1092 quam
1037 1040 1171 1085 literis,
1204 1039 1412 1077 dederem?
1445 1053 1529 1091 quae
1549 1040 1708 1091 quidem
1739 1053 1802 1077 me
1821 1053 1890 1077 an-

485 1120 547 1148 tea
581 1110 621 1147 in
650 1108 812 1161 judicia,
856 1116 971 1159 atque
1004 1107 1045 1145 in
1083 1106 1230 1144 curiam
1267 1105 1520 1150 deducebant,
1564 1119 1667 1143 nunc
1701 1105 1893 1144 oblectant

485 1176 606 1214 domi.
668 1175 755 1212 Nec
781 1187 869 1210 vero
900 1173 1041 1211 talibus
1070 1172 1186 1210 modo
1221 1172 1346 1217 rebus,
1378 1171 1508 1224 quales
1539 1170 1604 1210 hic
1635 1172 1732 1210 liber
1765 1173 1892 1210 conti-

484 1252 564 1287 net,
596 1241 657 1279 sed
692 1239 820 1278 multo
850 1240 966 1277 etiam
997 1239 1234 1291 gravioribus
1269 1248 1306 1276 et
1333 1238 1574 1290 majoribus;
1606 1252 1690 1290 quae
1721 1239 1748 1276 fi
1782 1248 1894 1277 erunt

484 1308 686 1362 pe1·fe6³[ae‚
732 1305 904 1358 profe&o
938 1305 1150 1343 forenfibus
1193 1305 1328 1343 nostris
1363 1305 1473 1343 rebus
1517 1305 1635 1343 etiam
1678 1305 1894 1344 domesticae

484 1377 601 1414 literae
622 1372 920 1427 respondebunt.
981 1373 1054 1412 Sed
1087 1372 1133 1410 ad
1163 1372 1378 1411 institutam
1399 1372 1697 1425 disputationem
1729 1381 1892 1411 reverta-

485 1456 589 1480 mur.

539 1507 691 1546 XLIV.
724 1504 1034 1544 Collocabuntur
1052 1505 1173 1557 igitur
1192 1505 1317 1550 verba,
1349 1513 1415 1543 aut
1448 1513 1491 1542 ut
1511 1505 1611 1543 inter
1630 1504 1666 1543 se
1686 1518 1804 1556 quam
1825 1518 1893 1557 ap-

484 1571 861 1616 tiffimecohaereant
881 1580 1053 1609 extrema
1072 1585 1164 1609 cum
1186 1572 1337 1623 primis,
1355 1571 1566 1622 eaquefint
1586 1585 1704 1623 quam
1724 1570 1892 1609 suaviffi-

484 1642 561 1680 mis
582 1639 741 1678 vocibus
758 1656 769 1683 ;
802 1647 866 1676 aut
887 1646 929 1675 ut
949 1636 1075 1675 forma
1094 1637 1173 1689 ipsa
1197 1637 1512 1689 concinnitasque
1540 1637 1747 1675 verborum
1767 1637 1893 1675 confi-

485 1709 562 1746 ciat
582 1706 717 1745 orbem
737 1704 849 1742 suurn
864 1722 875 1749 3
908 1713 973 1741 aut
993 1712 1036 1741 ut
1056 1702 1346 1755 comprehensio
1380 1703 1580 1741 numerose
1599 1712 1637 1740 et
1662 1712 1748 1755 apte
1769 1703 1891 1742 cadat.

485 1776 621 1826 Atque
640 1772 740 1811 illud
760 1771 933 1824 primum
953 1770 1165 1815 videamus,
1197 1770 1307 1822 quale
1328 1770 1371 1808 fit
1386 1788 1398 1815 3
1431 1770 1536 1824 quod
1555 1770 1614 1807 vel
1637 1770 1806 1808 maxime
1826 1770 1893 1808 de-

485 1841 620 1880 fiderat
658 1838 915 1890 diligen-tiam,
947 1846 990 1874 ut
1020 1837 1086 1875 fiat
1118 1837 1303 1874 structura
1333 1836 1523 1889 quaedam,
1565 1849 1636 1874 nec
1671 1845 1798 1874 tamen
1829 1836 1896 1875 fiat

486 1904 668 1959 operose:
701 1917 792 1941 nam
827 1902 917 1941 effet
949 1916 1041 1940 cum
1078 1902 1270 1947 infinitus,
1301 1911 1388 1940 tum
1419 1902 1577 1955 puerilis
1610 1902 1746 1948 labor3
1789 1902 1894 1954 quod

486 1972 587 2026 apud
608 1970 809 2010 Lucilium
830 1969 921 2007 scite
941 1969 1108 2022 exagitat
1128 1969 1168 2007 in
1190 1968 1362 2007 Albucio
1383 1968 1562 2007 Scaevola.

625 2040 742 2090 Qam
761 2036 870 2090 lepzde
887 2037 990 2075 lexeis
1009 2036 1183 2089 compostae
1196 2036 1215 2074 ἒ
1246 2044 1288 2074 ut
1307 2034 1478 2088 tqffi’rulae
1495 2049 1607 2074 omnes

626 2107 726 2143 Arte
738 2104 961 2157 pavimento,
992 2113 1100 2156 atque
1119 2103 1319 2141 emblemale
1341 2102 1589 2140 vermiculato.

489 2171 597 2211 Nolo
618 2180 697 2209 tam
729 2171 880 2208 minuta
911 2169 993 2208 haec
1025 2169 1257 2207 construetio
1283 2178 1489 2221 appareat:
1522 2167 1583 2206 sed
1615 2176 1741 2206 tamen
1776 2167 1893 2219 stylus
1924 2208 1927 2210 ,

486 2238 714 2277 exercitatus
745 2237 887 2274 efficiet
920 2235 1033 2273 facile
1062 2235 1162 2274 hanc
1183 2236 1285 2273 viam
1316 2235 1591 2288 componendi.
1652 2235 1758 2273 Nam
1780 2244 1824 2273 ut
1853 2235 1894 2273 in

487 2304 649 2358 legendo
679 2302 829 2347 oculus,
862 2302 910 2340 fic
945 2302 1096 2340 animus
1127 2303 1167 2339 in
1199 2302 1361 2339 dicendo
1392 2302 1612 2355 prospiciet,
1643 2300 1739 2354 quid
1759 2301 1893 2353 sequa-

488 2381 564 2415 tur,
598 2383 644 2407 ne
663 2378 926 2407 extremorum
952 2368 1158 2406 verborum
1188 2381 1280 2405 cum
1302 2367 1593 2420 insequentibus
1625 2367 1761 2420 primis
1795 2380 1893 2404 con-

489 2434 632 2481 cursuS,
664 2443 729 2473 aut
759 2432 907 2472 hiulcas
944 2447 1056 2472 voces
1087 2433 1242 2478 efficiat,
1273 2442 1339 2471 aut
1373 2433 1529 2486 asperas.
1576 2433 1767 2484 Qamvis
1787 2432 1893 2470 enim

491 2503 631 2546 suaves,
662 2501 866 2554 gravesque
899 2500 1107 2545 sententiae,
1139 2509 1268 2538 tamen
1290 2500 1315 2537 fi
1336 2500 1544 2538 inconditis
1573 2500 1698 2538 verbis
1724 2497 1892 2537 efferun-

491 2579 568 2613 tur,
613 2567 811 2607 offendent
840 2581 974 2615 aures,
1021 2582 1185 2621 quarum
1218 2566 1270 2609 est
1312 2567 1509 2620 judicium
1547 2565 1890 2620 superbiffimum:
