<?xml version="1.0" encoding="UTF-8"?>
<!DOCTYPE html PUBLIC "-//W3C//DTD XHTML 1.0 Transitional//EN"
    "http://www.w3.org/TR/xhtml1/DTD/xhtml1-transitional.dtd">
<html xmlns="http://www.w3.org/1999/xhtml" xml:lang="en" lang="en">
 <head>
  <title>
</title>
<meta http-equiv="Content-Type" content="text/html;charset=utf-8" />
  <meta name='ocr-system' content='tesseract 3.04.00' />
  <meta name='ocr-capabilities' content='ocr_page ocr_carea ocr_par ocr_line ocrx_word'/>
</head>
<body>
  <div class='ocr_page' id='page_1' title='image "./operacumindicibu01ciceuoft_0488.png"; bbox 0 0 2176 2912; ppageno 0'>
   <div class='ocr_carea' id='block_1_1' title="bbox 439 191 1413 245">
    <p class='ocr_par' dir='ltr' id='par_1_1' title="bbox 439 191 1413 245">
     <span class='ocr_line' id='line_1_1' title="bbox 439 191 1413 245; baseline -0.002 -13"><span class='ocrx_word' id='word_1_1' title='bbox 439 193 518 245; x_wconf 73' lang='lat'>476</span> <span class='ocrx_word' id='word_1_2' title='bbox 881 191 1413 231; x_wconf 83' lang='lat' dir='ltr'><strong>ORATOR.</strong></span> 
     </span>
    </p>
   </div>
   <div class='ocr_carea' id='block_1_2' title="bbox 430 282 1900 2521">
    <p class='ocr_par' dir='ltr' id='par_1_2' title="bbox 441 282 1900 797">
     <span class='ocr_line' id='line_1_2' title="bbox 441 282 1851 338; baseline -0.002 -14"><span class='ocrx_word' id='word_1_3' title='bbox 441 287 557 325; x_wconf 78' lang='lat' dir='ltr'>etiam</span> <span class='ocrx_word' id='word_1_4' title='bbox 579 284 764 338; x_wconf 63' lang='lat' dir='ltr'>daftylus,</span> <span class='ocrx_word' id='word_1_5' title='bbox 795 285 864 337; x_wconf 85' lang='lat' dir='ltr'>qui</span> <span class='ocrx_word' id='word_1_6' title='bbox 890 284 943 322; x_wconf 89' lang='lat' dir='ltr'>est</span> <span class='ocrx_word' id='word_1_7' title='bbox 962 299 982 322; x_wconf 90' lang='lat' dir='ltr'>e</span> <span class='ocrx_word' id='word_1_8' title='bbox 1002 285 1118 338; x_wconf 84' lang='lat' dir='ltr'>longa</span> <span class='ocrx_word' id='word_1_9' title='bbox 1137 294 1175 323; x_wconf 87' lang='lat' dir='ltr'>et</span> <span class='ocrx_word' id='word_1_10' title='bbox 1195 285 1342 323; x_wconf 81' lang='lat' dir='ltr'>duabus</span> <span class='ocrx_word' id='word_1_11' title='bbox 1363 282 1557 328; x_wconf 78' lang='lat' dir='ltr'>brevibus,</span> <span class='ocrx_word' id='word_1_12' title='bbox 1582 282 1609 321; x_wconf 92' lang='lat' dir='ltr'><strong>fi</strong></span> <span class='ocrx_word' id='word_1_13' title='bbox 1633 282 1685 321; x_wconf 88' lang='lat' dir='ltr'>est</span> <span class='ocrx_word' id='word_1_14' title='bbox 1711 283 1851 336; x_wconf 78' lang='lat' dir='ltr'>proxi-</span> 
     </span>
     <span class='ocr_line' id='line_1_3' title="bbox 442 349 1849 405; baseline -0.003 -14"><span class='ocrx_word' id='word_1_15' title='bbox 442 367 528 391; x_wconf 81' lang='lat' dir='ltr'>mus</span> <span class='ocrx_word' id='word_1_16' title='bbox 550 366 570 390; x_wconf 86' lang='lat' dir='ltr'>a</span> <span class='ocrx_word' id='word_1_17' title='bbox 590 352 794 405; x_wconf 88' lang='lat' dir='ltr'>postremo,</span> <span class='ocrx_word' id='word_1_18' title='bbox 826 365 963 404; x_wconf 87' lang='lat' dir='ltr'>parum</span> <span class='ocrx_word' id='word_1_19' title='bbox 984 352 1206 390; x_wconf 83' lang='lat' dir='ltr'>volubiliter</span> <span class='ocrx_word' id='word_1_20' title='bbox 1225 351 1399 404; x_wconf 85' lang='lat' dir='ltr'>pervenit</span> <span class='ocrx_word' id='word_1_21' title='bbox 1418 350 1464 388; x_wconf 86' lang='lat' dir='ltr'>ad</span> <span class='ocrx_word' id='word_1_22' title='bbox 1484 359 1718 394; x_wconf 84' lang='lat' dir='ltr'>extremum,</span> <span class='ocrx_word' id='word_1_23' title='bbox 1750 349 1777 388; x_wconf 91' lang='lat' dir='ltr'><strong>fi</strong></span> <span class='ocrx_word' id='word_1_24' title='bbox 1795 350 1849 388; x_wconf 91' lang='lat' dir='ltr'>est</span> 
     </span>
     <span class='ocr_line' id='line_1_4' title="bbox 442 415 1850 469; baseline -0.002 -13"><span class='ocrx_word' id='word_1_25' title='bbox 442 428 635 456; x_wconf 81' lang='lat' dir='ltr'>extremus</span> <span class='ocrx_word' id='word_1_26' title='bbox 657 416 834 462; x_wconf 83' lang='lat' dir='ltr'>choreus,</span> <span class='ocrx_word' id='word_1_27' title='bbox 865 426 930 455; x_wconf 84' lang='lat' dir='ltr'>aut</span> <span class='ocrx_word' id='word_1_28' title='bbox 949 417 1151 469; x_wconf 82' lang='lat' dir='ltr'>spondeus.</span> <span class='ocrx_word' id='word_1_29' title='bbox 1211 417 1429 469; x_wconf 82' lang='lat' dir='ltr'>Nunquam</span> <span class='ocrx_word' id='word_1_30' title='bbox 1447 416 1554 454; x_wconf 89' lang='lat' dir='ltr'>enim</span> <span class='ocrx_word' id='word_1_31' title='bbox 1574 415 1745 460; x_wconf 85' lang='lat' dir='ltr'>interest,</span> <span class='ocrx_word' id='word_1_32' title='bbox 1763 424 1850 453; x_wconf 82' lang='lat' dir='ltr'>uter</span> 
     </span>
     <span class='ocr_line' id='line_1_5' title="bbox 443 481 1847 537; baseline -0.003 -14"><span class='ocrx_word' id='word_1_33' title='bbox 443 485 487 523; x_wconf 78' lang='lat' dir='ltr'>sit</span> <span class='ocrx_word' id='word_1_34' title='bbox 507 499 642 523; x_wconf 88' lang='lat' dir='ltr'>eorum</span> <span class='ocrx_word' id='word_1_35' title='bbox 661 485 702 522; x_wconf 90' lang='lat' dir='ltr'>in</span> <span class='ocrx_word' id='word_1_36' title='bbox 721 483 816 537; x_wconf 87' lang='lat' dir='ltr'>pede</span> <span class='ocrx_word' id='word_1_37' title='bbox 835 492 1023 522; x_wconf 83' lang='lat' dir='ltr'>extremo.</span> <span class='ocrx_word' id='word_1_38' title='bbox 1082 484 1154 522; x_wconf 82' lang='lat' dir='ltr'>Sed</span> <span class='ocrx_word' id='word_1_39' title='bbox 1185 484 1303 521; x_wconf 87' lang='lat' dir='ltr'>iidem</span> <span class='ocrx_word' id='word_1_40' title='bbox 1335 483 1377 521; x_wconf 81' lang='lat' dir='ltr'>hi</span> <span class='ocrx_word' id='word_1_41' title='bbox 1399 493 1471 521; x_wconf 85' lang='lat' dir='ltr'>tres</span> <span class='ocrx_word' id='word_1_42' title='bbox 1494 482 1607 535; x_wconf 86' lang='lat' dir='ltr'>pedes</span> <span class='ocrx_word' id='word_1_43' title='bbox 1628 481 1730 520; x_wconf 87' lang='lat' dir='ltr'>male</span> <span class='ocrx_word' id='word_1_44' title='bbox 1748 495 1847 520; x_wconf 89' lang='lat' dir='ltr'>con-</span> 
     </span>
     <span class='ocr_line' id='line_1_6' title="bbox 444 548 1900 602; baseline -0.003 -13"><span class='ocrx_word' id='word_1_45' title='bbox 444 551 621 595; x_wconf 88' lang='lat' dir='ltr'>cludunt,</span> <span class='ocrx_word' id='word_1_46' title='bbox 652 550 677 588; x_wconf 88' lang='lat' dir='ltr'><strong>fi</strong></span> <span class='ocrx_word' id='word_1_47' title='bbox 698 550 784 602; x_wconf 79' lang='lat' dir='ltr'>quis</span> <span class='ocrx_word' id='word_1_48' title='bbox 805 564 939 588; x_wconf 87' lang='lat' dir='ltr'>eorum</span> <span class='ocrx_word' id='word_1_49' title='bbox 961 550 1000 586; x_wconf 88' lang='lat' dir='ltr'>in</span> <span class='ocrx_word' id='word_1_50' title='bbox 1021 559 1193 587; x_wconf 79' lang='lat' dir='ltr'>extremo</span> <span class='ocrx_word' id='word_1_51' title='bbox 1209 549 1354 586; x_wconf 84' lang='lat' dir='ltr'>locatus</span> <span class='ocrx_word' id='word_1_52' title='bbox 1375 549 1442 593; x_wconf 84' lang='lat' dir='ltr'>est,</span> <span class='ocrx_word' id='word_1_53' title='bbox 1461 548 1528 586; x_wconf 81' lang='lat' dir='ltr'>nisi</span> <span class='ocrx_word' id='word_1_54' title='bbox 1549 562 1642 586; x_wconf 90' lang='lat' dir='ltr'>cum</span> <span class='ocrx_word' id='word_1_55' title='bbox 1663 561 1733 600; x_wconf 86' lang='lat' dir='ltr'>pro</span> <span class='ocrx_word' id='word_1_56' title='bbox 1761 561 1847 586; x_wconf 85' lang='lat' dir='ltr'>cre-</span> <span class='ocrx_word' id='word_1_57' title='bbox 1897 548 1900 549; x_wconf 46' lang='lat'><em>⁷</em></span> 
     </span>
     <span class='ocr_line' id='line_1_7' title="bbox 444 613 1852 669; baseline -0.002 -14"><span class='ocrx_word' id='word_1_58' title='bbox 444 617 523 655; x_wconf 87' lang='lat' dir='ltr'>tico</span> <span class='ocrx_word' id='word_1_59' title='bbox 554 616 764 669; x_wconf 85' lang='lat' dir='ltr'>postremus</span> <span class='ocrx_word' id='word_1_60' title='bbox 796 616 848 653; x_wconf 86' lang='lat' dir='ltr'>est</span> <span class='ocrx_word' id='word_1_61' title='bbox 875 615 1059 666; x_wconf 64' lang='lat' dir='ltr'>daciylus.</span> <span class='ocrx_word' id='word_1_62' title='bbox 1120 614 1237 652; x_wconf 89' lang='lat' dir='ltr'>Nihil</span> <span class='ocrx_word' id='word_1_63' title='bbox 1269 615 1374 651; x_wconf 85' lang='lat' dir='ltr'>enim</span> <span class='ocrx_word' id='word_1_64' title='bbox 1405 613 1570 657; x_wconf 81' lang='lat' dir='ltr'>interest,</span> <span class='ocrx_word' id='word_1_65' title='bbox 1602 613 1772 665; x_wconf 69' lang='lat' dir='ltr'>daftylus</span> <span class='ocrx_word' id='word_1_66' title='bbox 1803 613 1852 652; x_wconf 75' lang='lat' dir='ltr'>fit.</span> 
     </span>
     <span class='ocr_line' id='line_1_8' title="bbox 444 679 1850 732; baseline -0.003 -12"><span class='ocrx_word' id='word_1_67' title='bbox 444 692 655 726; x_wconf 82' lang='lat' dir='ltr'>extremus,</span> <span class='ocrx_word' id='word_1_68' title='bbox 690 695 737 719; x_wconf 84' lang='lat' dir='ltr'>an</span> <span class='ocrx_word' id='word_1_69' title='bbox 770 683 932 718; x_wconf 86' lang='lat' dir='ltr'>creticus</span> <span class='ocrx_word' id='word_1_70' title='bbox 949 698 960 724; x_wconf 78' lang='lat'>3</span> <span class='ocrx_word' id='word_1_71' title='bbox 993 679 1084 731; x_wconf 89' lang='lat' dir='ltr'>quia</span> <span class='ocrx_word' id='word_1_72' title='bbox 1116 680 1307 732; x_wconf 84' lang='lat' dir='ltr'>postrema</span> <span class='ocrx_word' id='word_1_73' title='bbox 1336 679 1477 731; x_wconf 76' lang='lat' dir='ltr'>syllaba</span> <span class='ocrx_word' id='word_1_74' title='bbox 1495 679 1635 725; x_wconf 83' lang='lat' dir='ltr'>brevis,</span> <span class='ocrx_word' id='word_1_75' title='bbox 1666 692 1714 717; x_wconf 87' lang='lat' dir='ltr'>an</span> <span class='ocrx_word' id='word_1_76' title='bbox 1733 679 1850 732; x_wconf 82' lang='lat' dir='ltr'>longa</span> 
     </span>
     <span class='ocr_line' id='line_1_9' title="bbox 443 745 1086 797; baseline -0.006 -10"><span class='ocrx_word' id='word_1_77' title='bbox 443 749 502 794; x_wconf 86' lang='lat' dir='ltr'>fit,</span> <span class='ocrx_word' id='word_1_78' title='bbox 524 762 572 786; x_wconf 90' lang='lat' dir='ltr'>ne</span> <span class='ocrx_word' id='word_1_79' title='bbox 591 748 631 785; x_wconf 91' lang='lat' dir='ltr'>in</span> <span class='ocrx_word' id='word_1_80' title='bbox 652 746 758 785; x_wconf 85' lang='lat' dir='ltr'>versu</span> <span class='ocrx_word' id='word_1_81' title='bbox 779 746 937 797; x_wconf 86' lang='lat' dir='ltr'>quidem</span> <span class='ocrx_word' id='word_1_82' title='bbox 959 745 1086 784; x_wconf 79' lang='lat' dir='ltr'>refert.</span> 
     </span>
    </p>

    <p class='ocr_par' dir='ltr' id='par_1_3' title="bbox 444 809 1858 1528">
     <span class='ocr_line' id='line_1_10' title="bbox 492 809 1854 866; baseline -0.002 -15"><span class='ocrx_word' id='word_1_83' title='bbox 492 815 620 866; x_wconf 83' lang='lat' dir='ltr'>Qare</span> <span class='ocrx_word' id='word_1_84' title='bbox 641 812 757 850; x_wconf 87' lang='lat' dir='ltr'>etiam</span> <span class='ocrx_word' id='word_1_85' title='bbox 778 825 910 864; x_wconf 83' lang='lat' dir='ltr'>paeona</span> <span class='ocrx_word' id='word_1_86' title='bbox 929 812 997 863; x_wconf 90' lang='lat' dir='ltr'>qui</span> <span class='ocrx_word' id='word_1_87' title='bbox 1018 811 1117 849; x_wconf 83' lang='lat' dir='ltr'>dixit</span> <span class='ocrx_word' id='word_1_88' title='bbox 1137 811 1338 863; x_wconf 78' lang='lat' dir='ltr'>aptiorem,</span> <span class='ocrx_word' id='word_1_89' title='bbox 1360 811 1400 848; x_wconf 84' lang='lat' dir='ltr'>in</span> <span class='ocrx_word' id='word_1_90' title='bbox 1421 825 1500 863; x_wconf 88' lang='lat' dir='ltr'>quo</span> <span class='ocrx_word' id='word_1_91' title='bbox 1519 809 1607 849; x_wconf 82' lang='lat' dir='ltr'>effet</span> <span class='ocrx_word' id='word_1_92' title='bbox 1626 809 1742 863; x_wconf 68' lang='lat' dir='ltr'>lon—ga</span> <span class='ocrx_word' id='word_1_93' title='bbox 1759 809 1854 863; x_wconf 78' lang='lat' dir='ltr'>pos·</span> 
     </span>
     <span class='ocr_line' id='line_1_11' title="bbox 445 875 1851 931; baseline -0.001 -13"><span class='ocrx_word' id='word_1_94' title='bbox 445 890 580 925; x_wconf 86' lang='lat' dir='ltr'>trema,</span> <span class='ocrx_word' id='word_1_95' title='bbox 608 880 704 918; x_wconf 91' lang='lat' dir='ltr'>vidit</span> <span class='ocrx_word' id='word_1_96' title='bbox 724 892 885 931; x_wconf 77' lang='lat' dir='ltr'>parum3</span> <span class='ocrx_word' id='word_1_97' title='bbox 917 879 1103 930; x_wconf 87' lang='lat' dir='ltr'>quoniam</span> <span class='ocrx_word' id='word_1_98' title='bbox 1123 877 1223 916; x_wconf 86' lang='lat' dir='ltr'>nihil</span> <span class='ocrx_word' id='word_1_99' title='bbox 1243 877 1288 915; x_wconf 87' lang='lat' dir='ltr'>ad</span> <span class='ocrx_word' id='word_1_100' title='bbox 1310 891 1389 915; x_wconf 87' lang='lat' dir='ltr'>rem</span> <span class='ocrx_word' id='word_1_101' title='bbox 1411 877 1476 922; x_wconf 87' lang='lat' dir='ltr'>est,</span> <span class='ocrx_word' id='word_1_102' title='bbox 1507 877 1697 930; x_wconf 86' lang='lat' dir='ltr'>postrema</span> <span class='ocrx_word' id='word_1_103' title='bbox 1728 875 1851 929; x_wconf 66' lang='lat' dir='ltr'>quam</span> 
     </span>
     <span class='ocr_line' id='line_1_12' title="bbox 444 943 1850 999; baseline -0.003 -15"><span class='ocrx_word' id='word_1_104' title='bbox 444 947 558 999; x_wconf 81' lang='lat' dir='ltr'>longa</span> <span class='ocrx_word' id='word_1_105' title='bbox 589 946 645 984; x_wconf 88' lang='lat' dir='ltr'>fit.</span> <span class='ocrx_word' id='word_1_106' title='bbox 692 946 781 996; x_wconf 87' lang='lat' dir='ltr'>Jam</span> <span class='ocrx_word' id='word_1_107' title='bbox 801 959 925 997; x_wconf 84' lang='lat' dir='ltr'>paeon,</span> <span class='ocrx_word' id='word_1_108' title='bbox 961 944 1066 996; x_wconf 71' lang='lat' dir='ltr'>quod</span> <span class='ocrx_word' id='word_1_109' title='bbox 1097 943 1223 996; x_wconf 85' lang='lat' dir='ltr'>plures</span> <span class='ocrx_word' id='word_1_110' title='bbox 1254 943 1394 981; x_wconf 82' lang='lat' dir='ltr'>habeat</span> <span class='ocrx_word' id='word_1_111' title='bbox 1411 943 1592 995; x_wconf 65' lang='lat' dir='ltr'>syllabas,</span> <span class='ocrx_word' id='word_1_112' title='bbox 1606 956 1724 996; x_wconf 87' lang='lat' dir='ltr'>quam</span> <span class='ocrx_word' id='word_1_113' title='bbox 1757 951 1850 987; x_wconf 86' lang='lat' dir='ltr'>tres,</span> 
     </span>
     <span class='ocr_line' id='line_1_13' title="bbox 446 1009 1852 1064; baseline -0.004 -12"><span class='ocrx_word' id='word_1_114' title='bbox 446 1026 630 1052; x_wconf 81' lang='lat' dir='ltr'>numerus</span> <span class='ocrx_word' id='word_1_115' title='bbox 650 1026 669 1050; x_wconf 91' lang='lat' dir='ltr'>a</span> <span class='ocrx_word' id='word_1_116' title='bbox 689 1011 933 1064; x_wconf 84' lang='lat' dir='ltr'>quibusdam,</span> <span class='ocrx_word' id='word_1_117' title='bbox 956 1025 1032 1050; x_wconf 91' lang='lat' dir='ltr'>non</span> <span class='ocrx_word' id='word_1_118' title='bbox 1053 1024 1134 1063; x_wconf 84' lang='lat' dir='ltr'>pes,</span> <span class='ocrx_word' id='word_1_119' title='bbox 1155 1009 1332 1048; x_wconf 80' lang='lat' dir='ltr'>habetur.</span> <span class='ocrx_word' id='word_1_120' title='bbox 1392 1009 1459 1048; x_wconf 85' lang='lat' dir='ltr'>Est</span> <span class='ocrx_word' id='word_1_121' title='bbox 1479 1010 1654 1062; x_wconf 90' lang='lat' dir='ltr'>quidem,</span> <span class='ocrx_word' id='word_1_122' title='bbox 1687 1018 1730 1047; x_wconf 86' lang='lat' dir='ltr'>ut</span> <span class='ocrx_word' id='word_1_123' title='bbox 1750 1011 1852 1047; x_wconf 80' lang='lat' dir='ltr'>inter</span> 
     </span>
     <span class='ocr_line' id='line_1_14' title="bbox 445 1074 1853 1129; baseline -0.004 -11"><span class='ocrx_word' id='word_1_124' title='bbox 445 1093 580 1122; x_wconf 86' lang='lat' dir='ltr'>omnes</span> <span class='ocrx_word' id='word_1_125' title='bbox 607 1078 751 1117; x_wconf 84' lang='lat' dir='ltr'>constat</span> <span class='ocrx_word' id='word_1_126' title='bbox 781 1078 974 1129; x_wconf 71' lang='lat' dir='ltr'>antiquos,</span> <span class='ocrx_word' id='word_1_127' title='bbox 1008 1077 1268 1121; x_wconf 85' lang='lat' dir='ltr'>Aristotelem,</span> <span class='ocrx_word' id='word_1_128' title='bbox 1289 1075 1617 1128; x_wconf 76' lang='lat' dir='ltr'>Theophrastum,</span> <span class='ocrx_word' id='word_1_129' title='bbox 1638 1074 1853 1114; x_wconf 85' lang='lat' dir='ltr'>Theodec-</span> 
     </span>
     <span class='ocr_line' id='line_1_15' title="bbox 448 1141 1856 1198; baseline -0.004 -13"><span class='ocrx_word' id='word_1_130' title='bbox 448 1156 542 1190; x_wconf 80' lang='lat' dir='ltr'>tem,</span> <span class='ocrx_word' id='word_1_131' title='bbox 566 1144 785 1198; x_wconf 87' lang='lat' dir='ltr'>Ephorum,</span> <span class='ocrx_word' id='word_1_132' title='bbox 819 1157 917 1182; x_wconf 84' lang='lat' dir='ltr'>unus</span> <span class='ocrx_word' id='word_1_133' title='bbox 937 1143 1149 1196; x_wconf 77' lang='lat' dir='ltr'>aptiflimus</span> <span class='ocrx_word' id='word_1_134' title='bbox 1168 1142 1332 1181; x_wconf 80' lang='lat' dir='ltr'>orationi</span> <span class='ocrx_word' id='word_1_135' title='bbox 1350 1142 1410 1180; x_wconf 86' lang='lat' dir='ltr'>vel</span> <span class='ocrx_word' id='word_1_136' title='bbox 1430 1142 1584 1187; x_wconf 87' lang='lat' dir='ltr'>orient-i,</span> <span class='ocrx_word' id='word_1_137' title='bbox 1605 1141 1669 1180; x_wconf 88' lang='lat' dir='ltr'>vel</span> <span class='ocrx_word' id='word_1_138' title='bbox 1688 1141 1825 1180; x_wconf 64' lang='lat' dir='ltr'>mediae</span> <span class='ocrx_word' id='word_1_139' title='bbox 1838 1156 1856 1180; x_wconf 71' lang='grc' dir='ltr'>ε.</span> 
     </span>
     <span class='ocr_line' id='line_1_16' title="bbox 446 1208 1851 1265; baseline -0.002 -15"><span class='ocrx_word' id='word_1_140' title='bbox 446 1221 583 1265; x_wconf 87' lang='lat' dir='ltr'>putant</span> <span class='ocrx_word' id='word_1_141' title='bbox 603 1211 661 1249; x_wconf 84' lang='lat' dir='ltr'>illi</span> <span class='ocrx_word' id='word_1_142' title='bbox 681 1211 798 1248; x_wconf 77' lang='lat' dir='ltr'>etiam</span> <span class='ocrx_word' id='word_1_143' title='bbox 819 1210 969 1248; x_wconf 78' lang='lat' dir='ltr'>cadenti</span> <span class='ocrx_word' id='word_1_144' title='bbox 984 1228 997 1254; x_wconf 87' lang='lat'>;</span> <span class='ocrx_word' id='word_1_145' title='bbox 1029 1223 1108 1262; x_wconf 91' lang='lat' dir='ltr'>quo</span> <span class='ocrx_word' id='word_1_146' title='bbox 1127 1208 1215 1248; x_wconf 93' lang='lat' dir='ltr'>loco</span> <span class='ocrx_word' id='word_1_147' title='bbox 1236 1208 1336 1247; x_wconf 86' lang='lat' dir='ltr'>mihi</span> <span class='ocrx_word' id='word_1_148' title='bbox 1357 1209 1508 1247; x_wconf 81' lang='lat' dir='ltr'>videtur</span> <span class='ocrx_word' id='word_1_149' title='bbox 1526 1208 1650 1262; x_wconf 85' lang='lat' dir='ltr'>aptior</span> <span class='ocrx_word' id='word_1_150' title='bbox 1667 1208 1851 1247; x_wconf 74' lang='lat' dir='ltr'>creticus,</span> 
     </span>
     <span class='ocr_line' id='line_1_17' title="bbox 447 1273 1853 1328; baseline -0.003 -12"><span class='ocrx_word' id='word_1_151' title='bbox 447 1277 666 1316; x_wconf 86' lang='lat' dir='ltr'>Dochmius</span> <span class='ocrx_word' id='word_1_152' title='bbox 687 1286 816 1314; x_wconf 87' lang='lat' dir='ltr'>autem</span> <span class='ocrx_word' id='word_1_153' title='bbox 836 1289 856 1314; x_wconf 92' lang='lat' dir='ltr'>e</span> <span class='ocrx_word' id='word_1_154' title='bbox 876 1276 1049 1328; x_wconf 88' lang='lat' dir='ltr'>quinque</span> <span class='ocrx_word' id='word_1_155' title='bbox 1069 1275 1236 1327; x_wconf 76' lang='lat' dir='ltr'>syllabis,</span> <span class='ocrx_word' id='word_1_156' title='bbox 1254 1275 1375 1320; x_wconf 85' lang='lat' dir='ltr'>brevi,</span> <span class='ocrx_word' id='word_1_157' title='bbox 1396 1275 1544 1314; x_wconf 83' lang='lat' dir='ltr'>duabus</span> <span class='ocrx_word' id='word_1_158' title='bbox 1566 1274 1705 1327; x_wconf 84' lang='lat' dir='ltr'>longis,</span> <span class='ocrx_word' id='word_1_159' title='bbox 1727 1273 1853 1320; x_wconf 73' lang='lat' dir='ltr'>brevi,</span> 
     </span>
     <span class='ocr_line' id='line_1_18' title="bbox 445 1339 1852 1396; baseline -0.003 -14"><span class='ocrx_word' id='word_1_160' title='bbox 445 1344 575 1396; x_wconf 59' lang='lat' dir='ltr'>longa,</span> <span class='ocrx_word' id='word_1_161' title='bbox 598 1353 641 1382; x_wconf 90' lang='lat' dir='ltr'>ut</span> <span class='ocrx_word' id='word_1_162' title='bbox 660 1343 713 1381; x_wconf 89' lang='lat' dir='ltr'>est</span> <span class='ocrx_word' id='word_1_163' title='bbox 732 1341 822 1388; x_wconf 87' lang='lat' dir='ltr'>hoc,</span> <span class='ocrx_word' id='word_1_164' title='bbox 843 1342 987 1382; x_wconf 81' lang='lat' dir='ltr'>Amicos</span> <span class='ocrx_word' id='word_1_165' title='bbox 1007 1351 1115 1386; x_wconf 83' lang='lat' dir='ltr'>tenes,</span> <span class='ocrx_word' id='word_1_166' title='bbox 1137 1342 1274 1395; x_wconf 86' lang='lat' dir='ltr'>quovis</span> <span class='ocrx_word' id='word_1_167' title='bbox 1293 1342 1381 1381; x_wconf 88' lang='lat' dir='ltr'>loco</span> <span class='ocrx_word' id='word_1_168' title='bbox 1400 1351 1510 1395; x_wconf 89' lang='lat' dir='ltr'>aptus</span> <span class='ocrx_word' id='word_1_169' title='bbox 1530 1341 1603 1386; x_wconf 69' lang='lat' dir='ltr'>est,</span> <span class='ocrx_word' id='word_1_170' title='bbox 1618 1341 1714 1380; x_wconf 92' lang='lat' dir='ltr'>dum</span> <span class='ocrx_word' id='word_1_171' title='bbox 1733 1339 1852 1379; x_wconf 82' lang='lat' dir='ltr'>semel</span> 
     </span>
     <span class='ocr_line' id='line_1_19' title="bbox 444 1407 1858 1462; baseline -0.001 -14"><span class='ocrx_word' id='word_1_172' title='bbox 444 1419 635 1462; x_wconf 73' lang='lat' dir='ltr'>ponatur3</span> <span class='ocrx_word' id='word_1_173' title='bbox 664 1410 834 1455; x_wconf 86' lang='lat' dir='ltr'>iteratus,</span> <span class='ocrx_word' id='word_1_174' title='bbox 856 1417 921 1447; x_wconf 83' lang='lat' dir='ltr'>aut</span> <span class='ocrx_word' id='word_1_175' title='bbox 941 1409 1202 1454; x_wconf 81' lang='lat' dir='ltr'>continuatus,</span> <span class='ocrx_word' id='word_1_176' title='bbox 1226 1422 1433 1447; x_wconf 88' lang='lat' dir='ltr'>numerum</span> <span class='ocrx_word' id='word_1_177' title='bbox 1452 1417 1647 1461; x_wconf 79' lang='lat' dir='ltr'>apertum,</span> <span class='ocrx_word' id='word_1_178' title='bbox 1673 1416 1711 1446; x_wconf 91' lang='lat' dir='ltr'>et</span> <span class='ocrx_word' id='word_1_179' title='bbox 1730 1407 1858 1446; x_wconf 29' lang='lat' dir='ltr'>nimis*</span> 
     </span>
     <span class='ocr_line' id='line_1_20' title="bbox 444 1473 758 1528; baseline -0.003 -14"><span class='ocrx_word' id='word_1_180' title='bbox 444 1476 633 1528; x_wconf 72' lang='lat' dir='ltr'>insignem</span> <span class='ocrx_word' id='word_1_181' title='bbox 651 1473 758 1513; x_wconf 83' lang='lat' dir='ltr'>facit.</span> 
     </span>
    </p>

    <p class='ocr_par' dir='ltr' id='par_1_4' title="bbox 443 1538 1858 1990">
     <span class='ocr_line' id='line_1_21' title="bbox 500 1538 1854 1592; baseline -0.002 -13"><span class='ocrx_word' id='word_1_182' title='bbox 500 1542 630 1579; x_wconf 90' lang='lat' dir='ltr'>LXV.</span> <span class='ocrx_word' id='word_1_183' title='bbox 662 1541 739 1579; x_wconf 87' lang='lat' dir='ltr'>His</span> <span class='ocrx_word' id='word_1_184' title='bbox 759 1540 877 1592; x_wconf 81' lang='lat' dir='ltr'>igitur</span> <span class='ocrx_word' id='word_1_185' title='bbox 897 1549 956 1577; x_wconf 88' lang='lat' dir='ltr'>tot</span> <span class='ocrx_word' id='word_1_186' title='bbox 975 1541 1362 1585; x_wconf 81' lang='lat' dir='ltr'>commutationibus,</span> <span class='ocrx_word' id='word_1_187' title='bbox 1400 1549 1557 1591; x_wconf 86' lang='lat' dir='ltr'>tamque</span> <span class='ocrx_word' id='word_1_188' title='bbox 1582 1539 1694 1577; x_wconf 86' lang='lat' dir='ltr'>var-iis</span> <span class='ocrx_word' id='word_1_189' title='bbox 1714 1538 1741 1576; x_wconf 91' lang='lat' dir='ltr'><strong>fi</strong></span> <span class='ocrx_word' id='word_1_190' title='bbox 1762 1547 1854 1576; x_wconf 81' lang='lat' dir='ltr'>ute-</span> 
     </span>
     <span class='ocr_line' id='line_1_22' title="bbox 443 1603 1857 1659; baseline -0.003 -14"><span class='ocrx_word' id='word_1_191' title='bbox 443 1621 548 1651; x_wconf 87' lang='lat' dir='ltr'>mur,</span> <span class='ocrx_word' id='word_1_192' title='bbox 571 1620 640 1645; x_wconf 90' lang='lat' dir='ltr'>nec</span> <span class='ocrx_word' id='word_1_193' title='bbox 660 1604 964 1659; x_wconf 88' lang='lat' dir='ltr'>deprehendetur</span> <span class='ocrx_word' id='word_1_194' title='bbox 984 1604 1198 1650; x_wconf 87' lang='lat' dir='ltr'>manifesto,</span> <span class='ocrx_word' id='word_1_195' title='bbox 1216 1606 1310 1658; x_wconf 86' lang='lat' dir='ltr'>quid</span> <span class='ocrx_word' id='word_1_196' title='bbox 1330 1619 1351 1643; x_wconf 90' lang='lat' dir='ltr'>a</span> <span class='ocrx_word' id='word_1_197' title='bbox 1369 1606 1480 1644; x_wconf 86' lang='lat' dir='ltr'>nobis</span> <span class='ocrx_word' id='word_1_198' title='bbox 1501 1606 1548 1643; x_wconf 93' lang='lat' dir='ltr'>de</span> <span class='ocrx_word' id='word_1_199' title='bbox 1566 1604 1748 1642; x_wconf 89' lang='lat' dir='ltr'>industria</span> <span class='ocrx_word' id='word_1_200' title='bbox 1767 1603 1857 1649; x_wconf 72' lang='lat' dir='ltr'>fiat,</span> 
     </span>
     <span class='ocr_line' id='line_1_23' title="bbox 445 1670 1858 1724; baseline -0.003 -12"><span class='ocrx_word' id='word_1_201' title='bbox 445 1683 484 1711; x_wconf 89' lang='lat' dir='ltr'>et</span> <span class='ocrx_word' id='word_1_202' title='bbox 514 1682 735 1712; x_wconf 87' lang='lat' dir='ltr'>occurretur</span> <span class='ocrx_word' id='word_1_203' title='bbox 762 1672 936 1710; x_wconf 78' lang='lat' dir='ltr'>satietati.</span> <span class='ocrx_word' id='word_1_204' title='bbox 996 1673 1048 1710; x_wconf 85' lang='lat' dir='ltr'>Et</span> <span class='ocrx_word' id='word_1_205' title='bbox 1079 1672 1169 1724; x_wconf 85' lang='lat' dir='ltr'>quia</span> <span class='ocrx_word' id='word_1_206' title='bbox 1200 1686 1277 1710; x_wconf 91' lang='lat' dir='ltr'>non</span> <span class='ocrx_word' id='word_1_207' title='bbox 1308 1685 1469 1710; x_wconf 89' lang='lat' dir='ltr'>numero</span> <span class='ocrx_word' id='word_1_208' title='bbox 1503 1671 1628 1710; x_wconf 88' lang='lat' dir='ltr'>solum</span> <span class='ocrx_word' id='word_1_209' title='bbox 1648 1670 1858 1710; x_wconf 73' lang='lat' dir='ltr'>numerosa</span> 
     </span>
     <span class='ocr_line' id='line_1_24' title="bbox 445 1737 1848 1791; baseline -0.002 -13"><span class='ocrx_word' id='word_1_210' title='bbox 445 1740 580 1784; x_wconf 89' lang='lat' dir='ltr'>oratio,</span> <span class='ocrx_word' id='word_1_211' title='bbox 613 1739 676 1777; x_wconf 91' lang='lat' dir='ltr'>sed</span> <span class='ocrx_word' id='word_1_212' title='bbox 695 1748 732 1776; x_wconf 92' lang='lat' dir='ltr'>et</span> <span class='ocrx_word' id='word_1_213' title='bbox 752 1739 1028 1791; x_wconf 68' lang='lat' dir='ltr'>compositione</span> <span class='ocrx_word' id='word_1_214' title='bbox 1049 1738 1106 1782; x_wconf 85' lang='lat' dir='ltr'>fit,</span> <span class='ocrx_word' id='word_1_215' title='bbox 1137 1748 1174 1776; x_wconf 89' lang='lat' dir='ltr'>et</span> <span class='ocrx_word' id='word_1_216' title='bbox 1194 1752 1332 1791; x_wconf 82' lang='lat' dir='ltr'><strong>genere</strong></span> <span class='ocrx_word' id='word_1_217' title='bbox 1361 1738 1483 1790; x_wconf 87' lang='lat' dir='ltr'>(quod</span> <span class='ocrx_word' id='word_1_218' title='bbox 1505 1747 1589 1776; x_wconf 89' lang='lat' dir='ltr'>ante</span> <span class='ocrx_word' id='word_1_219' title='bbox 1611 1738 1758 1775; x_wconf 61' lang='lat' dir='ltr'>dictum</span> <span class='ocrx_word' id='word_1_220' title='bbox 1775 1737 1848 1789; x_wconf 89' lang='lat' dir='ltr'>est)</span> 
     </span>
     <span class='ocr_line' id='line_1_25' title="bbox 445 1803 1851 1857; baseline -0.001 -14"><span class='ocrx_word' id='word_1_221' title='bbox 445 1805 715 1844; x_wconf 77' lang='lat' dir='ltr'>concinnitatis</span> <span class='ocrx_word' id='word_1_222' title='bbox 732 1823 743 1849; x_wconf 78' lang='lat'>3</span> <span class='ocrx_word' id='word_1_223' title='bbox 763 1805 1041 1856; x_wconf 64' lang='lat' dir='ltr'>compositione</span> <span class='ocrx_word' id='word_1_224' title='bbox 1057 1804 1177 1856; x_wconf 85' lang='lat' dir='ltr'>potest</span> <span class='ocrx_word' id='word_1_225' title='bbox 1195 1805 1377 1857; x_wconf 86' lang='lat' dir='ltr'>intelligi,</span> <span class='ocrx_word' id='word_1_226' title='bbox 1394 1818 1486 1842; x_wconf 91' lang='lat' dir='ltr'>cum</span> <span class='ocrx_word' id='word_1_227' title='bbox 1506 1804 1560 1842; x_wconf 90' lang='lat' dir='ltr'>ita</span> <span class='ocrx_word' id='word_1_228' title='bbox 1579 1803 1717 1841; x_wconf 66' lang='lat' dir='ltr'>struC&#39;ta</span> <span class='ocrx_word' id='word_1_229' title='bbox 1735 1803 1851 1841; x_wconf 90' lang='lat' dir='ltr'>verba</span> 
     </span>
     <span class='ocr_line' id='line_1_26' title="bbox 446 1869 1849 1923; baseline -0.001 -14"><span class='ocrx_word' id='word_1_230' title='bbox 446 1872 547 1917; x_wconf 86' lang='lat' dir='ltr'>sunt,</span> <span class='ocrx_word' id='word_1_231' title='bbox 582 1880 625 1909; x_wconf 88' lang='lat' dir='ltr'>ut</span> <span class='ocrx_word' id='word_1_232' title='bbox 645 1884 827 1909; x_wconf 84' lang='lat' dir='ltr'>numerus</span> <span class='ocrx_word' id='word_1_233' title='bbox 859 1885 936 1909; x_wconf 86' lang='lat' dir='ltr'>non</span> <span class='ocrx_word' id='word_1_234' title='bbox 968 1871 1159 1923; x_wconf 72' lang='lat' dir='ltr'>quaefitus,</span> <span class='ocrx_word' id='word_1_235' title='bbox 1192 1870 1253 1908; x_wconf 76' lang='lat' dir='ltr'>sed</span> <span class='ocrx_word' id='word_1_236' title='bbox 1280 1871 1357 1922; x_wconf 91' lang='lat' dir='ltr'>ipse</span> <span class='ocrx_word' id='word_1_237' title='bbox 1377 1870 1525 1908; x_wconf 84' lang='lat' dir='ltr'>secutus</span> <span class='ocrx_word' id='word_1_238' title='bbox 1556 1869 1627 1908; x_wconf 87' lang='lat' dir='ltr'>effe</span> <span class='ocrx_word' id='word_1_239' title='bbox 1646 1869 1849 1914; x_wconf 76' lang='lat' dir='ltr'>videatur3</span> 
     </span>
     <span class='ocr_line' id='line_1_27' title="bbox 446 1933 1850 1990; baseline -0.001 -15"><span class='ocrx_word' id='word_1_240' title='bbox 446 1947 488 1975; x_wconf 82' lang='lat' dir='ltr'>ut</span> <span class='ocrx_word' id='word_1_241' title='bbox 509 1933 614 1990; x_wconf 34' lang='lat' dir='ltr'>apud*</span> <span class='ocrx_word' id='word_1_242' title='bbox 631 1937 805 1976; x_wconf 76' lang='lat' dir='ltr'>Craffum</span> <span class='ocrx_word' id='word_1_243' title='bbox 822 1956 833 1981; x_wconf 66' lang='grc' dir='ltr'><em>ς</em></span> <span class='ocrx_word' id='word_1_244' title='bbox 866 1938 965 1975; x_wconf 67' lang='lat' dir='ltr'>Mun</span> <span class='ocrx_word' id='word_1_245' title='bbox 986 1937 1048 1974; x_wconf 68' lang='lat' dir='ltr'>ubi</span> <span class='ocrx_word' id='word_1_246' title='bbox 1064 1936 1166 1975; x_wconf 70' lang='lat' dir='ltr'>libido</span> <span class='ocrx_word' id='word_1_247' title='bbox 1186 1936 1402 1982; x_wconf 75' lang='lat' dir='ltr'>dominatur,</span> <span class='ocrx_word' id='word_1_248' title='bbox 1426 1936 1634 1975; x_wconf 79' lang='lat' dir='ltr'>innocentiae</span> <span class='ocrx_word' id='word_1_249' title='bbox 1653 1936 1728 1974; x_wconf 82' lang='lat' dir='ltr'>leve</span> <span class='ocrx_word' id='word_1_250' title='bbox 1741 1943 1850 1987; x_wconf 78' lang='lat' dir='ltr'>prae-</span> 
     </span>
    </p>

    <p class='ocr_par' dir='ltr' id='par_1_5' title="bbox 430 2001 1847 2056">
     <span class='ocr_line' id='line_1_28' title="bbox 430 2001 1847 2056; baseline -0.003 -14"><span class='ocrx_word' id='word_1_251' title='bbox 430 2005 563 2054; x_wconf 61' lang='lat' dir='ltr'>stillum</span> <span class='ocrx_word' id='word_1_252' title='bbox 583 2005 639 2056; x_wconf 66' lang='lat' dir='ltr'>(st.</span> <span class='ocrx_word' id='word_1_253' title='bbox 702 2003 809 2042; x_wconf 78' lang='lat' dir='ltr'>Ordo</span> <span class='ocrx_word' id='word_1_254' title='bbox 829 2005 934 2042; x_wconf 80' lang='lat' dir='ltr'>enim</span> <span class='ocrx_word' id='word_1_255' title='bbox 954 2005 1161 2042; x_wconf 84' lang='lat' dir='ltr'>verborum</span> <span class='ocrx_word' id='word_1_256' title='bbox 1178 2004 1296 2041; x_wconf 88' lang='lat' dir='ltr'>efficit</span> <span class='ocrx_word' id='word_1_257' title='bbox 1316 2017 1524 2043; x_wconf 86' lang='lat' dir='ltr'>numerum</span> <span class='ocrx_word' id='word_1_258' title='bbox 1545 2002 1621 2040; x_wconf 86' lang='lat' dir='ltr'>fine</span> <span class='ocrx_word' id='word_1_259' title='bbox 1641 2001 1719 2039; x_wconf 89' lang='lat' dir='ltr'>ulla</span> <span class='ocrx_word' id='word_1_260' title='bbox 1739 2015 1847 2054; x_wconf 85' lang='lat' dir='ltr'>aper-</span> 
     </span>
    </p>

    <p class='ocr_par' dir='ltr' id='par_1_6' title="bbox 445 2067 1850 2306">
     <span class='ocr_line' id='line_1_29' title="bbox 447 2067 1850 2123; baseline -0.001 -16"><span class='ocrx_word' id='word_1_261' title='bbox 447 2080 482 2107; x_wconf 82' lang='lat' dir='ltr'>ta</span> <span class='ocrx_word' id='word_1_262' title='bbox 503 2071 660 2109; x_wconf 80' lang='lat' dir='ltr'>oratoris</span> <span class='ocrx_word' id='word_1_263' title='bbox 682 2070 875 2108; x_wconf 81' lang='lat' dir='ltr'>industria.</span> <span class='ocrx_word' id='word_1_264' title='bbox 924 2071 1058 2123; x_wconf 81' lang='lat' dir='ltr'>Itaque</span> <span class='ocrx_word' id='word_1_265' title='bbox 1078 2070 1103 2108; x_wconf 93' lang='lat' dir='ltr'>s1</span> <span class='ocrx_word' id='word_1_266' title='bbox 1126 2084 1208 2122; x_wconf 84' lang='lat' dir='ltr'>quoe</span> <span class='ocrx_word' id='word_1_267' title='bbox 1230 2079 1369 2107; x_wconf 86' lang='lat' dir='ltr'>veteres</span> <span class='ocrx_word' id='word_1_268' title='bbox 1391 2068 1449 2106; x_wconf 91' lang='lat' dir='ltr'>illi</span> <span class='ocrx_word' id='word_1_269' title='bbox 1473 2067 1739 2120; x_wconf 88' lang='lat' dir='ltr'>(Herodotum</span> <span class='ocrx_word' id='word_1_270' title='bbox 1760 2067 1850 2106; x_wconf 90' lang='lat' dir='ltr'>dico</span> 
     </span>
     <span class='ocr_line' id='line_1_30' title="bbox 445 2133 1850 2188; baseline -0.002 -14"><span class='ocrx_word' id='word_1_271' title='bbox 445 2146 482 2174; x_wconf 82' lang='lat' dir='ltr'>et</span> <span class='ocrx_word' id='word_1_272' title='bbox 513 2136 804 2188; x_wconf 83' lang='lat' dir='ltr'>Thucydidem,</span> <span class='ocrx_word' id='word_1_273' title='bbox 859 2146 1057 2188; x_wconf 80' lang='lat' dir='ltr'>totamque</span> <span class='ocrx_word' id='word_1_274' title='bbox 1095 2150 1179 2173; x_wconf 81' lang='lat' dir='ltr'>eain</span> <span class='ocrx_word' id='word_1_275' title='bbox 1216 2136 1383 2187; x_wconf 57' lang='lat' dir='ltr'>aetatem)</span> <span class='ocrx_word' id='word_1_276' title='bbox 1433 2143 1534 2187; x_wconf 84' lang='lat' dir='ltr'>apte,</span> <span class='ocrx_word' id='word_1_277' title='bbox 1574 2133 1850 2185; x_wconf 84' lang='lat' dir='ltr'>numeroseque</span> 
     </span>
     <span class='ocr_line' id='line_1_31' title="bbox 446 2200 1848 2254; baseline -0.001 -14"><span class='ocrx_word' id='word_1_278' title='bbox 446 2203 649 2247; x_wconf 71' lang='lat' dir='ltr'>dixerunt,</span> <span class='ocrx_word' id='word_1_279' title='bbox 682 2216 725 2240; x_wconf 78' lang='lat' dir='ltr'>ca</span> <span class='ocrx_word' id='word_1_280' title='bbox 758 2216 835 2240; x_wconf 89' lang='lat' dir='ltr'>non</span> <span class='ocrx_word' id='word_1_281' title='bbox 871 2216 1032 2240; x_wconf 83' lang='lat' dir='ltr'>numero</span> <span class='ocrx_word' id='word_1_282' title='bbox 1062 2202 1229 2254; x_wconf 53' lang='lat' dir='ltr'>quaesito,</span> <span class='ocrx_word' id='word_1_283' title='bbox 1263 2201 1326 2239; x_wconf 88' lang='lat' dir='ltr'>sed</span> <span class='ocrx_word' id='word_1_284' title='bbox 1342 2201 1547 2239; x_wconf 83' lang='lat' dir='ltr'>verborum</span> <span class='ocrx_word' id='word_1_285' title='bbox 1577 2200 1848 2245; x_wconf 85' lang='lat' dir='ltr'>collocatione,</span> 
     </span>
     <span class='ocr_line' id='line_1_32' title="bbox 447 2268 680 2306; baseline -0.004 0"><span class='ocrx_word' id='word_1_286' title='bbox 447 2268 680 2306; x_wconf 86' lang='lat' dir='ltr'>ceciderunt.</span> 
     </span>
    </p>

    <p class='ocr_par' dir='ltr' id='par_1_7' title="bbox 447 2331 1850 2521">
     <span class='ocr_line' id='line_1_33' title="bbox 503 2331 1849 2386; baseline -0.002 -14"><span class='ocrx_word' id='word_1_287' title='bbox 503 2335 654 2373; x_wconf 70' lang='lat' dir='ltr'>Formae</span> <span class='ocrx_word' id='word_1_288' title='bbox 688 2348 777 2372; x_wconf 90' lang='lat' dir='ltr'>vero</span> <span class='ocrx_word' id='word_1_289' title='bbox 807 2334 981 2386; x_wconf 63' lang='lat' dir='ltr'>quandam</span> <span class='ocrx_word' id='word_1_290' title='bbox 1013 2333 1098 2371; x_wconf 87' lang='lat' dir='ltr'>sunt</span> <span class='ocrx_word' id='word_1_291' title='bbox 1129 2333 1324 2378; x_wconf 79' lang='lat' dir='ltr'>orationis,</span> <span class='ocrx_word' id='word_1_292' title='bbox 1367 2333 1406 2370; x_wconf 88' lang='lat' dir='ltr'>in</span> <span class='ocrx_word' id='word_1_293' title='bbox 1441 2332 1582 2385; x_wconf 84' lang='lat' dir='ltr'>quibus</span> <span class='ocrx_word' id='word_1_294' title='bbox 1614 2345 1657 2370; x_wconf 83' lang='lat' dir='ltr'>ea</span> <span class='ocrx_word' id='word_1_295' title='bbox 1686 2331 1849 2370; x_wconf 88' lang='lat' dir='ltr'>concin-</span> 
     </span>
     <span class='ocr_line' id='line_1_34' title="bbox 448 2399 1849 2453; baseline -0.003 -14"><span class='ocrx_word' id='word_1_296' title='bbox 448 2402 544 2439; x_wconf 83' lang='lat' dir='ltr'>nitas</span> <span class='ocrx_word' id='word_1_297' title='bbox 579 2401 631 2439; x_wconf 86' lang='lat' dir='ltr'>est</span> <span class='ocrx_word' id='word_1_298' title='bbox 647 2430 658 2446; x_wconf 91' lang='lat'>‚</span> <span class='ocrx_word' id='word_1_299' title='bbox 703 2411 746 2439; x_wconf 86' lang='lat' dir='ltr'>ut</span> <span class='ocrx_word' id='word_1_300' title='bbox 790 2400 964 2453; x_wconf 72' lang='lat' dir='ltr'>sequatur</span> <span class='ocrx_word' id='word_1_301' title='bbox 1007 2413 1189 2440; x_wconf 82' lang='lat' dir='ltr'>numerus</span> <span class='ocrx_word' id='word_1_302' title='bbox 1219 2399 1433 2438; x_wconf 64' lang='lat' dir='ltr'>necessario.</span> <span class='ocrx_word' id='word_1_303' title='bbox 1493 2399 1599 2438; x_wconf 86' lang='lat' dir='ltr'>Nam</span> <span class='ocrx_word' id='word_1_304' title='bbox 1646 2412 1738 2437; x_wconf 89' lang='lat' dir='ltr'>cum</span> <span class='ocrx_word' id='word_1_305' title='bbox 1784 2406 1849 2436; x_wconf 84' lang='lat' dir='ltr'>aut</span> 
     </span>
     <span class='ocr_line' id='line_1_35' title="bbox 447 2466 1850 2521; baseline -0.003 -14"><span class='ocrx_word' id='word_1_306' title='bbox 447 2482 514 2521; x_wconf 83' lang='lat' dir='ltr'>par</span> <span class='ocrx_word' id='word_1_307' title='bbox 533 2468 615 2520; x_wconf 84' lang='lat' dir='ltr'>pari</span> <span class='ocrx_word' id='word_1_308' title='bbox 643 2467 817 2513; x_wconf 85' lang='lat' dir='ltr'>refertur,</span> <span class='ocrx_word' id='word_1_309' title='bbox 849 2476 913 2506; x_wconf 82' lang='lat' dir='ltr'>aut</span> <span class='ocrx_word' id='word_1_310' title='bbox 938 2467 1174 2509; x_wconf 80' lang='lat' dir='ltr'>contrarium</span> <span class='ocrx_word' id='word_1_311' title='bbox 1194 2467 1385 2506; x_wconf 79' lang='lat' dir='ltr'>contrario</span> <span class='ocrx_word' id='word_1_312' title='bbox 1405 2466 1628 2520; x_wconf 86' lang='lat' dir='ltr'>opponitur,</span> <span class='ocrx_word' id='word_1_313' title='bbox 1659 2475 1738 2512; x_wconf 85' lang='lat' dir='ltr'>aut,</span> <span class='ocrx_word' id='word_1_314' title='bbox 1764 2477 1850 2518; x_wconf 83' lang='lat' dir='ltr'>quae</span> 
     </span>
    </p>
   </div>
  </div>
 </body>
</html>
