2176 2912
475 204 560 242 440
921 191 1454 231 ORATOR.

531 283 664 323 XXV.
707 284 843 336 Itaque
877 283 975 322 illud
1005 284 1234 324 indecorum
1277 286 1414 338 (quod,
1447 284 1560 338 quale
1580 285 1637 331 fit,
1671 299 1718 325 ex
1748 286 1887 325 decoro

475 352 588 390 debet
608 351 794 404 intelligi)
833 349 898 388 hic
919 365 1073 404 quoque
1099 361 1267 404 apparet,
1289 367 1382 390 cum
1413 352 1575 390 verbum
1596 353 1753 405 aliquod
1773 353 1886 392 altius

473 417 715 463 transfertur,
747 417 862 471 idque
883 418 922 456 in
943 419 1114 457 oratione
1134 418 1277 457 humili
1298 419 1470 472 ponitur,
1504 420 1609 472 quod
1629 421 1733 458 idem
1755 420 1795 458 in
1815 420 1888 458 alia

474 485 642 523 deceret.

530 551 646 590 Illam
690 560 820 589 autem
853 551 1172 596 concinnitatem,
1220 565 1304 603 quae
1343 552 1550 590 verborum
1584 552 1909 590 collocationem‘

474 618 673 657 illuminat
691 617 752 656 his
773 618 1006 662 luminibus,
1033 632 1118 670 quae
1140 619 1268 656 Graeci
1289 618 1392 669 quasi
1422 619 1570 670 aliquos
1591 619 1714 671 gestus
1742 620 1886 657 oratio-

473 685 534 724 nis
570 682 739 733 σχήματα
773 684 981 736 appellant,
1030 683 1153 735 (quod
1185 683 1289 720 idem
1322 684 1483 721 verbum
1515 684 1560 721 ab
1596 683 1656 722 his
1692 685 1809 722 etiam
1845 684 1885 722 in

474 750 750 790 sententiarum
781 758 1006 787 ornamenta
1033 748 1276 800 transfertur)
1309 748 1467 787 adhibet
1495 749 1654 802 quidem
1675 749 1740 787 hic
1761 750 1885 788 subti-

474 818 536 863 lis,
571 818 721 869 (quem,
758 816 827 854 nifi
861 816 967 868 quod
999 816 1139 862 solum,
1170 817 1405 869 caeteroquin
1436 818 1535 854 reete
1556 816 1717 869 quidem
1747 825 1886 855 vocant

472 885 674 936 Atticum)
708 883 769 922 sed
803 884 919 936 paulo
953 884 1119 936 parcius.
1170 884 1277 922 Nam
1310 883 1359 921 fic
1381 894 1423 921 ut
1444 885 1484 922 in
1505 885 1708 936 epularum
1727 897 1885 937 appara-

472 961 531 997 tu,
553 965 573 989 a
603 950 890 1004 magnificentia
921 951 1114 995 recedens,
1146 964 1223 988 non
1254 950 1290 988 se
1320 964 1480 1003 parcum
1512 951 1652 995 solum,
1685 950 1747 988 sed
1767 949 1886 988 etiam

473 1019 688 1072 elegantem
708 1017 829 1055 videri
849 1018 979 1062 volet5
1012 1018 1130 1071 eliget
1150 1018 1292 1070 quibus
1315 1026 1457 1056 utatur.
1509 1020 1605 1056 Sunt
1621 1017 1727 1055 enim
1749 1017 1885 1070 plerae-

473 1098 550 1137 que
584 1093 679 1137 aptae
713 1083 829 1136 hujus
866 1084 979 1137 ipsius
1015 1085 1187 1129 oratoris,
1233 1084 1279 1121 de
1322 1097 1401 1136 quo
1443 1084 1596 1136 loquor,
1633 1083 1884 1136 parsimoniae.

473 1151 582 1191 Nam
603 1151 682 1195 illa,
714 1151 760 1188 de
780 1151 923 1203 quibus
955 1159 1041 1189 ante
1062 1151 1158 1195 dixi,
1190 1148 1283 1188 huic
1311 1159 1424 1188 acuto
1454 1149 1637 1203 fugienda
1657 1149 1758 1194 sunt,
1785 1149 1888 1201 paria

474 1218 627 1271 paribus
663 1217 790 1262 relata,
833 1226 870 1254 et
897 1216 1072 1255 similiter
1106 1216 1298 1261 conclusa,
1343 1216 1559 1268 eodemque
1599 1217 1710 1269 pacto
1744 1215 1886 1254 caden-

474 1285 554 1329 tia,
587 1293 624 1321 et
656 1283 929 1321 immutatione
961 1283 1078 1321 literae
1099 1283 1202 1336 quafi
1222 1283 1384 1335 quaefitae
1410 1283 1648 1327 venustate83
1681 1296 1728 1321 ne
1757 1282 1892 1320 elabo-

474 1360 553 1389 rata
585 1350 842 1395 concinnitas,
873 1359 911 1387 et
942 1350 1139 1402 quoddam
1159 1350 1369 1403 aucupium
1402 1349 1663 1388 delectationis
1685 1347 1887 1388 manifesto

473 1416 756 1471 deprehensum
800 1426 992 1470 appareat.
1054 1418 1231 1469 Itemque
1270 1416 1385 1469 fiquae
1423 1416 1630 1455 verborum
1668 1415 1885 1454 iterationes

473 1484 768 1522 contentionem
799 1483 969 1536 aliquam
1012 1492 1049 1521 et
1081 1484 1292 1521 clamorem
1335 1483 1546 1536 requirent,
1587 1491 1699 1521 erunt
1732 1483 1779 1521 ab
1813 1481 1886 1521 hac

472 1550 737 1589 summiffione
753 1551 934 1588 orationis
951 1550 1082 1588 alienae
1098 1565 1106 1588 :
1130 1551 1274 1588 caeteris
1291 1549 1508 1603 promiscue
1524 1550 1667 1603 poterit
1682 1550 1764 1594 uti3
1788 1563 1885 1588 con-

473 1616 733 1655 tinuationem
754 1615 960 1653 verborum
980 1615 1098 1653 modo
1119 1615 1273 1660 relaxet,
1306 1624 1343 1652 et
1370 1615 1528 1660 dividat,
1563 1625 1767 1667 utaturque
1799 1628 1885 1653 ver-

474 1683 533 1722 bis
556 1696 675 1735 quam
696 1681 958 1726 ufitatiffimis,
991 1681 1299 1720 transsationibus
1332 1696 1451 1735 quam
1473 1682 1706 1720 molliffimis
1726 1697 1735 1719 ε
1767 1682 1886 1720 etiam

473 1750 540 1788 illa
572 1748 848 1788 sententiarum
882 1748 1032 1787 lumina
1058 1748 1231 1793 affumat,
1263 1763 1349 1801 qua:
1378 1763 1456 1787 non
1491 1758 1604 1787 erunt
1637 1747 1887 1786 vehementer

475 1817 648 1856 illustria.
708 1816 803 1855 Non
834 1814 949 1854 faciet
983 1816 1267 1869 rempublicam
1298 1817 1541 1868 loquentem,
1574 1829 1644 1854 nec
1678 1816 1725 1853 ab
1752 1814 1885 1854 inferis

474 1892 650 1931 mortuos
671 1882 870 1927 excitabit,
903 1896 973 1921 nec
994 1883 1202 1921 acervatim
1223 1882 1349 1921 multa
1373 1881 1638 1935 frequenta115‚
1671 1882 1747 1920 una
1771 1896 1884 1920 com-

472 1950 653 2004 plexione
688 1950 895 1988 devinciet.
956 1950 1228 1988 Valentiorum
1263 1949 1346 1989 haec
1382 1950 1547 1989 laterum
1593 1950 1692 1994 sunt,
1737 1962 1807 1987 nec
1837 1949 1885 1986 ab

471 2016 563 2063 hoc,
596 2030 716 2069 quem
737 2015 1012 2063 informamus,
1044 2026 1109 2056 aut
1139 2017 1384 2070 expectanda,
1416 2026 1481 2055 aut
1501 2015 1738 2070 postulanda.
1798 2015 1885 2053 Erit

473 2084 580 2122 enim
601 2093 643 2121 ut
664 2097 772 2129 voce,
804 2083 853 2122 fic
884 2084 1002 2123 etiam
1023 2084 1209 2129 oratione,
1237 2083 1476 2136 suppressior.
1538 2081 1609 2120 Sed
1629 2082 1811 2134 pleraque
1837 2095 1884 2120 ex

473 2149 552 2188 illis
572 2150 805 2188 convenient
833 2149 953 2188 etiam
980 2148 1074 2188 huic
1110 2149 1316 2187 tenuitati:
1349 2162 1573 2202 quanquam
1602 2147 1739 2186 iisdem
1768 2161 1884 2186 orna-

474 2216 617 2255 mentis
640 2225 770 2254 utetur
789 2215 998 2254 horridius.
1042 2216 1184 2255 Talem
1205 2216 1311 2254 enim
1333 2215 1570 2254 inducimus.
1632 2215 1797 2253 Accedit
1818 2228 1883 2254 ac·
1927 2204 1931 2206 i

475 2284 530 2321 tio
565 2296 644 2321 non
683 2283 842 2336 tragica,
886 2296 956 2321 nec
992 2282 1123 2328 scenae,
1168 2282 1230 2321 sed
1270 2282 1424 2322 modica
1447 2282 1656 2336 jactatione
1695 2282 1883 2335 corporis,

473 2349 585 2389 vultu
608 2359 737 2388 tamen
757 2349 882 2388 multa
912 2349 1150 2389 conficiens:
1184 2363 1261 2388 non
1296 2348 1386 2395 hoc,
1418 2363 1497 2403 quo
1528 2350 1713 2388 dicuntur
1746 2361 1787 2387 os
1808 2348 1884 2387 du-

474 2429 572 2461 cere,
604 2415 667 2454 sed
687 2416 770 2463 illo,
802 2430 882 2470 quo
903 2416 1117 2470 significant
1137 2415 1318 2471 ingenue,
1351 2430 1430 2470 quo
1457 2415 1564 2456 sensu
1586 2415 1762 2469 quidque
1788 2427 1882 2470 pro·

475 2491 672 2522 nuntient.
