<?xml version="1.0" encoding="UTF-8"?>
<!DOCTYPE html PUBLIC "-//W3C//DTD XHTML 1.0 Transitional//EN"
    "http://www.w3.org/TR/xhtml1/DTD/xhtml1-transitional.dtd">
<html xmlns="http://www.w3.org/1999/xhtml" xml:lang="en" lang="en">
 <head>
  <title>
</title>
<meta http-equiv="Content-Type" content="text/html;charset=utf-8" />
  <meta name='ocr-system' content='tesseract 3.04.00' />
  <meta name='ocr-capabilities' content='ocr_page ocr_carea ocr_par ocr_line ocrx_word'/>
</head>
<body>
  <div class='ocr_page' id='page_1' title='image "./operacumindicibu01ciceuoft_0392.png"; bbox 0 0 2176 2912; ppageno 0'>
   <div class='ocr_carea' id='block_1_1' title="bbox 468 204 1519 258">
    <p class='ocr_par' dir='ltr' id='par_1_1' title="bbox 468 204 1519 258">
     <span class='ocr_line' id='line_1_1' title="bbox 468 204 1519 258; baseline 0 -13"><span class='ocrx_word' id='word_1_1' title='bbox 468 206 546 258; x_wconf 80' lang='lat'>382</span> <span class='ocrx_word' id='word_1_2' title='bbox 799 204 931 245; x_wconf 94' lang='lat' dir='ltr'>DE</span> <span class='ocrx_word' id='word_1_3' title='bbox 1045 205 1519 245; x_wconf 91' lang='lat' dir='ltr'>CLARIS</span> 
     </span>
    </p>
   </div>
   <div class='ocr_carea' id='block_1_2' title="bbox 454 297 1872 2604">
    <p class='ocr_par' dir='ltr' id='par_1_2' title="bbox 454 297 1872 1411">
     <span class='ocr_line' id='line_1_2' title="bbox 459 297 1871 352; baseline 0.002 -17"><span class='ocrx_word' id='word_1_4' title='bbox 459 298 574 342; x_wconf 82' lang='lat' dir='ltr'>illud,</span> <span class='ocrx_word' id='word_1_5' title='bbox 609 297 714 350; x_wconf 90' lang='lat' dir='ltr'>quod</span> <span class='ocrx_word' id='word_1_6' title='bbox 733 297 882 350; x_wconf 90' lang='lat' dir='ltr'>populo</span> <span class='ocrx_word' id='word_1_7' title='bbox 902 311 980 336; x_wconf 91' lang='lat' dir='ltr'>non</span> <span class='ocrx_word' id='word_1_8' title='bbox 1000 298 1198 350; x_wconf 87' lang='lat' dir='ltr'>probatur,</span> <span class='ocrx_word' id='word_1_9' title='bbox 1230 312 1277 336; x_wconf 88' lang='lat' dir='ltr'>ne</span> <span class='ocrx_word' id='word_1_10' title='bbox 1309 299 1543 352; x_wconf 83' lang='lat' dir='ltr'>intelligenti</span> <span class='ocrx_word' id='word_1_11' title='bbox 1575 299 1734 351; x_wconf 82' lang='lat' dir='ltr'>quidem</span> <span class='ocrx_word' id='word_1_12' title='bbox 1760 300 1871 338; x_wconf 81' lang='lat' dir='ltr'>audi-</span> 
     </span>
     <span class='ocr_line' id='line_1_3' title="bbox 461 364 1871 419; baseline 0.001 -17"><span class='ocrx_word' id='word_1_13' title='bbox 461 365 535 403; x_wconf 82' lang='lat' dir='ltr'>tori</span> <span class='ocrx_word' id='word_1_14' title='bbox 558 365 709 417; x_wconf 84' lang='lat' dir='ltr'>probari</span> <span class='ocrx_word' id='word_1_15' title='bbox 728 364 862 418; x_wconf 86' lang='lat' dir='ltr'>potest.</span> <span class='ocrx_word' id='word_1_16' title='bbox 896 366 953 403; x_wconf 92' lang='lat' dir='ltr'>Ut</span> <span class='ocrx_word' id='word_1_17' title='bbox 974 365 1080 402; x_wconf 86' lang='lat' dir='ltr'>enim</span> <span class='ocrx_word' id='word_1_18' title='bbox 1100 379 1146 403; x_wconf 91' lang='lat' dir='ltr'>ex</span> <span class='ocrx_word' id='word_1_19' title='bbox 1167 379 1372 404; x_wconf 88' lang='lat' dir='ltr'>nervorum</span> <span class='ocrx_word' id='word_1_20' title='bbox 1394 366 1483 404; x_wconf 87' lang='lat' dir='ltr'>sono</span> <span class='ocrx_word' id='word_1_21' title='bbox 1505 367 1543 403; x_wconf 90' lang='lat' dir='ltr'>in</span> <span class='ocrx_word' id='word_1_22' title='bbox 1564 366 1720 411; x_wconf 77' lang='lat' dir='ltr'>fidibus,</span> <span class='ocrx_word' id='word_1_23' title='bbox 1751 365 1871 419; x_wconf 68' lang='lat' dir='ltr'>quam</span> 
     </span>
     <span class='ocr_line' id='line_1_4' title="bbox 462 431 1870 484; baseline 0.002 -16"><span class='ocrx_word' id='word_1_24' title='bbox 462 431 624 469; x_wconf 79' lang='lat' dir='ltr'><strong>scienter</strong></span> <span class='ocrx_word' id='word_1_25' title='bbox 643 432 677 469; x_wconf 92' lang='lat' dir='ltr'>ei</span> <span class='ocrx_word' id='word_1_26' title='bbox 697 431 794 484; x_wconf 91' lang='lat' dir='ltr'>pulfi</span> <span class='ocrx_word' id='word_1_27' title='bbox 816 431 902 476; x_wconf 78' lang='lat' dir='ltr'>sint,</span> <span class='ocrx_word' id='word_1_28' title='bbox 933 431 1101 484; x_wconf 87' lang='lat' dir='ltr'>intelligi</span> <span class='ocrx_word' id='word_1_29' title='bbox 1123 432 1216 470; x_wconf 91' lang='lat' dir='ltr'>solet</span> <span class='ocrx_word' id='word_1_30' title='bbox 1231 451 1243 477; x_wconf 81' lang='lat'><em>3</em></span> <span class='ocrx_word' id='word_1_31' title='bbox 1276 433 1325 471; x_wconf 85' lang='lat' dir='ltr'>fic</span> <span class='ocrx_word' id='word_1_32' title='bbox 1346 447 1394 471; x_wconf 88' lang='lat' dir='ltr'>ex</span> <span class='ocrx_word' id='word_1_33' title='bbox 1413 434 1634 471; x_wconf 86' lang='lat' dir='ltr'>animorum</span> <span class='ocrx_word' id='word_1_34' title='bbox 1656 442 1767 471; x_wconf 91' lang='lat' dir='ltr'>motu</span> <span class='ocrx_word' id='word_1_35' title='bbox 1787 447 1870 470; x_wconf 82' lang='lat' dir='ltr'>cer—</span> 
     </span>
     <span class='ocr_line' id='line_1_5' title="bbox 463 497 1870 552; baseline 0.001 -16"><span class='ocrx_word' id='word_1_36' title='bbox 463 499 583 543; x_wconf 88' lang='lat' dir='ltr'>nitur,</span> <span class='ocrx_word' id='word_1_37' title='bbox 605 498 700 550; x_wconf 88' lang='lat' dir='ltr'>quid</span> <span class='ocrx_word' id='word_1_38' title='bbox 720 498 921 536; x_wconf 66' lang='lat' dir='ltr'>tractandis</span> <span class='ocrx_word' id='word_1_39' title='bbox 942 497 1003 536; x_wconf 83' lang='lat' dir='ltr'>his</span> <span class='ocrx_word' id='word_1_40' title='bbox 1024 498 1195 551; x_wconf 86' lang='lat' dir='ltr'>perficiat</span> <span class='ocrx_word' id='word_1_41' title='bbox 1214 508 1352 537; x_wconf 89' lang='lat' dir='ltr'>orator.</span> <span class='ocrx_word' id='word_1_42' title='bbox 1405 500 1539 551; x_wconf 83' lang='lat' dir='ltr'>Itaque</span> <span class='ocrx_word' id='word_1_43' title='bbox 1560 499 1779 552; x_wconf 86' lang='lat' dir='ltr'>intelligens</span> <span class='ocrx_word' id='word_1_44' title='bbox 1810 500 1870 537; x_wconf 82' lang='lat' dir='ltr'>di-</span> 
     </span>
     <span class='ocr_line' id='line_1_6' title="bbox 462 564 1869 609; baseline 0.001 -7"><span class='ocrx_word' id='word_1_45' title='bbox 462 564 574 602; x_wconf 89' lang='lat' dir='ltr'>cendi</span> <span class='ocrx_word' id='word_1_46' title='bbox 608 564 856 608; x_wconf 84' lang='lat' dir='ltr'>existimator,</span> <span class='ocrx_word' id='word_1_47' title='bbox 888 577 966 601; x_wconf 92' lang='lat' dir='ltr'>non</span> <span class='ocrx_word' id='word_1_48' title='bbox 1000 564 1171 608; x_wconf 82' lang='lat' dir='ltr'>affidens,</span> <span class='ocrx_word' id='word_1_49' title='bbox 1202 574 1240 602; x_wconf 90' lang='lat' dir='ltr'>et</span> <span class='ocrx_word' id='word_1_50' title='bbox 1267 574 1409 602; x_wconf 87' lang='lat' dir='ltr'>attente</span> <span class='ocrx_word' id='word_1_51' title='bbox 1429 565 1600 609; x_wconf 84' lang='lat' dir='ltr'>audiens,</span> <span class='ocrx_word' id='word_1_52' title='bbox 1632 565 1695 603; x_wconf 89' lang='lat' dir='ltr'>sed</span> <span class='ocrx_word' id='word_1_53' title='bbox 1716 579 1793 603; x_wconf 90' lang='lat' dir='ltr'>uno</span> <span class='ocrx_word' id='word_1_54' title='bbox 1814 566 1869 603; x_wconf 82' lang='lat' dir='ltr'>as-</span> 
     </span>
     <span class='ocr_line' id='line_1_7' title="bbox 461 630 1870 685; baseline 0.001 -17"><span class='ocrx_word' id='word_1_55' title='bbox 461 633 590 685; x_wconf 64' lang='lat' dir='ltr'>pectu,</span> <span class='ocrx_word' id='word_1_56' title='bbox 622 640 659 668; x_wconf 89' lang='lat' dir='ltr'>et</span> <span class='ocrx_word' id='word_1_57' title='bbox 679 631 910 683; x_wconf 80' lang='lat' dir='ltr'>praeteriens,</span> <span class='ocrx_word' id='word_1_58' title='bbox 946 630 992 667; x_wconf 90' lang='lat' dir='ltr'>de</span> <span class='ocrx_word' id='word_1_59' title='bbox 1019 639 1166 668; x_wconf 88' lang='lat' dir='ltr'>oratore</span> <span class='ocrx_word' id='word_1_60' title='bbox 1187 630 1455 683; x_wconf 83' lang='lat' dir='ltr'>saepejudicat.</span> <span class='ocrx_word' id='word_1_61' title='bbox 1507 631 1626 668; x_wconf 82' lang='lat' dir='ltr'>Videt</span> <span class='ocrx_word' id='word_1_62' title='bbox 1646 632 1870 670; x_wconf 85' lang='lat' dir='ltr'>oscitantem</span> 
     </span>
     <span class='ocr_line' id='line_1_8' title="bbox 454 696 1870 751; baseline 0.001 -16"><span class='ocrx_word' id='word_1_63' title='bbox 454 698 648 751; x_wconf 85' lang='lat' dir='ltr'>judicem,</span> <span class='ocrx_word' id='word_1_64' title='bbox 680 698 904 748; x_wconf 88' lang='lat' dir='ltr'>loquentem</span> <span class='ocrx_word' id='word_1_65' title='bbox 937 709 1030 733; x_wconf 88' lang='lat' dir='ltr'>cum</span> <span class='ocrx_word' id='word_1_66' title='bbox 1062 696 1195 741; x_wconf 86' lang='lat' dir='ltr'>altero,</span> <span class='ocrx_word' id='word_1_67' title='bbox 1227 710 1510 749; x_wconf 87' lang='lat' dir='ltr'>nonnunquam</span> <span class='ocrx_word' id='word_1_68' title='bbox 1539 698 1657 735; x_wconf 85' lang='lat' dir='ltr'>etiam</span> <span class='ocrx_word' id='word_1_69' title='bbox 1678 698 1870 736; x_wconf 80' lang='lat' dir='ltr'>circulan-</span> 
     </span>
     <span class='ocr_line' id='line_1_9' title="bbox 461 760 1869 815; baseline -0.001 -13"><span class='ocrx_word' id='word_1_70' title='bbox 461 773 556 808; x_wconf 89' lang='lat' dir='ltr'>tem,</span> <span class='ocrx_word' id='word_1_71' title='bbox 588 763 812 801; x_wconf 79' lang='lat' dir='ltr'>mittentem</span> <span class='ocrx_word' id='word_1_72' title='bbox 832 761 878 799; x_wconf 88' lang='lat' dir='ltr'>ad</span> <span class='ocrx_word' id='word_1_73' title='bbox 897 760 1007 799; x_wconf 85' lang='lat' dir='ltr'>horas</span> <span class='ocrx_word' id='word_1_74' title='bbox 1023 780 1035 806; x_wconf 66' lang='grc' dir='ltr'><strong><em>ς</em></strong></span> <span class='ocrx_word' id='word_1_75' title='bbox 1069 762 1337 813; x_wconf 71' lang='lat' dir='ltr'>Qaefflorem,</span> <span class='ocrx_word' id='word_1_76' title='bbox 1369 772 1412 800; x_wconf 91' lang='lat' dir='ltr'>ut</span> <span class='ocrx_word' id='word_1_77' title='bbox 1432 763 1617 808; x_wconf 88' lang='lat' dir='ltr'>dimittat,</span> <span class='ocrx_word' id='word_1_78' title='bbox 1641 773 1840 815; x_wconf 84' lang='lat' dir='ltr'>rogantem</span> <span class='ocrx_word' id='word_1_79' title='bbox 1859 779 1869 802; x_wconf 70' lang='grc' dir='ltr'>ε</span> 
     </span>
     <span class='ocr_line' id='line_1_10' title="bbox 461 827 1870 881; baseline -0.001 -14"><span class='ocrx_word' id='word_1_80' title='bbox 461 828 660 881; x_wconf 80' lang='lat' dir='ltr'>intelligit,</span> <span class='ocrx_word' id='word_1_81' title='bbox 691 836 880 865; x_wconf 85' lang='lat' dir='ltr'>oratorem</span> <span class='ocrx_word' id='word_1_82' title='bbox 911 827 952 864; x_wconf 91' lang='lat' dir='ltr'>in</span> <span class='ocrx_word' id='word_1_83' title='bbox 972 840 1014 865; x_wconf 86' lang='lat' dir='ltr'>ea</span> <span class='ocrx_word' id='word_1_84' title='bbox 1031 827 1141 866; x_wconf 81' lang='lat' dir='ltr'>causa</span> <span class='ocrx_word' id='word_1_85' title='bbox 1160 841 1240 866; x_wconf 89' lang='lat' dir='ltr'>non</span> <span class='ocrx_word' id='word_1_86' title='bbox 1260 828 1394 874; x_wconf 72' lang='lat' dir='ltr'>adesse,</span> <span class='ocrx_word' id='word_1_87' title='bbox 1416 829 1484 880; x_wconf 91' lang='lat' dir='ltr'>qui</span> <span class='ocrx_word' id='word_1_88' title='bbox 1515 829 1628 881; x_wconf 85' lang='lat' dir='ltr'>poffit</span> <span class='ocrx_word' id='word_1_89' title='bbox 1648 829 1786 867; x_wconf 86' lang='lat' dir='ltr'>animis</span> <span class='ocrx_word' id='word_1_90' title='bbox 1801 830 1870 880; x_wconf 87' lang='lat' dir='ltr'>ju-</span> 
     </span>
     <span class='ocr_line' id='line_1_11' title="bbox 462 893 1869 945; baseline -0.001 -13"><span class='ocrx_word' id='word_1_91' title='bbox 462 895 596 932; x_wconf 83' lang='lat' dir='ltr'>dicum</span> <span class='ocrx_word' id='word_1_92' title='bbox 625 894 826 931; x_wconf 83' lang='lat' dir='ltr'>admovere</span> <span class='ocrx_word' id='word_1_93' title='bbox 845 893 1074 938; x_wconf 85' lang='lat' dir='ltr'>orationem,</span> <span class='ocrx_word' id='word_1_94' title='bbox 1107 902 1292 945; x_wconf 87' lang='lat' dir='ltr'>tanquam</span> <span class='ocrx_word' id='word_1_95' title='bbox 1317 893 1458 932; x_wconf 81' lang='lat' dir='ltr'>fidibus</span> <span class='ocrx_word' id='word_1_96' title='bbox 1490 907 1665 932; x_wconf 88' lang='lat' dir='ltr'>manum.</span> <span class='ocrx_word' id='word_1_97' title='bbox 1716 894 1825 932; x_wconf 88' lang='lat' dir='ltr'>Idem</span> <span class='ocrx_word' id='word_1_98' title='bbox 1843 895 1869 932; x_wconf 89' lang='lat' dir='ltr'>fi</span> 
     </span>
     <span class='ocr_line' id='line_1_12' title="bbox 461 959 1871 1013; baseline -0.001 -15"><span class='ocrx_word' id='word_1_99' title='bbox 461 961 676 1013; x_wconf 70' lang='lat' dir='ltr'>praeteriens</span> <span class='ocrx_word' id='word_1_100' title='bbox 711 959 897 1011; x_wconf 80' lang='lat' dir='ltr'>aspexerit</span> <span class='ocrx_word' id='word_1_101' title='bbox 930 961 1072 997; x_wconf 67' lang='lat' dir='ltr'>erectos</span> <span class='ocrx_word' id='word_1_102' title='bbox 1106 959 1299 998; x_wconf 87' lang='lat' dir='ltr'>intuentes</span> <span class='ocrx_word' id='word_1_103' title='bbox 1323 959 1488 1011; x_wconf 82' lang='lat' dir='ltr'>judices,</span> <span class='ocrx_word' id='word_1_104' title='bbox 1519 969 1563 997; x_wconf 93' lang='lat' dir='ltr'>ut</span> <span class='ocrx_word' id='word_1_105' title='bbox 1589 968 1654 997; x_wconf 88' lang='lat' dir='ltr'>aut</span> <span class='ocrx_word' id='word_1_106' title='bbox 1674 960 1804 997; x_wconf 86' lang='lat' dir='ltr'>doceri</span> <span class='ocrx_word' id='word_1_107' title='bbox 1824 960 1871 997; x_wconf 86' lang='lat' dir='ltr'>de</span> 
     </span>
     <span class='ocr_line' id='line_1_13' title="bbox 463 1024 1869 1078; baseline -0.001 -13"><span class='ocrx_word' id='word_1_108' title='bbox 463 1040 515 1071; x_wconf 87' lang='lat' dir='ltr'>re,</span> <span class='ocrx_word' id='word_1_109' title='bbox 539 1026 656 1078; x_wconf 88' lang='lat' dir='ltr'>idque</span> <span class='ocrx_word' id='word_1_110' title='bbox 675 1025 792 1062; x_wconf 84' lang='lat' dir='ltr'>etiam</span> <span class='ocrx_word' id='word_1_111' title='bbox 813 1024 925 1062; x_wconf 88' lang='lat' dir='ltr'>vultu</span> <span class='ocrx_word' id='word_1_112' title='bbox 944 1024 1103 1076; x_wconf 87' lang='lat' dir='ltr'>probare</span> <span class='ocrx_word' id='word_1_113' title='bbox 1123 1025 1323 1064; x_wconf 86' lang='lat' dir='ltr'>videantur</span> <span class='ocrx_word' id='word_1_114' title='bbox 1338 1044 1350 1070; x_wconf 73' lang='lat'><em>3</em></span> <span class='ocrx_word' id='word_1_115' title='bbox 1373 1034 1451 1070; x_wconf 85' lang='lat' dir='ltr'>aut,</span> <span class='ocrx_word' id='word_1_116' title='bbox 1473 1034 1516 1062; x_wconf 92' lang='lat' dir='ltr'>ut</span> <span class='ocrx_word' id='word_1_117' title='bbox 1531 1039 1639 1063; x_wconf 87' lang='lat' dir='ltr'>avem</span> <span class='ocrx_word' id='word_1_118' title='bbox 1660 1034 1777 1063; x_wconf 89' lang='lat' dir='ltr'>cantu</span> <span class='ocrx_word' id='word_1_119' title='bbox 1796 1025 1869 1063; x_wconf 90' lang='lat' dir='ltr'>ali-</span> 
     </span>
     <span class='ocr_line' id='line_1_14' title="bbox 461 1091 1870 1146; baseline -0.001 -15"><span class='ocrx_word' id='word_1_120' title='bbox 461 1107 554 1146; x_wconf 90' lang='lat' dir='ltr'>quo,</span> <span class='ocrx_word' id='word_1_121' title='bbox 585 1092 635 1130; x_wconf 88' lang='lat' dir='ltr'>fic</span> <span class='ocrx_word' id='word_1_122' title='bbox 666 1092 753 1130; x_wconf 89' lang='lat' dir='ltr'>illos</span> <span class='ocrx_word' id='word_1_123' title='bbox 780 1091 919 1129; x_wconf 85' lang='lat' dir='ltr'>viderit</span> <span class='ocrx_word' id='word_1_124' title='bbox 948 1092 1132 1137; x_wconf 87' lang='lat' dir='ltr'>oratione,</span> <span class='ocrx_word' id='word_1_125' title='bbox 1169 1092 1272 1143; x_wconf 88' lang='lat' dir='ltr'>quafi</span> <span class='ocrx_word' id='word_1_126' title='bbox 1299 1091 1506 1144; x_wconf 86' lang='lat' dir='ltr'>suspensos,</span> <span class='ocrx_word' id='word_1_127' title='bbox 1540 1092 1660 1129; x_wconf 87' lang='lat' dir='ltr'>teneri</span> <span class='ocrx_word' id='word_1_128' title='bbox 1677 1110 1688 1136; x_wconf 88' lang='lat'>;</span> <span class='ocrx_word' id='word_1_129' title='bbox 1720 1101 1799 1136; x_wconf 90' lang='lat' dir='ltr'>aut,</span> <span class='ocrx_word' id='word_1_130' title='bbox 1830 1092 1870 1130; x_wconf 90' lang='lat' dir='ltr'>id</span> 
     </span>
     <span class='ocr_line' id='line_1_15' title="bbox 461 1157 1872 1212; baseline -0.002 -14"><span class='ocrx_word' id='word_1_131' title='bbox 461 1160 569 1212; x_wconf 87' lang='lat' dir='ltr'>quod</span> <span class='ocrx_word' id='word_1_132' title='bbox 602 1159 771 1197; x_wconf 83' lang='lat' dir='ltr'>maxime</span> <span class='ocrx_word' id='word_1_133' title='bbox 790 1171 888 1210; x_wconf 89' lang='lat' dir='ltr'>opus</span> <span class='ocrx_word' id='word_1_134' title='bbox 921 1158 986 1202; x_wconf 88' lang='lat' dir='ltr'>est,</span> <span class='ocrx_word' id='word_1_135' title='bbox 1018 1157 1290 1203; x_wconf 86' lang='lat' dir='ltr'>misericordia,</span> <span class='ocrx_word' id='word_1_136' title='bbox 1321 1158 1425 1203; x_wconf 90' lang='lat' dir='ltr'>odio,</span> <span class='ocrx_word' id='word_1_137' title='bbox 1457 1167 1570 1196; x_wconf 90' lang='lat' dir='ltr'>motu</span> <span class='ocrx_word' id='word_1_138' title='bbox 1589 1157 1710 1196; x_wconf 86' lang='lat' dir='ltr'>animi</span> <span class='ocrx_word' id='word_1_139' title='bbox 1740 1157 1872 1210; x_wconf 88' lang='lat' dir='ltr'>aliquo</span> 
     </span>
     <span class='ocr_line' id='line_1_16' title="bbox 461 1222 1868 1279; baseline -0.001 -15"><span class='ocrx_word' id='word_1_140' title='bbox 461 1225 702 1279; x_wconf 86' lang='lat' dir='ltr'>perturbatos</span> <span class='ocrx_word' id='word_1_141' title='bbox 722 1223 793 1262; x_wconf 86' lang='lat' dir='ltr'>effe</span> <span class='ocrx_word' id='word_1_142' title='bbox 807 1222 1074 1262; x_wconf 80' lang='lat' dir='ltr'>vehementius</span> <span class='ocrx_word' id='word_1_143' title='bbox 1082 1242 1094 1269; x_wconf 64' lang='grc' dir='ltr'><strong><em>ς</em></strong></span> <span class='ocrx_word' id='word_1_144' title='bbox 1117 1237 1159 1262; x_wconf 90' lang='lat' dir='ltr'>ea</span> <span class='ocrx_word' id='word_1_145' title='bbox 1179 1224 1205 1262; x_wconf 88' lang='lat' dir='ltr'>s1</span> <span class='ocrx_word' id='word_1_146' title='bbox 1226 1225 1442 1277; x_wconf 67' lang='lat' dir='ltr'>praeteriens</span> <span class='ocrx_word' id='word_1_147' title='bbox 1465 1224 1528 1276; x_wconf 89' lang='lat' dir='ltr'>(ut</span> <span class='ocrx_word' id='word_1_148' title='bbox 1546 1224 1646 1276; x_wconf 84' lang='lat' dir='ltr'>dixi)</span> <span class='ocrx_word' id='word_1_149' title='bbox 1670 1223 1868 1277; x_wconf 86' lang='lat' dir='ltr'>aspexerit,</span> 
     </span>
     <span class='ocr_line' id='line_1_17' title="bbox 462 1290 1870 1344; baseline -0.001 -14"><span class='ocrx_word' id='word_1_150' title='bbox 462 1293 489 1330; x_wconf 83' lang='lat' dir='ltr'><strong>fi</strong></span> <span class='ocrx_word' id='word_1_151' title='bbox 510 1290 609 1330; x_wconf 90' lang='lat' dir='ltr'>nihil</span> <span class='ocrx_word' id='word_1_152' title='bbox 630 1290 804 1336; x_wconf 87' lang='lat' dir='ltr'>audierit,</span> <span class='ocrx_word' id='word_1_153' title='bbox 836 1299 965 1328; x_wconf 87' lang='lat' dir='ltr'>tamen</span> <span class='ocrx_word' id='word_1_154' title='bbox 999 1299 1192 1329; x_wconf 89' lang='lat' dir='ltr'>oratorem</span> <span class='ocrx_word' id='word_1_155' title='bbox 1211 1290 1347 1330; x_wconf 88' lang='lat' dir='ltr'>versari</span> <span class='ocrx_word' id='word_1_156' title='bbox 1367 1291 1408 1330; x_wconf 89' lang='lat' dir='ltr'>in</span> <span class='ocrx_word' id='word_1_157' title='bbox 1429 1290 1498 1329; x_wconf 89' lang='lat' dir='ltr'>illo</span> <span class='ocrx_word' id='word_1_158' title='bbox 1512 1290 1679 1343; x_wconf 88' lang='lat' dir='ltr'>judicio,</span> <span class='ocrx_word' id='word_1_159' title='bbox 1705 1299 1744 1328; x_wconf 91' lang='lat' dir='ltr'>et</span> <span class='ocrx_word' id='word_1_160' title='bbox 1772 1303 1870 1344; x_wconf 87' lang='lat' dir='ltr'>opus</span> 
     </span>
     <span class='ocr_line' id='line_1_18' title="bbox 460 1356 1732 1411; baseline 0 -15"><span class='ocrx_word' id='word_1_161' title='bbox 460 1359 672 1397; x_wconf 86' lang='lat' dir='ltr'>oratorium</span> <span class='ocrx_word' id='word_1_162' title='bbox 692 1357 787 1402; x_wconf 88' lang='lat' dir='ltr'>fieri,</span> <span class='ocrx_word' id='word_1_163' title='bbox 810 1366 875 1395; x_wconf 89' lang='lat' dir='ltr'>aut</span> <span class='ocrx_word' id='word_1_164' title='bbox 895 1356 1109 1410; x_wconf 66' lang='lat' dir='ltr'>perfectum</span> <span class='ocrx_word' id='word_1_165' title='bbox 1123 1358 1207 1410; x_wconf 88' lang='lat' dir='ltr'>jam</span> <span class='ocrx_word' id='word_1_166' title='bbox 1227 1357 1312 1403; x_wconf 85' lang='lat' dir='ltr'>effe,</span> <span class='ocrx_word' id='word_1_167' title='bbox 1333 1357 1505 1411; x_wconf 65' lang='lat' dir='ltr'>profecto</span> <span class='ocrx_word' id='word_1_168' title='bbox 1525 1357 1732 1410; x_wconf 84' lang='lat' dir='ltr'>intelliget.</span> 
     </span>
    </p>

    <p class='ocr_par' dir='ltr' id='par_1_3' title="bbox 457 1422 1869 2604">
     <span class='ocr_line' id='line_1_19' title="bbox 505 1422 1869 1478; baseline -0.001 -15"><span class='ocrx_word' id='word_1_169' title='bbox 505 1425 594 1463; x_wconf 90' lang='lat' dir='ltr'>LV.</span> <span class='ocrx_word' id='word_1_170' title='bbox 617 1426 723 1463; x_wconf 89' lang='lat' dir='ltr'>Cum</span> <span class='ocrx_word' id='word_1_171' title='bbox 736 1422 818 1462; x_wconf 79' lang='lat' dir='ltr'>haec</span> <span class='ocrx_word' id='word_1_172' title='bbox 834 1423 1093 1470; x_wconf 76' lang='lat' dir='ltr'>differuiffem,</span> <span class='ocrx_word' id='word_1_173' title='bbox 1108 1433 1267 1478; x_wconf 88' lang='lat' dir='ltr'>uterque</span> <span class='ocrx_word' id='word_1_174' title='bbox 1283 1423 1442 1463; x_wconf 82' lang='lat' dir='ltr'>affensus</span> <span class='ocrx_word' id='word_1_175' title='bbox 1459 1424 1525 1470; x_wconf 88' lang='lat' dir='ltr'>est,</span> <span class='ocrx_word' id='word_1_176' title='bbox 1542 1433 1581 1463; x_wconf 91' lang='lat' dir='ltr'>et</span> <span class='ocrx_word' id='word_1_177' title='bbox 1596 1437 1668 1477; x_wconf 89' lang='lat' dir='ltr'>ego</span> <span class='ocrx_word' id='word_1_178' title='bbox 1683 1432 1869 1476; x_wconf 86' lang='lat' dir='ltr'>tanquam</span> 
     </span>
     <span class='ocr_line' id='line_1_20' title="bbox 461 1489 1869 1543; baseline -0.001 -13"><span class='ocrx_word' id='word_1_179' title='bbox 461 1492 510 1530; x_wconf 83' lang='lat' dir='ltr'>ab</span> <span class='ocrx_word' id='word_1_180' title='bbox 529 1492 680 1543; x_wconf 86' lang='lat' dir='ltr'>integro</span> <span class='ocrx_word' id='word_1_181' title='bbox 700 1491 865 1535; x_wconf 84' lang='lat' dir='ltr'>ordiens,</span> <span class='ocrx_word' id='word_1_182' title='bbox 897 1490 1066 1541; x_wconf 84' lang='lat' dir='ltr'>Qando</span> <span class='ocrx_word' id='word_1_183' title='bbox 1086 1491 1218 1543; x_wconf 88' lang='lat' dir='ltr'>igitur,</span> <span class='ocrx_word' id='word_1_184' title='bbox 1240 1492 1416 1543; x_wconf 87' lang='lat' dir='ltr'>inquam,</span> <span class='ocrx_word' id='word_1_185' title='bbox 1444 1504 1464 1528; x_wconf 90' lang='lat' dir='ltr'>a</span> <span class='ocrx_word' id='word_1_186' title='bbox 1483 1492 1601 1529; x_wconf 85' lang='lat' dir='ltr'>Cotta</span> <span class='ocrx_word' id='word_1_187' title='bbox 1628 1498 1667 1528; x_wconf 90' lang='lat' dir='ltr'>et</span> <span class='ocrx_word' id='word_1_188' title='bbox 1696 1489 1869 1542; x_wconf 85' lang='lat' dir='ltr'>Sulpicio</span> 
     </span>
     <span class='ocr_line' id='line_1_21' title="bbox 459 1554 1867 1610; baseline -0.001 -15"><span class='ocrx_word' id='word_1_189' title='bbox 459 1557 543 1595; x_wconf 85' lang='lat' dir='ltr'>haec</span> <span class='ocrx_word' id='word_1_190' title='bbox 563 1558 689 1594; x_wconf 80' lang='lat' dir='ltr'>omnis</span> <span class='ocrx_word' id='word_1_191' title='bbox 710 1556 823 1594; x_wconf 85' lang='lat' dir='ltr'>fluxit</span> <span class='ocrx_word' id='word_1_192' title='bbox 841 1557 977 1600; x_wconf 81' lang='lat' dir='ltr'>oratio,</span> <span class='ocrx_word' id='word_1_193' title='bbox 999 1570 1091 1594; x_wconf 89' lang='lat' dir='ltr'>cum</span> <span class='ocrx_word' id='word_1_194' title='bbox 1111 1556 1182 1595; x_wconf 85' lang='lat' dir='ltr'>hos</span> <span class='ocrx_word' id='word_1_195' title='bbox 1198 1558 1368 1595; x_wconf 86' lang='lat' dir='ltr'>maxime</span> <span class='ocrx_word' id='word_1_196' title='bbox 1383 1558 1534 1610; x_wconf 86' lang='lat' dir='ltr'>judicio</span> <span class='ocrx_word' id='word_1_197' title='bbox 1554 1557 1714 1595; x_wconf 86' lang='lat' dir='ltr'>illorum</span> <span class='ocrx_word' id='word_1_198' title='bbox 1732 1554 1867 1595; x_wconf 90' lang='lat' dir='ltr'>homi-</span> 
     </span>
     <span class='ocr_line' id='line_1_22' title="bbox 460 1621 1869 1676; baseline 0 -15"><span class='ocrx_word' id='word_1_199' title='bbox 460 1637 571 1667; x_wconf 84' lang='lat' dir='ltr'>num,</span> <span class='ocrx_word' id='word_1_200' title='bbox 589 1632 627 1660; x_wconf 95' lang='lat' dir='ltr'>et</span> <span class='ocrx_word' id='word_1_201' title='bbox 643 1623 747 1661; x_wconf 87' lang='lat' dir='ltr'>illius</span> <span class='ocrx_word' id='word_1_202' title='bbox 764 1622 882 1660; x_wconf 81' lang='lat' dir='ltr'>aetatis</span> <span class='ocrx_word' id='word_1_203' title='bbox 899 1621 1074 1660; x_wconf 84' lang='lat' dir='ltr'>dixiffem</span> <span class='ocrx_word' id='word_1_204' title='bbox 1091 1624 1284 1675; x_wconf 84' lang='lat' dir='ltr'>probatos,</span> <span class='ocrx_word' id='word_1_205' title='bbox 1307 1632 1468 1661; x_wconf 86' lang='lat' dir='ltr'>revertar</span> <span class='ocrx_word' id='word_1_206' title='bbox 1487 1623 1533 1661; x_wconf 88' lang='lat' dir='ltr'>ad</span> <span class='ocrx_word' id='word_1_207' title='bbox 1553 1636 1615 1661; x_wconf 85' lang='lat' dir='ltr'>eos</span> <span class='ocrx_word' id='word_1_208' title='bbox 1632 1622 1731 1676; x_wconf 87' lang='lat' dir='ltr'>ipsos</span> <span class='ocrx_word' id='word_1_209' title='bbox 1747 1637 1756 1660; x_wconf 71' lang='grc' dir='ltr'>ε</span> <span class='ocrx_word' id='word_1_210' title='bbox 1780 1630 1869 1661; x_wconf 90' lang='lat' dir='ltr'>tum</span> 
     </span>
     <span class='ocr_line' id='line_1_23' title="bbox 461 1688 1867 1742; baseline -0.002 -14"><span class='ocrx_word' id='word_1_211' title='bbox 461 1690 644 1742; x_wconf 83' lang='lat' dir='ltr'>reliquos,</span> <span class='ocrx_word' id='word_1_212' title='bbox 676 1698 720 1727; x_wconf 93' lang='lat' dir='ltr'>ut</span> <span class='ocrx_word' id='word_1_213' title='bbox 749 1688 910 1733; x_wconf 88' lang='lat' dir='ltr'>institui,</span> <span class='ocrx_word' id='word_1_214' title='bbox 947 1688 1124 1741; x_wconf 83' lang='lat' dir='ltr'>deinceps</span> <span class='ocrx_word' id='word_1_215' title='bbox 1145 1689 1356 1742; x_wconf 84' lang='lat' dir='ltr'>persequar.</span> <span class='ocrx_word' id='word_1_216' title='bbox 1404 1690 1604 1741; x_wconf 84' lang='lat' dir='ltr'>Qoniam</span> <span class='ocrx_word' id='word_1_217' title='bbox 1627 1702 1717 1741; x_wconf 88' lang='lat' dir='ltr'>ergo</span> <span class='ocrx_word' id='word_1_218' title='bbox 1737 1696 1867 1726; x_wconf 89' lang='lat' dir='ltr'>orato-</span> 
     </span>
     <span class='ocr_line' id='line_1_24' title="bbox 461 1754 1868 1808; baseline -0.001 -14"><span class='ocrx_word' id='word_1_219' title='bbox 461 1770 549 1794; x_wconf 85' lang='lat' dir='ltr'>rum</span> <span class='ocrx_word' id='word_1_220' title='bbox 570 1756 762 1795; x_wconf 87' lang='lat' dir='ltr'>bonorum</span> <span class='ocrx_word' id='word_1_221' title='bbox 795 1754 883 1807; x_wconf 82' lang='lat' dir='ltr'>(hos</span> <span class='ocrx_word' id='word_1_222' title='bbox 903 1755 1008 1792; x_wconf 87' lang='lat' dir='ltr'>enirn</span> <span class='ocrx_word' id='word_1_223' title='bbox 1030 1757 1257 1808; x_wconf 84' lang='lat' dir='ltr'>quaerimus)</span> <span class='ocrx_word' id='word_1_224' title='bbox 1287 1756 1364 1793; x_wconf 93' lang='lat' dir='ltr'>duo</span> <span class='ocrx_word' id='word_1_225' title='bbox 1379 1769 1515 1808; x_wconf 89' lang='lat' dir='ltr'>genera</span> <span class='ocrx_word' id='word_1_226' title='bbox 1530 1755 1632 1799; x_wconf 89' lang='lat' dir='ltr'>sunt,</span> <span class='ocrx_word' id='word_1_227' title='bbox 1663 1768 1787 1792; x_wconf 91' lang='lat' dir='ltr'>unum</span> <span class='ocrx_word' id='word_1_228' title='bbox 1806 1763 1868 1792; x_wconf 82' lang='lat' dir='ltr'>at·-</span> 
     </span>
     <span class='ocr_line' id='line_1_25' title="bbox 459 1820 1868 1875; baseline 0 -15"><span class='ocrx_word' id='word_1_229' title='bbox 459 1832 627 1867; x_wconf 83' lang='lat' dir='ltr'>tenuate,</span> <span class='ocrx_word' id='word_1_230' title='bbox 658 1821 853 1875; x_wconf 83' lang='lat' dir='ltr'>preffeque</span> <span class='ocrx_word' id='word_1_231' title='bbox 869 1840 880 1866; x_wconf 73' lang='lat'>5</span> <span class='ocrx_word' id='word_1_232' title='bbox 913 1821 1075 1860; x_wconf 85' lang='lat' dir='ltr'>alterum</span> <span class='ocrx_word' id='word_1_233' title='bbox 1102 1821 1260 1867; x_wconf 87' lang='lat' dir='ltr'>sublate,</span> <span class='ocrx_word' id='word_1_234' title='bbox 1291 1822 1495 1874; x_wconf 84' lang='lat' dir='ltr'>ampleque</span> <span class='ocrx_word' id='word_1_235' title='bbox 1524 1820 1768 1859; x_wconf 87' lang='lat' dir='ltr'>dicentium:</span> <span class='ocrx_word' id='word_1_236' title='bbox 1800 1821 1868 1860; x_wconf 89' lang='lat' dir='ltr'>etfi</span> 
     </span>
     <span class='ocr_line' id='line_1_26' title="bbox 459 1886 1865 1940; baseline 0 -15"><span class='ocrx_word' id='word_1_237' title='bbox 459 1887 499 1925; x_wconf 87' lang='lat' dir='ltr'>id</span> <span class='ocrx_word' id='word_1_238' title='bbox 520 1887 659 1933; x_wconf 83' lang='lat' dir='ltr'>melius</span> <span class='ocrx_word' id='word_1_239' title='bbox 680 1887 746 1932; x_wconf 89' lang='lat' dir='ltr'>est,</span> <span class='ocrx_word' id='word_1_240' title='bbox 777 1887 882 1940; x_wconf 85' lang='lat' dir='ltr'>quod</span> <span class='ocrx_word' id='word_1_241' title='bbox 913 1887 1145 1939; x_wconf 83' lang='lat' dir='ltr'>splendidius</span> <span class='ocrx_word' id='word_1_242' title='bbox 1174 1897 1211 1926; x_wconf 91' lang='lat' dir='ltr'>et</span> <span class='ocrx_word' id='word_1_243' title='bbox 1232 1886 1559 1940; x_wconf 83' lang='lat' dir='ltr'>magnificentius,</span> <span class='ocrx_word' id='word_1_244' title='bbox 1581 1895 1710 1924; x_wconf 83' lang='lat' dir='ltr'>tamen</span> <span class='ocrx_word' id='word_1_245' title='bbox 1731 1886 1772 1924; x_wconf 90' lang='lat' dir='ltr'>in</span> <span class='ocrx_word' id='word_1_246' title='bbox 1792 1886 1865 1925; x_wconf 90' lang='lat' dir='ltr'>bo-</span> 
     </span>
     <span class='ocr_line' id='line_1_27' title="bbox 460 1952 1866 2006; baseline -0.001 -15"><span class='ocrx_word' id='word_1_247' title='bbox 460 1954 519 1992; x_wconf 87' lang='lat' dir='ltr'>nis</span> <span class='ocrx_word' id='word_1_248' title='bbox 540 1954 683 1998; x_wconf 88' lang='lat' dir='ltr'>omnia,</span> <span class='ocrx_word' id='word_1_249' title='bbox 715 1968 799 2006; x_wconf 82' lang='lat' dir='ltr'>quae</span> <span class='ocrx_word' id='word_1_250' title='bbox 830 1953 980 1992; x_wconf 87' lang='lat' dir='ltr'>summa</span> <span class='ocrx_word' id='word_1_251' title='bbox 1008 1953 1109 1999; x_wconf 91' lang='lat' dir='ltr'>sunt,</span> <span class='ocrx_word' id='word_1_252' title='bbox 1135 1956 1222 2006; x_wconf 87' lang='lat' dir='ltr'>jure</span> <span class='ocrx_word' id='word_1_253' title='bbox 1252 1953 1468 1992; x_wconf 84' lang='lat' dir='ltr'>laudantur.</span> <span class='ocrx_word' id='word_1_254' title='bbox 1528 1952 1600 1991; x_wconf 85' lang='lat' dir='ltr'>Sed</span> <span class='ocrx_word' id='word_1_255' title='bbox 1620 1952 1786 1990; x_wconf 84' lang='lat' dir='ltr'>cavenda</span> <span class='ocrx_word' id='word_1_256' title='bbox 1813 1952 1866 1990; x_wconf 85' lang='lat' dir='ltr'>est</span> 
     </span>
     <span class='ocr_line' id='line_1_28' title="bbox 459 2018 1866 2074; baseline -0.002 -15"><span class='ocrx_word' id='word_1_257' title='bbox 459 2020 581 2074; x_wconf 78' lang='lat' dir='ltr'>presso</span> <span class='ocrx_word' id='word_1_258' title='bbox 601 2021 659 2059; x_wconf 90' lang='lat' dir='ltr'>illi</span> <span class='ocrx_word' id='word_1_259' title='bbox 677 2021 815 2059; x_wconf 84' lang='lat' dir='ltr'>oratori</span> <span class='ocrx_word' id='word_1_260' title='bbox 844 2020 975 2073; x_wconf 80' lang='lat' dir='ltr'>inopia</span> <span class='ocrx_word' id='word_1_261' title='bbox 994 2029 1031 2058; x_wconf 91' lang='lat' dir='ltr'>et</span> <span class='ocrx_word' id='word_1_262' title='bbox 1058 2021 1241 2073; x_wconf 82' lang='lat' dir='ltr'>jejunitas</span> <span class='ocrx_word' id='word_1_263' title='bbox 1257 2038 1270 2064; x_wconf 72' lang='lat'>3</span> <span class='ocrx_word' id='word_1_264' title='bbox 1301 2020 1432 2072; x_wconf 82' lang='lat' dir='ltr'>amplo</span> <span class='ocrx_word' id='word_1_265' title='bbox 1451 2027 1596 2063; x_wconf 82' lang='lat' dir='ltr'>autem,</span> <span class='ocrx_word' id='word_1_266' title='bbox 1620 2018 1798 2056; x_wconf 79' lang='lat' dir='ltr'>inflatum</span> <span class='ocrx_word' id='word_1_267' title='bbox 1827 2027 1866 2056; x_wconf 89' lang='lat' dir='ltr'>et</span> 
     </span>
     <span class='ocr_line' id='line_1_29' title="bbox 459 2084 1865 2140; baseline -0.002 -15"><span class='ocrx_word' id='word_1_268' title='bbox 459 2096 688 2140; x_wconf 87' lang='lat' dir='ltr'>corruptum</span> <span class='ocrx_word' id='word_1_269' title='bbox 705 2087 886 2125; x_wconf 82' lang='lat' dir='ltr'>orationis</span> <span class='ocrx_word' id='word_1_270' title='bbox 906 2099 1041 2139; x_wconf 85' lang='lat' dir='ltr'>genus.</span> <span class='ocrx_word' id='word_1_271' title='bbox 1088 2085 1310 2125; x_wconf 86' lang='lat' dir='ltr'>Inveniebat</span> <span class='ocrx_word' id='word_1_272' title='bbox 1330 2086 1448 2138; x_wconf 85' lang='lat' dir='ltr'>igitur</span> <span class='ocrx_word' id='word_1_273' title='bbox 1467 2094 1575 2123; x_wconf 88' lang='lat' dir='ltr'>acute</span> <span class='ocrx_word' id='word_1_274' title='bbox 1596 2085 1726 2128; x_wconf 86' lang='lat' dir='ltr'>Cotta,</span> <span class='ocrx_word' id='word_1_275' title='bbox 1758 2084 1865 2122; x_wconf 89' lang='lat' dir='ltr'>dice-</span> 
     </span>
     <span class='ocr_line' id='line_1_30' title="bbox 460 2150 1863 2205; baseline -0.002 -14"><span class='ocrx_word' id='word_1_276' title='bbox 460 2153 524 2191; x_wconf 82' lang='lat' dir='ltr'>bat</span> <span class='ocrx_word' id='word_1_277' title='bbox 542 2167 634 2205; x_wconf 87' lang='lat' dir='ltr'>pure</span> <span class='ocrx_word' id='word_1_278' title='bbox 654 2167 696 2191; x_wconf 83' lang='lat' dir='ltr'>ac</span> <span class='ocrx_word' id='word_1_279' title='bbox 713 2153 856 2197; x_wconf 72' lang='lat' dir='ltr'>solute,</span> <span class='ocrx_word' id='word_1_280' title='bbox 885 2161 922 2190; x_wconf 90' lang='lat' dir='ltr'>et</span> <span class='ocrx_word' id='word_1_281' title='bbox 943 2161 985 2189; x_wconf 94' lang='lat' dir='ltr'>ut</span> <span class='ocrx_word' id='word_1_282' title='bbox 1000 2152 1046 2189; x_wconf 82' lang='lat' dir='ltr'>ad</span> <span class='ocrx_word' id='word_1_283' title='bbox 1063 2152 1330 2190; x_wconf 81' lang='lat' dir='ltr'>infirmitatem</span> <span class='ocrx_word' id='word_1_284' title='bbox 1346 2151 1509 2189; x_wconf 86' lang='lat' dir='ltr'>laterum</span> <span class='ocrx_word' id='word_1_285' title='bbox 1526 2150 1754 2203; x_wconf 83' lang='lat' dir='ltr'>perscienter</span> <span class='ocrx_word' id='word_1_286' title='bbox 1766 2164 1863 2189; x_wconf 89' lang='lat' dir='ltr'>con-</span> 
     </span>
     <span class='ocr_line' id='line_1_31' title="bbox 457 2216 1864 2263; baseline -0.003 -5"><span class='ocrx_word' id='word_1_287' title='bbox 457 2219 673 2258; x_wconf 85' lang='lat' dir='ltr'>tentionem</span> <span class='ocrx_word' id='word_1_288' title='bbox 692 2232 853 2257; x_wconf 86' lang='lat' dir='ltr'>omnem</span> <span class='ocrx_word' id='word_1_289' title='bbox 873 2218 1079 2263; x_wconf 87' lang='lat' dir='ltr'>remiserat,</span> <span class='ocrx_word' id='word_1_290' title='bbox 1101 2218 1150 2256; x_wconf 89' lang='lat' dir='ltr'>fic</span> <span class='ocrx_word' id='word_1_291' title='bbox 1170 2218 1216 2256; x_wconf 87' lang='lat' dir='ltr'>ad</span> <span class='ocrx_word' id='word_1_292' title='bbox 1237 2217 1379 2256; x_wconf 86' lang='lat' dir='ltr'>virium</span> <span class='ocrx_word' id='word_1_293' title='bbox 1397 2217 1707 2256; x_wconf 86' lang='lat' dir='ltr'>imbecillitatem</span> <span class='ocrx_word' id='word_1_294' title='bbox 1729 2216 1864 2255; x_wconf 81' lang='lat' dir='ltr'>dicen-</span> 
     </span>
     <span class='ocr_line' id='line_1_32' title="bbox 458 2282 1863 2338; baseline -0.002 -15"><span class='ocrx_word' id='word_1_295' title='bbox 458 2286 499 2327; x_wconf 79' lang='lat' dir='ltr'>di</span> <span class='ocrx_word' id='word_1_296' title='bbox 511 2284 826 2324; x_wconf 83' lang='lat' dir='ltr'>accommodabat</span> <span class='ocrx_word' id='word_1_297' title='bbox 840 2297 975 2338; x_wconf 85' lang='lat' dir='ltr'>genus.</span> <span class='ocrx_word' id='word_1_298' title='bbox 1008 2282 1125 2322; x_wconf 90' lang='lat' dir='ltr'>Nihil</span> <span class='ocrx_word' id='word_1_299' title='bbox 1137 2293 1213 2322; x_wconf 85' lang='lat' dir='ltr'>erat</span> <span class='ocrx_word' id='word_1_300' title='bbox 1231 2284 1270 2322; x_wconf 89' lang='lat' dir='ltr'>in</span> <span class='ocrx_word' id='word_1_301' title='bbox 1287 2284 1366 2336; x_wconf 84' lang='lat' dir='ltr'>ejus</span> <span class='ocrx_word' id='word_1_302' title='bbox 1387 2284 1556 2322; x_wconf 81' lang='lat' dir='ltr'>oratione</span> <span class='ocrx_word' id='word_1_303' title='bbox 1573 2282 1642 2321; x_wconf 80' lang='lat' dir='ltr'>nisi</span> <span class='ocrx_word' id='word_1_304' title='bbox 1658 2283 1863 2328; x_wconf 77' lang='lat' dir='ltr'>sincerum,</span> 
     </span>
     <span class='ocr_line' id='line_1_33' title="bbox 460 2349 1863 2404; baseline -0.003 -13"><span class='ocrx_word' id='word_1_305' title='bbox 460 2351 561 2393; x_wconf 86' lang='lat' dir='ltr'>nihil</span> <span class='ocrx_word' id='word_1_306' title='bbox 582 2352 648 2390; x_wconf 81' lang='lat' dir='ltr'>nisi</span> <span class='ocrx_word' id='word_1_307' title='bbox 670 2351 828 2396; x_wconf 87' lang='lat' dir='ltr'>ficcum,</span> <span class='ocrx_word' id='word_1_308' title='bbox 859 2361 973 2404; x_wconf 82' lang='lat' dir='ltr'>atque</span> <span class='ocrx_word' id='word_1_309' title='bbox 989 2350 1121 2389; x_wconf 85' lang='lat' dir='ltr'>sanum</span> <span class='ocrx_word' id='word_1_310' title='bbox 1134 2369 1146 2396; x_wconf 68' lang='grc' dir='ltr'><strong><em>ς</em></strong></span> <span class='ocrx_word' id='word_1_311' title='bbox 1178 2350 1354 2403; x_wconf 86' lang='lat' dir='ltr'>illudque</span> <span class='ocrx_word' id='word_1_312' title='bbox 1375 2351 1608 2395; x_wconf 83' lang='lat' dir='ltr'>maximum,</span> <span class='ocrx_word' id='word_1_313' title='bbox 1631 2349 1750 2402; x_wconf 71' lang='lat' dir='ltr'>quod,</span> <span class='ocrx_word' id='word_1_314' title='bbox 1768 2363 1863 2388; x_wconf 89' lang='lat' dir='ltr'>cum</span> 
     </span>
     <span class='ocr_line' id='line_1_34' title="bbox 459 2415 1863 2470; baseline -0.003 -13"><span class='ocrx_word' id='word_1_315' title='bbox 459 2418 707 2457; x_wconf 87' lang='lat' dir='ltr'>contentione</span> <span class='ocrx_word' id='word_1_316' title='bbox 737 2418 917 2456; x_wconf 79' lang='lat' dir='ltr'>orationis</span> <span class='ocrx_word' id='word_1_317' title='bbox 952 2417 1099 2456; x_wconf 70' lang='lat' dir='ltr'>flectere</span> <span class='ocrx_word' id='word_1_318' title='bbox 1133 2418 1282 2455; x_wconf 86' lang='lat' dir='ltr'>animos</span> <span class='ocrx_word' id='word_1_319' title='bbox 1311 2417 1492 2470; x_wconf 87' lang='lat' dir='ltr'>judicum</span> <span class='ocrx_word' id='word_1_320' title='bbox 1529 2417 1593 2455; x_wconf 88' lang='lat' dir='ltr'>vix</span> <span class='ocrx_word' id='word_1_321' title='bbox 1627 2415 1761 2470; x_wconf 73' lang='lat' dir='ltr'>posset,</span> <span class='ocrx_word' id='word_1_322' title='bbox 1793 2428 1863 2454; x_wconf 91' lang='lat' dir='ltr'>nec</span> 
     </span>
     <span class='ocr_line' id='line_1_35' title="bbox 459 2480 1863 2537; baseline -0.003 -15"><span class='ocrx_word' id='word_1_323' title='bbox 459 2484 621 2523; x_wconf 89' lang='lat' dir='ltr'>omnino</span> <span class='ocrx_word' id='word_1_324' title='bbox 641 2497 685 2523; x_wconf 91' lang='lat' dir='ltr'>eo</span> <span class='ocrx_word' id='word_1_325' title='bbox 705 2497 840 2537; x_wconf 88' lang='lat' dir='ltr'>genere</span> <span class='ocrx_word' id='word_1_326' title='bbox 861 2482 1017 2529; x_wconf 85' lang='lat' dir='ltr'>diceret,</span> <span class='ocrx_word' id='word_1_327' title='bbox 1050 2482 1242 2522; x_wconf 65' lang='lat' dir='ltr'>tractando</span> <span class='ocrx_word' id='word_1_328' title='bbox 1262 2492 1391 2522; x_wconf 88' lang='lat' dir='ltr'>tamen</span> <span class='ocrx_word' id='word_1_329' title='bbox 1421 2481 1659 2536; x_wconf 86' lang='lat' dir='ltr'>impellebat,</span> <span class='ocrx_word' id='word_1_330' title='bbox 1696 2490 1739 2520; x_wconf 92' lang='lat' dir='ltr'>ut</span> <span class='ocrx_word' id='word_1_331' title='bbox 1758 2480 1863 2519; x_wconf 86' lang='lat' dir='ltr'>idem</span> 
     </span>
     <span class='ocr_line' id='line_1_36' title="bbox 459 2546 1862 2604; baseline -0.004 -14"><span class='ocrx_word' id='word_1_332' title='bbox 459 2549 628 2590; x_wconf 84' lang='lat' dir='ltr'>facerent</span> <span class='ocrx_word' id='word_1_333' title='bbox 661 2565 683 2590; x_wconf 86' lang='lat' dir='ltr'>a</span> <span class='ocrx_word' id='word_1_334' title='bbox 709 2550 747 2590; x_wconf 88' lang='lat' dir='ltr'>se</span> <span class='ocrx_word' id='word_1_335' title='bbox 779 2551 983 2596; x_wconf 80' lang='lat' dir='ltr'>commoti,</span> <span class='ocrx_word' id='word_1_336' title='bbox 1016 2551 1121 2604; x_wconf 88' lang='lat' dir='ltr'>quod</span> <span class='ocrx_word' id='word_1_337' title='bbox 1149 2564 1169 2589; x_wconf 90' lang='lat' dir='ltr'>a</span> <span class='ocrx_word' id='word_1_338' title='bbox 1199 2550 1371 2604; x_wconf 88' lang='lat' dir='ltr'>Sulpicio</span> <span class='ocrx_word' id='word_1_339' title='bbox 1391 2550 1587 2589; x_wconf 85' lang='lat' dir='ltr'>concitati.</span> <span class='ocrx_word' id='word_1_340' title='bbox 1634 2548 1728 2588; x_wconf 87' lang='lat' dir='ltr'>Fuit</span> <span class='ocrx_word' id='word_1_341' title='bbox 1756 2546 1862 2586; x_wconf 85' lang='lat' dir='ltr'>enim</span> 
     </span>
    </p>
   </div>
  </div>
 </body>
</html>
