2176 2912
676 164 1395 204 ORATORIBUS.
1659 180 1734 221 345

332 259 550 302 Coriolano,
569 258 734 295 concede
751 266 894 301 tamen,
918 266 960 294 ut
980 256 1072 294 huic
1090 257 1219 308 generi
1240 259 1376 295 mortis
1398 258 1525 309 potius
1548 259 1730 298 afl‘cntiar.

387 326 458 362 XI.
483 326 537 361 At
557 323 622 360 ille
643 322 782 367 ridens,
809 324 900 360 Tuo
916 336 1016 366 vero,
1039 322 1180 374 inquit,
1203 323 1385 360 arbitratu
1405 342 1415 366 ;
1439 325 1622 374 quoniam
1643 325 1732 376 qui-

330 390 418 426 dem
449 388 669 426 concessum
704 388 756 425 est
776 386 992 424 rhetoribus
1027 388 1205 425 ementiri
1242 388 1279 424 in
1301 387 1481 431 historiis,
1519 399 1561 426 ut
1588 390 1734 440 aliquid

331 455 455 491 [licere
476 454 615 506 poffint
636 454 820 505 argutius.
866 455 921 490 Ut
941 454 1044 490 enim
1068 462 1109 490 tu
1132 467 1235 491 nunc
1256 454 1302 491 de
1324 453 1544 497 Coriolano,
1576 454 1625 491 sic
1647 455 1734 492 Cli-

330 518 498 563 tarchus,
522 519 570 556 fic
593 519 792 556 Stratocles
814 519 859 555 de
880 518 1146 556 Themistocle
1167 519 1294 556 finxit.
1340 519 1460 563 Nam,
1479 532 1595 570 quem
1616 518 1733 556 Thu-

331 584 497 635 cydides,
528 586 596 636 qui
617 593 653 621 et
674 583 917 621 Athenienfis
937 593 1028 628 erat,
1062 593 1098 621 et
1118 584 1271 622 summo
1292 585 1378 622 loco
1395 593 1518 627 natus,
1541 583 1734 621 summus-

331 664 405 701 que
425 652 495 694 vir,
526 659 563 687 et
584 650 697 701 paulo
718 658 824 687 aetate
844 649 1038 702 posterior,
1061 649 1213 687 tantum
1234 660 1437 688 mortuum
1458 649 1616 702 scripsit,
1637 658 1675 696 et
1696 649 1737 686 in

334 716 464 753 Attica
498 716 598 753 clam
618 715 840 760 humatum,
877 716 1037 759 addidit,
1070 715 1179 753 fuiffe
1210 715 1465 768 suspicionem
1487 729 1632 753 veneno
1668 715 1737 752 fibi

332 782 549 820 conscivisse
579 791 770 826 mortem,
803 781 907 819 hunc
928 782 987 819 isti
1007 782 1128 826 aiunt,
1161 796 1253 820 curn
1275 793 1428 820 taurum
1450 781 1736 826 immolavisset,

331 847 515 899 excepisse
546 847 771 898 sanguinem
805 857 944 898 patera,
990 856 1027 884 et
1061 861 1106 884 eo
1137 858 1244 899 poto,
1280 857 1483 886 mortuum
1516 847 1736 885 concidiffe.

334 914 449 951 Hanc
470 914 575 950 enim
597 922 766 950 mortem
801 912 1002 958 rhetorice,
1033 923 1070 951 et
1092 915 1232 966 tragice
1252 928 1383 953 ornare
1403 924 1612 966 potuerunt
1630 929 1638 952 :
1672 913 1738 951 illa

331 992 433 1016 mors
454 979 620 1031 vulgaris
653 979 800 1016 nullam
822 979 1015 1031 praebebat
1051 980 1253 1018 materiem
1273 980 1319 1017 ad
1349 989 1542 1017 ornatum.
1593 980 1737 1030 Qare,

331 1046 515 1096 quoniam
548 1045 620 1082 tibi
652 1046 703 1082 ita
722 1046 893 1097 quadrat,
924 1046 1056 1083 omnia
1075 1045 1184 1084 fuiffe
1214 1047 1253 1084 in
1276 1045 1540 1084 Themistocle
1571 1045 1673 1097 paria
1701 1053 1739 1082 et

336 1110 557 1153 Coriolano,
584 1120 752 1161 pateram
772 1123 928 1162 quoque
960 1124 980 1147 a
1010 1124 1074 1148 me
1105 1111 1229 1149 sumas
1263 1112 1354 1150 licet
1370 1130 1381 1156 3
1414 1111 1593 1163 praebebo
1621 1111 1739 1148 etiam

333 1174 512 1220 hostiam,
536 1185 578 1213 ut
601 1176 827 1214 Coriolanus
850 1176 894 1213 sit
914 1176 1027 1228 plane
1048 1177 1141 1215 alter
1161 1177 1460 1216 Themistocles.

391 1242 446 1279 Sit
479 1241 576 1285 sane,
605 1242 778 1292 inquam,
810 1250 853 1278 ut
887 1241 1009 1287 lubet,
1041 1242 1086 1279 de
1108 1242 1200 1287 isto;
1232 1253 1270 1281 et
1303 1256 1376 1294 ego
1407 1243 1556 1280 cautius
1583 1240 1739 1294 posthac

336 1307 533 1345 historiam
554 1309 756 1360 attingam,
781 1317 817 1345 te
837 1309 1013 1346 audiente
1030 1327 1040 1351 ;
1073 1322 1190 1360 quem
1210 1323 1339 1347 rerum
1361 1310 1627 1346 Romanarum
1646 1320 1738 1345 auc-

333 1384 458 1412 torem
494 1375 643 1411 laudare
679 1375 828 1426 possum
858 1375 1192 1427 religiosissimum.
1239 1376 1310 1414 Sed
1331 1385 1416 1414 tum
1446 1374 1525 1412 fere
1557 1373 1738 1418 Pericles,

334 1441 521 1492 Xantippi
542 1441 659 1485 filim,
696 1441 741 1478 de
776 1454 854 1492 quo
884 1449 970 1478 ante
1001 1441 1095 1485 dixi,
1127 1442 1275 1494 primus
1296 1440 1474 1478 adhibuit
1495 1440 1737 1484 doftrinam3

333 1520 418 1558 quae
449 1519 670 1558 quanquam
707 1515 791 1544 tum
826 1506 931 1543 nulla
962 1515 1039 1543 erat
1075 1506 1241 1551 dicendi,
1275 1516 1403 1544 tamen
1435 1506 1481 1543 ab
1512 1508 1740 1558 Anaxagora

335 1571 491 1624 phyfico
511 1572 696 1616 eruditus,
726 1572 1040 1610 exercitationem
1062 1573 1203 1610 mentis
1224 1585 1244 1609 a
1264 1571 1471 1610 reconditis
1492 1571 1740 1623 abstrufisque

334 1637 445 1675 rebus
467 1638 513 1675 ad
533 1638 657 1675 causas
678 1637 841 1676 forenses
862 1638 1137 1690 popularesque
1168 1637 1280 1676 facile
1318 1638 1545 1676 traduxerat.
1607 1638 1737 1688 Hujus

336 1703 515 1740 suavitate
536 1704 704 1741 maxime
724 1703 892 1741 hilaratae
912 1703 999 1740 sunt
1021 1703 1198 1748 Athenae‚
1231 1703 1347 1756 hujus
1369 1703 1580 1741 ubertatem
1601 1711 1639 1740 et
1670 1715 1738 1740 co·-

336 1769 441 1820 piam
462 1768 668 1813 admiratae,
690 1770 858 1820 ejusdem
879 1770 959 1806 vim
981 1769 1133 1806 dicendi
1155 1779 1413 1822 terroremque
1434 1770 1660 1807 timuerunt.

383 1835 476 1872 XII.
501 1835 598 1871 Hscc
619 1835 736 1886 igitur
757 1844 842 1872 aetas
860 1835 984 1886 prima
1000 1834 1165 1873 Athenis
1182 1845 1370 1874 oratorem
1387 1849 1506 1888 prope
1522 1834 1738 1888 perfedtum

334 1900 439 1938 tulit.
486 1900 573 1937 Nec
603 1901 707 1938 enim
729 1901 767 1937 in
788 1901 1109 1938 constituentibus
1138 1902 1435 1953 rempublicam,
1468 1915 1536 1939 nec
1570 1902 1609 1938 in
1639 1901 1739 1938 bella

333 1965 568 2018 gerentibus,
604 1979 672 2003 nec
705 1966 743 2002 in
769 1966 980 2018 impeditis,
1012 1980 1054 2004 ac
1077 1980 1211 2019 regum
1242 1967 1504 2004 dominatione
1538 1966 1736 2010 devinctis,

338 2031 437 2069 nasci
458 2031 648 2083 cupiditas
681 2032 831 2070 dicendi
854 2032 958 2070 solet.
1006 2033 1112 2070 Pacis
1144 2033 1196 2070 est
1215 2046 1358 2076 comes,
1390 2033 1537 2083 otiique
1557 2031 1670 2076 socia,
1701 2040 1740 2069 et

332 2098 415 2148 jam
436 2097 532 2134 bene
552 2097 767 2135 constitutae
787 2098 951 2136 civitatis
972 2099 1074 2150 quas]
1106 2099 1262 2136 alumna
1282 2098 1471 2150 quaedam,
1504 2097 1736 2150 eloquentia.

339 2163 471 2214 Itaque
491 2163 541 2199 ait
559 2163 794 2208 Aristoteles,
811 2179 917 2209 cum,
936 2164 1089 2202 sublatis
1107 2165 1144 2201 in
1163 2165 1291 2202 Sicilia
1308 2165 1490 2215 tyrannis,
1513 2177 1568 2201 res
1584 2164 1739 2216 privatae

338 2228 456 2279 longo
491 2228 690 2266 intervallo
718 2216 875 2280 judiciis
911 2240 1178 2282 repeterentur,
1215 2240 1299 2268 tum
1321 2231 1508 2282 primum,
1545 2229 1648 2281 quod
1680 2229 1739 2266 es-

339 2293 390 2331 set
424 2302 533 2330 acuta
553 2294 618 2331 illa
647 2308 755 2346 gens,
777 2305 814 2334 et
835 2297 1070 2335 controversa
1091 2298 1236 2341 natur-st,
1268 2307 1387 2335 artem
1405 2306 1442 2334 et
1462 2305 1648 2349 praecepta
1677 2295 1737 2332 Si-

338 2359 459 2403 culos,
497 2360 683 2398 Coracem
715 2371 753 2398 et
773 2363 933 2408 Tisiam,
962 2363 1229 2414 conscripsiffe.
1282 2364 1387 2400 Nam
1414 2372 1523 2400 antea
1543 2360 1737 2399 neminem

336 2425 493 2462 solitum
517 2425 591 2469 via,
613 2439 682 2463 nec
703 2436 792 2471 arte,
814 2428 874 2466 sed
892 2438 1064 2467 accurate
1083 2437 1225 2473 tamen,
1256 2438 1293 2466 et
1319 2429 1366 2466 de
1383 2428 1523 2480 scripto
1542 2425 1739 2478 plerosque

338 2490 462 2528 dicere
477 2508 489 2535 ;
521 2489 748 2545 scriptasque
768 2491 890 2540 fuiffe,
912 2504 950 2533 et
966 2502 1108 2547 paratas
1129 2507 1149 2532 a
1170 2495 1374 2553 Protagora
1391 2506 1516 2531 rerum
1533 2490 1739 2529 illustrium

423 2557 461 2595 T
479 2570 501 2594 0
520 2570 571 2595 M.
606 2558 637 2595 Ι.
1287 2560 1324 2597 X
1354 2572 1379 2596 x
