2176 2912
795 165 1323 205 ORATOR.
1685 178 1761 217 473

361 258 480 298 etiam
515 256 658 296 satietas
694 257 935 296 formidanda
965 259 1016 296 est
1036 258 1172 310 magis.
1233 259 1305 296 Me
1328 258 1444 296 stante
1466 260 1513 296 C.
1539 258 1679 301 Carbo,
1712 260 1759 296 C.

361 325 478 369 filius,
511 324 689 362 tribunus
723 324 863 376 plebis,
899 325 938 361 in
971 324 1157 362 concione
1188 324 1287 362 dixit
1317 323 1377 362 his
1409 325 1546 368 verbis,
1577 326 1610 363 O
1631 326 1763 363 M‘czrce

360 391 498 442 Dmfi,
514 398 660 440 patrem
680 390 824 441 appello.
870 390 966 427 Haec
987 390 1146 442 quidem
1167 389 1244 427 duo
1270 390 1370 427 binis
1392 390 1552 442 pedibus
1584 390 1732 428 incifim
1751 406 1759 428 :

361 454 449 492 dein
471 454 734 498 membratim,
758 452 796 493 'T
791 469 814 492 u
832 454 945 493 dicere
950 455 1101 509 solebas,
1109 456 1260 508 stzcram
1279 454 1337 508 eſjb
1355 455 1616 507 rempublicam.
1665 457 1762 493 Haec

358 519 455 557 item
469 520 644 558 membra
663 520 794 558 ternis.
834 521 923 559 Post
941 521 1125 566 ambitus,
1148 522 1355 574 Qicunque
1373 535 1448 558 eam
1467 520 1700 573 violaviſjffinn
1718 523 1763 559 ab

356 586 513 624 omnibus
532 585 591 639 {ffi'
609 586 643 624 ei
651 594 779 639 pfenas
792 588 1003 640 persolutus.
1048 586 1281 625 Dichoreus.
1328 585 1444 625 Nihil
1475 587 1580 624 enim
1600 587 1645 623 ad
1667 601 1761 631 rem,

357 661 529 690 extrema
558 652 637 697 illa,
670 653 784 705 longa
814 653 871 698 fit,
903 667 950 691 an
980 653 1118 708 brevis.
1179 653 1344 698 Deinde,
1387 653 1518 692 Patris
1546 651 1761 705 diffumstz-

350 718 455 771 piens
483 719 666 757 temeritas
691 720 772 771 filii
797 719 1053 772 comprobavit.
1115 720 1206 758 Hoc
1240 718 1421 757 dichoreo
1454 728 1582 757 tantus
1617 719 1763 757 clamor

356 785 555 823 concionis
577 785 763 823 excitatus
789 782 854 830 est,
886 796 929 824 ut
964 785 1188 824 admirabile
1221 785 1322 824 effet.
1373 787 1528 837 Qaero,
1560 798 1688 823 nonne
1722 786 1763 824 id

357 864 541 888 numerus
560 851 760 889 effecerit?
792 853 1012 890 Verborum
1043 852 1220 890 ordinem
1250 852 1444 897 immuta3
1477 851 1536 890 fac
1556 852 1619 897 s1C,
1654 854 1760 891 Com-

347 916 527 969 probavit
546 917 626 969 filii
656 918 862 963 temeritas3
897 919 980 969 jam
1013 917 1112 956 nihil
1144 919 1229 962 erit,
1264 917 1328 956 ets1
1351 917 1542 956 temeritas
1563 931 1610 956 ex
1638 919 1760 957 tribus

356 982 551 1027 brevibus,
587 991 625 1021 et
645 982 762 1035 longa
780 983 833 1021 est
850 1002 861 1028 3
893 997 1011 1036 quem
1032 983 1252 1022 Aristoteles
1274 992 1317 1021 ut
1337 984 1534 1036 optimum
1561 984 1709 1036 probat,
1740 997 1761 1022 a

355 1061 435 1100 quo
455 1048 644 1087 dissentio.
704 1051 759 1086 At
779 1050 910 1088 eadem
931 1050 1057 1095 verba,
1079 1050 1212 1088 eadem
1233 1049 1430 1088 sententia.
1490 1050 1638 1088 Animo
1664 1050 1761 1090 istuc

354 1114 442 1152 satis
480 1114 546 1160 est,
577 1114 732 1153 auribus
767 1129 846 1153 non
878 1115 977 1155 satis.
1038 1115 1110 1153 Sed
1139 1115 1179 1153 id
1205 1115 1374 1153 crebrius
1395 1115 1477 1153 fieri
1496 1129 1574 1154 non
1593 1126 1757 1169 oportet.

356 1181 537 1219 Primum
570 1181 677 1219 enim
706 1195 888 1220 numerus
909 1181 1127 1235 agnoscitur
1137 1200 1150 1228 3
1182 1182 1318 1220 deinde
1338 1181 1444 1220 satiat
1459 1201 1471 1227 3
1503 1182 1642 1235 postea,
1663 1197 1758 1238 cog-

355 1247 437 1285 nita
456 1246 654 1293 facilitate,
676 1249 954 1288 contemnitur.

361 1343 366 1345 -
408 1313 558 1352 LXIV.
591 1314 663 1352 Sed
683 1314 770 1352 sunt
800 1315 974 1353 clausulae
1004 1315 1147 1368 plures,
1179 1329 1264 1367 quae
1295 1315 1493 1354 numerose
1525 1323 1563 1353 et
1584 1316 1759 1367 jucunde

353 1380 503 1419 cadant.
536 1381 644 1419 Nam
664 1390 702 1418 et
721 1382 898 1427 creticus,
926 1382 994 1434 qui
1015 1382 1067 1420 est
1086 1395 1106 1420 e
1126 1382 1254 1434 longa,
1290 1390 1328 1420 et
1349 1382 1466 1426 brevi,
1488 1391 1526 1419 et
1544 1381 1661 1434 longa
1677 1401 1688 1427 3
1720 1392 1759 1421 et

352 1446 433 1498 ejus
455 1446 609 1498 aequalis
626 1460 749 1498 paeon,
768 1447 835 1499 qui
855 1447 976 1499 spatio
992 1460 1058 1500 par
1078 1447 1144 1491 est,
1159 1447 1301 1498 syllaba
1317 1447 1468 1499 longior
1476 1465 1487 1491 3
1505 1446 1624 1498 quam
1643 1460 1756 1485 com-

352 1512 569 1551 modiffime
588 1522 745 1565 putatur
764 1514 805 1551 in
825 1513 989 1551 solutam
1008 1514 1222 1551 orationem
1242 1513 1397 1565 illigari,
1419 1527 1511 1550 cum
1532 1513 1576 1551 fit
1595 1513 1756 1566 duplex.

350 1579 459 1618 Nam
479 1588 544 1617 aut
563 1592 583 1617 e
602 1579 717 1632 longa
737 1588 774 1617 et
794 1579 917 1618 tribus
938 1579 1132 1624 brevibus,
1150 1579 1219 1631 qui
1235 1591 1416 1617 numerus
1433 1579 1473 1616 in
1489 1579 1617 1632 primo
1637 1580 1754 1632 viget,

343 1646 447 1697 jacet
480 1647 520 1684 in
554 1655 726 1684 extremo
743 1665 754 1690 3
785 1656 851 1684 aut
877 1660 897 1684 e
933 1646 1097 1684 totidem
1133 1646 1313 1684 brevibus
1345 1655 1383 1683 et
1414 1646 1541 1698 longa,
1574 1646 1614 1683 in
1634 1660 1754 1698 quem

350 1713 498 1764 optime
517 1713 648 1750 cadere
669 1712 822 1751 censent
842 1721 983 1751 veteres
1007 1727 1015 1751 ε
1048 1726 1119 1765 ego
1138 1726 1216 1751 non
1245 1712 1357 1765 plane
1378 1712 1507 1765 rejicio
1523 1729 1535 1757 3
1567 1712 1629 1750 sed
1660 1713 1753 1752 alios

350 1786 554 1830 antepono.

405 1844 470 1882 Ne
504 1843 691 1896 spondeus
726 1844 885 1896 quidem
916 1843 1092 1882 funditus
1120 1844 1174 1882 est
1203 1844 1472 1897 repudiandus.
1519 1844 1613 1889 Etfi,
1646 1843 1751 1896 quod

348 1908 401 1946 est
434 1922 454 1946 e
487 1909 612 1961 longis
644 1909 804 1954 duabus,
835 1908 1010 1947 hebetior
1029 1908 1193 1955 videtur,
1223 1910 1448 1954 et'tardior‚
1479 1908 1595 1947 habet
1623 1919 1750 1948 tamen

348 1973 524 2012 stabilem
554 1975 763 2027 quendam,
794 1985 831 2012 et
850 1989 927 2013 non
948 1984 1145 2028 expertem
1175 1974 1372 2027 dignitatis
1403 1974 1593 2027 gradum:
1626 1974 1749 2012 inin-

348 2040 554 2079 cifionibus
575 2055 663 2079 vero
694 2041 821 2079 multo
841 2042 977 2094 magis,
1008 2050 1046 2079 et
1079 2041 1120 2079 in
1145 2041 1358 2079 membris:
1390 2040 1622 2093 paucitatem
1642 2041 1749 2079 enim

348 2106 493 2159 pedum
526 2108 720 2160 gravitatis
752 2107 825 2146 suae
858 2109 1032 2147 tarditate
1065 2108 1299 2161 compensat.
1360 2107 1431 2146 Sed
1467 2106 1537 2145 hos
1581 2120 1673 2145 cum
1708 2108 1747 2146 in

347 2172 524 2211 clausulis
546 2174 659 2226 pedes
680 2174 855 2219 nomino,
877 2188 955 2212 non
977 2174 1116 2226 loquor
1135 2174 1182 2212 de
1203 2188 1281 2213 uno
1300 2173 1395 2226 pede
1415 2182 1601 2212 extremo.
1660 2174 1746 2211 Ad·

341 2240 468 2292 jungo
490 2239 613 2292 (quod
647 2241 860 2279 minimum
880 2242 942 2294 s1t)
979 2241 1204 2294 proximum
1224 2241 1470 2295 superiorem,
1506 2241 1600 2293 saepe
1630 2241 1746 2278 etiam

348 2313 521 2343 ternum.
1461 2342 1467 2347 .

402 2370 466 2409 Ne
496 2371 647 2410 iambus
668 2371 840 2424 quidem,
877 2373 944 2424 qui
965 2373 1017 2411 est
1048 2387 1068 2410 e
1089 2373 1194 2411 brevi
1220 2382 1258 2410 et
1286 2373 1428 2426 longa3
1459 2381 1524 2410 aut
1551 2384 1617 2423 par
1646 2369 1743 2409 cho-

346 2449 422 2483 reo,
453 2437 522 2491 qui
551 2436 667 2477 habet
699 2448 772 2478 tres
807 2439 953 2486 breves,
985 2439 1045 2478 sed
1079 2439 1199 2493 spatio
1231 2453 1311 2492 par,
1343 2453 1421 2477 non
1455 2438 1605 2490 syllabis
1621 2455 1633 2483 3
1679 2446 1744 2477 aut

1265 2507 1302 2544 O
1324 2518 1346 2544 0
1366 2519 1388 2545 o
1420 2518 1441 2543 ι).
