2176 2912
537 203 862 243 LIBER
938 203 1368 244 PRIMUS.
1610 224 1660 264 59

249 300 439 352 scriptum
459 296 512 334 est
531 296 571 334 in
592 296 690 349 lege,
705 296 935 349 sequamini,
955 296 1051 350 quid
1066 296 1185 336 causae
1200 297 1267 343 est,
1282 298 1379 351 quin
1395 298 1511 339 istum
1528 313 1660 343 contra

254 365 380 417 legem
400 362 527 401 feciffe
541 362 726 414 judicetis
745 363 758 399 ?

305 428 589 481 Affumptionis
616 438 746 468 autem
776 429 1052 482 approbatione
1070 431 1275 483 praeterita,
1311 431 1587 485 quadripartita
1611 436 1660 473 sic

251 497 317 534 fiet
329 496 637 548 argumentati03
661 496 744 548 Qi
762 496 1022 549 saepenumero
1040 510 1107 535 nos
1124 511 1192 550 per
1204 497 1322 536 fidem
1339 497 1575 545 fefellerunt,
1593 515 1659 539 eo-

250 576 339 600 rum
359 561 524 600 orationi
543 561 663 600 fidem
682 560 822 600 habere
849 576 927 601 non
948 562 1151 601 debemus.
1200 563 1238 602 Si
1260 564 1355 616 quid
1375 565 1482 603 enim
1502 567 1661 619 perfidia

250 628 412 667 illorum
431 628 657 667 detrimenti
677 629 952 682 acceperimus,
985 643 1102 668 nemo
1122 630 1208 675 erit,
1232 640 1367 683 praeter
1389 633 1658 686 nosmetipsos,

250 709 370 748 quem
390 696 478 748 jure
508 695 680 734 accusare
701 696 905 749 poffimus.
952 697 1012 734 Ac
1043 698 1219 749 primum
1250 698 1412 750 quidem
1439 699 1566 753 decipi
1598 702 1661 738 in-‘

250 761 508 800 commodum
524 761 601 806 est3
624 762 781 807 iterum,
795 762 958 800 stultum
972 780 983 807 ;
1003 763 1177 808 tertium,
1193 773 1317 816 turpe.
1341 763 1660 817 Carthaginenses

249 836 380 866 autem
399 827 562 880 persaepe
575 828 660 879 jam
679 840 748 882 nos
769 826 1007 866 fefellerunt.
1040 830 1202 866 Summa
1221 829 1341 881 igitur
1359 831 1529 868 amentia
1547 831 1600 870 est
1619 832 1661 871 in

249 906 387 931 eorum
407 893 483 931 fide
504 893 611 946 spem
630 892 784 939 habere,
817 907 987 946 quorum
1007 894 1167 947 perfidia
1187 896 1301 934 toties
1322 896 1504 950 deceptus
1524 899 1584 937 fis.

304 960 482 1012 Utraque
501 960 777 1013 approbatione
796 961 1001 1014 praeterita,
1033 961 1222 1014 tripartita
1246 961 1304 1006 fit,
1326 961 1402 1001 hoc
1429 966 1539 1016 pasto
1551 984 1562 1009 3
1595 974 1660 1004 aut

249 1035 469 1065 metuamus
489 1026 807 1080 Carthaginenses
821 1036 986 1081 oportet,
1004 1027 1030 1065 fi
1050 1028 1268 1066 incolumes
1285 1042 1348 1067 eos
1366 1029 1657 1082 reliquerimus;

249 1102 316 1130 aut
333 1107 471 1131 eorum
491 1094 629 1132 urbem
657 1094 870 1132 diruamus.
915 1095 976 1132 Ac
1003 1104 1176 1133 mett-{ere
1197 1095 1358 1148 quidem
1385 1110 1464 1134 non
1485 1107 1656 1149 oportet:

250 1158 360 1196 restat
380 1160 513 1211 igitur,
537 1169 579 1197 ut
599 1160 737 1198 urbem
757 1161 970 1199 diruamus.

304 1224 396 1262 XL.
425 1226 524 1262 Sunt
544 1234 674 1262 autem
693 1226 761 1277 qui
793 1235 930 1278 putant
950 1241 1235 1281 nonnunquam
1259 1229 1361 1282 poffe
1387 1230 1660 1283 complexione

249 1299 288 1328 et
307 1299 482 1343 oportere
502 1291 745 1343 supersederi,
763 1306 860 1330 cum
881 1293 921 1331 id
941 1295 1187 1347 perspicuum
1208 1295 1266 1340 fit,
1299 1297 1404 1348 quod
1431 1297 1660 1336 conficiatur

249 1369 298 1394 ex
314 1357 618 1396 ratiocinatione.
653 1359 772 1410 Qod
788 1359 814 1396 fi
831 1358 910 1404 fiat,
934 1360 1157 1412 bipartitam
1177 1374 1333 1413 quoque
1350 1361 1431 1399 fieri
1448 1376 1658 1414 argumen-

249 1423 452 1468 tationem,
479 1422 559 1461 ¹hoc
580 1424 723 1468 modo3
756 1425 793 1463 Si
814 1426 974 1477 peperit,
1003 1426 1112 1478 virgo
1134 1440 1211 1464 non
1231 1427 1297 1465 est.
1336 1429 1491 1480 Peperit
1510 1439 1655 1468 autem.

248 1489 332 1527 Hic
362 1489 448 1527 satis
479 1489 550 1528 effe
581 1490 717 1528 dicunt
743 1505 955 1543 proponere
982 1502 1019 1529 et
1045 1491 1253 1530 affumere:
1292 1495 1479 1545 quoniam
1511 1495 1657 1548 perspi-

246 1568 371 1594 cuum
403 1556 461 1601 fit,
504 1556 609 1608 quod
633 1556 879 1602 conficiatur,
921 1558 1206 1610 complexionis
1242 1573 1324 1596 rem
1359 1574 1437 1597 non
1468 1560 1655 1613 indigere.

249 1620 378 1659 Nobis
399 1631 529 1660 autem
549 1622 701 1660 videtur
721 1632 759 1660 et
778 1624 906 1661 omnis
940 1625 1181 1662 ratiocinatio
1202 1625 1470 1663 concludenda
1498 1626 1594 1672 effe,
1620 1637 1659 1666 et

249 1686 348 1724 illud
367 1688 522 1732 vitium,
545 1689 650 1740 quod
672 1689 748 1727 illis
769 1689 958 1742 displicet,
981 1704 1214 1743 magnopere
1231 1691 1451 1737 vitandum,
1475 1706 1535 1737 ne,
1553 1694 1659 1745 quod

246 1753 495 1805 perspicuum
515 1755 574 1798 sit,
596 1755 637 1792 id
656 1755 697 1793 in
713 1755 1030 1808 complexionem
1050 1755 1276 1796 inferamus.

306 1819 398 1856 Hoc
424 1829 554 1858 autem
579 1819 661 1857 fieri
686 1822 844 1872 poterit,
875 1822 901 1859 fi
927 1823 1244 1874 complexionem
1267 1837 1406 1876 genera
1432 1825 1655 1878 intelligan-

250 1893 326 1922 tur.
350 1885 456 1923 Nam
472 1894 536 1923 aut
557 1886 608 1922 ita
625 1886 944 1938 complestmnur,
963 1897 1006 1924 ut
1027 1888 1065 1925 in
1089 1902 1212 1926 unum
1229 1890 1493 1928 conducamus
1511 1906 1655 1945 propo-

251 1950 427 1988 sitionem
453 1961 491 1989 et
520 1951 832 2004 assumptionem,
863 1952 938 1991 hoc
959 1954 1103 1998 modo;
1139 1956 1256 2006 Qod
1278 1956 1302 1993 fi
1324 1956 1426 2008 leges
1455 1972 1589 1996 omnes
1611 1960 1657 1997 ad

250 2017 461 2055 utilitatem
480 2018 702 2071 reipublicae
720 2018 851 2057 referri
875 2021 1069 2064 convenit,
1093 2019 1158 2058 hic
1185 2031 1314 2059 autem
1336 2022 1446 2060 saluti
1467 2025 1656 2076 reipubli—

247 2096 304 2120 cae
327 2083 488 2136 profuit,
521 2083 692 2136 profesto
716 2099 794 2123 non
824 2086 948 2138 potest
967 2087 1103 2124 eodem
1124 2086 1225 2125 fa&o
1255 2098 1293 2125 et
1320 2088 1430 2126 saluti
1451 2092 1655 2129 communi

247 2149 492 2195 consuluisse,
514 2159 552 2188 et
572 2150 723 2202 legibus
737 2164 815 2189 non
828 2151 1117 2204 obtemperasse.
1150 2155 1232 2191 Aut
1248 2154 1313 2198 ita,
1338 2163 1380 2192 ut
1400 2168 1447 2192 ex
1465 2157 1656 2194 contrario

251 2213 435 2252 sententia
461 2215 702 2261 conficiatur,
735 2215 810 2255 hoc
831 2218 976 2262 modo3
1010 2221 1169 2256 Summa
1190 2219 1310 2271 igitur
1331 2221 1498 2258 amentia
1531 2221 1584 2260 est
1616 2223 1654 2260 in

251 2293 386 2318 eorum
406 2281 481 2319 fide
498 2281 603 2334 spem
618 2281 771 2328 habere,
794 2297 962 2336 quorum
980 2284 1139 2336 perfidia
1159 2286 1271 2323 toties
1289 2286 1470 2338 deceptus
1491 2288 1550 2325 sis.
1574 2290 1656 2326 Aut

253 2346 318 2391 ita,
350 2357 392 2385 ut
419 2348 457 2386 id
478 2347 617 2392 solum,
653 2349 758 2401 quod
778 2349 998 2394 conficitur,
1032 2350 1230 2396 inferatur,
1262 2352 1308 2389 ad
1333 2351 1440 2390 hunc
1460 2354 1653 2398 modum3

254 2411 405 2450 Urbem
425 2414 545 2466 igitur
564 2414 776 2452 diruamus.
809 2416 891 2453 Aut
913 2425 955 2453 ut
976 2416 1028 2460 id,
1047 2417 1151 2468 quod
1168 2431 1251 2455 eam
1274 2432 1369 2463 rem,
1389 2433 1472 2470 quae
1492 2419 1655 2456 confici-

251 2486 327 2521 tur,
346 2477 522 2530 sequatur
541 2479 684 2518 neceffe
700 2480 766 2518 est.
800 2481 845 2517 Id
865 2481 917 2518 est
943 2479 1192 2533 hujusmodi;
1225 2483 1262 2520 Si
1279 2484 1439 2535 peperit,
1463 2498 1553 2521 cum
1576 2485 1656 2520 viro

249 2543 478 2583 concubuit.
526 2545 680 2599 Peperit
706 2556 851 2586 autem.
904 2547 1123 2587 Conficitur
1148 2545 1249 2594 h0c5
1283 2550 1509 2588 Concubuit
1539 2550 1658 2601 igitur

940 2613 983 2652 H
1016 2626 1037 2651 2
