2176 2912
420 213 760 256 LIBER
836 213 1426 255 SECUNDUS.
1562 229 1636 270 127

227 323 322 363 qens
352 309 398 347 de
417 309 549 361 aliquo
568 307 672 346 fama
691 320 783 346 cum
805 305 930 344 laude.
978 306 1173 359 Dignitas,
1208 307 1370 358 alicujus
1396 307 1566 356 honesta,
1597 319 1636 348 et

227 377 352 421 cultu,
383 384 421 413 et
452 374 614 419 honore,
654 382 693 411 et
727 371 956 411 verecundia
986 373 1103 425 digna
1133 374 1350 413 auctoritas.
1383 376 1632 428 Amplitudo,

227 442 423 495 potentiae,
454 450 520 479 aut
540 441 759 493 majestatis,
792 447 857 477 aut
877 439 1094 492 aliquarum
1126 441 1328 493 copiarum
1349 455 1490 494 magna
1508 443 1634 480 abun-

228 507 369 545 dantia.
401 507 604 551 Amicitia,
637 506 813 544 voluntas
834 518 923 557 erga
943 505 1114 557 aliquem
1141 520 1270 544 rerum
1291 507 1497 562 bonarum,
1528 509 1634 547 illius

227 573 343 626 ipfius
359 573 480 618 causa,
503 586 622 627 quem
643 572 786 625 diligit,
809 584 903 609 cum
922 572 1003 623 ejus
1024 572 1105 624 pari
1126 572 1337 610 voluntate.

282 640 378 684 Hic,
411 640 502 692 quia
520 639 568 677 de
586 639 768 677 civilibus
788 637 906 675 causis
928 637 1142 690 loquimur,
1174 637 1320 676 fructus
1353 639 1399 676 ad
1420 639 1635 678 amicitiam

228 705 463 759 adjugimus,
496 715 538 743 ut
558 719 694 743 eorum
715 717 872 757 quoque
903 704 1012 741 causa
1042 705 1206 757 petenda
1235 705 1433 744 videatur:
1466 720 1516 744 ne
1534 705 1635 744 forte

229 772 296 823 qui
318 785 386 809 nos
407 772 453 809 de
472 771 583 809 omni
603 770 774 808 amicitia
805 770 930 807 dicere
960 770 1193 816 existimant,
1226 770 1501 823 reprehendere
1531 772 1634 810 inci-

227 838 349 890 piant.
397 839 634 890 Qanquam
661 837 749 874 sunt
770 836 838 888 qui
864 845 1020 888 propter
1041 837 1251 876 utilitatem
1278 838 1396 875 modo
1427 839 1635 891 petendam

227 913 366 956 putant
386 904 599 942 amicitiam
618 918 626 941 :
659 902 747 941 sunt
767 902 835 954 qui
863 912 1020 954 propter
1040 903 1076 940 se
1097 903 1222 941 solum
1239 919 1246 942 :
1280 903 1367 942 sunt
1387 906 1455 957 qui
1478 915 1634 958 propter

227 970 277 1014 se,
295 979 333 1007 et
347 971 570 1008 utilitatem.
604 970 787 1021 Qorum
808 969 903 1021 quid
923 969 1113 1007 veriffime
1126 970 1395 1016 constituatur,
1412 972 1508 1009 alius
1525 972 1634 1010 locus

228 1036 301 1074 erit
319 1037 592 1075 confiderandi.
631 1037 753 1075 Nunc
773 1035 848 1074 hoc
869 1035 919 1073 fic
940 1035 986 1072 ad
1007 1035 1118 1074 usum
1139 1037 1351 1075 oratorium
1377 1037 1631 1090 relinquatur,

228 1112 433 1155 utramque
452 1117 608 1157 propter
628 1118 709 1141 rem
729 1103 944 1141 amicitiam
968 1102 1038 1140 effe
1057 1104 1326 1156 expetendam.

284 1170 561 1207 Amicitiarum
583 1179 713 1207 autem
745 1170 856 1214 ratio,
886 1169 1073 1221 quoniam
1100 1170 1241 1222 partim
1272 1170 1359 1209 sunt
1380 1170 1632 1223 religionibus

224 1236 381 1287 junctae,
417 1236 557 1288 partim
580 1249 656 1273 non
692 1235 802 1280 sunt;
835 1244 873 1272 et
902 1236 992 1288 quia
1020 1237 1163 1288 partim
1183 1246 1326 1274 veteres
1357 1236 1458 1281 sunt,
1490 1238 1634 1290 partim

230 1315 350 1347 novae,
382 1303 523 1354 partim
542 1302 588 1340 ab
624 1302 797 1346 illorum,
833 1303 975 1354 partim
1007 1302 1053 1340 ab
1075 1303 1202 1341 nostro
1229 1303 1418 1341 beneficio
1437 1303 1631 1356 profectae,

227 1369 370 1421 partim
391 1368 578 1414 utiliores,
595 1369 735 1421 partim
753 1368 882 1406 minus
904 1368 1016 1406 utiles
1031 1387 1041 1413 ς
1074 1382 1121 1406 ex
1142 1369 1340 1406 causarum
1361 1369 1631 1421 dignitatibus,

228 1447 276 1472 ex
301 1444 523 1487 temporum
544 1435 914 1487 opportunitatibUS,
945 1448 991 1472 ex
1025 1435 1179 1480 officiis,
1210 1448 1256 1473 ex
1283 1436 1550 1488 religionibus,
1585 1450 1633 1475 ex

229 1500 493 1545 vetustatibus,
522 1499 742 1538 habebitur.

289 1568 398 1606 LVI.
431 1568 590 1606 Utilitas
607 1577 737 1605 autem
753 1576 819 1604 aut
838 1567 878 1604 in
897 1580 1054 1619 corpore
1074 1568 1192 1620 posita
1209 1568 1274 1612 est,
1294 1578 1358 1606 aut
1379 1569 1417 1606 in
1444 1571 1632 1608 extraneis

229 1635 341 1672 rebus
358 1650 365 1672 :
389 1649 552 1687 quarum
570 1644 695 1672 tamen
711 1648 838 1672 rerum
853 1634 980 1672 multo
997 1635 1167 1672 maxima
1179 1649 1262 1688 pars
1276 1635 1321 1673 ad
1335 1637 1505 1687 corporis
1519 1650 1632 1675 com-

231 1701 394 1738 modum
414 1701 627 1739 revertitur.
662 1703 718 1739 Ut
738 1701 778 1738 in
795 1700 990 1752 republica
1011 1701 1187 1752 quaedam
1203 1701 1303 1746 sunt,
1322 1715 1406 1753 quae
1426 1703 1486 1753 (ut
1504 1702 1552 1740 sic
1569 1703 1630 1740 di-

230 1768 332 1818 cam)
348 1767 393 1805 ad
406 1780 542 1819 corpus
556 1768 747 1820 pertinent
759 1767 937 1811 civitatis,
960 1776 1002 1804 ut
1020 1768 1114 1818 agri,
1133 1778 1278 1819 portus,
1297 1769 1472 1820 pecunia,
1488 1768 1630 1814 claffes,

230 1842 366 1876 nautae,
389 1832 546 1876 milites,
570 1832 684 1876 socii,
707 1832 848 1883 quibus
870 1832 979 1869 rebus
1001 1831 1327 1877 incolumitatem,
1350 1847 1391 1870 ac
1413 1833 1631 1873 libertatern

231 1897 396 1935 retinent
423 1898 617 1935 civitates:
651 1897 722 1934 alia
741 1911 841 1941 vero,
873 1911 956 1948 quae
972 1898 1054 1948 jam
1087 1899 1271 1950 quiddam
1293 1900 1415 1951 magis
1437 1901 1629 1952 amplum,

230 1973 268 2001 et
289 1965 418 2002 minus
440 1964 686 2002 necessarium
708 1963 937 2008 conficiunt,
969 1973 1011 2000 ut
1032 1965 1138 2002 urbis
1159 1967 1310 2017 egregia
1328 1968 1538 2011 exornatio,
1571 1977 1628 2005 at-

228 2042 304 2080 que
353 2030 581 2082 amplitudo,
631 2039 674 2066 ut
723 2030 898 2080 quaedam
939 2030 1130 2067 excellens
1176 2031 1348 2082 pecuniae
1386 2032 1629 2083 magnitudo,

230 2095 488 2133 amicitiarum
511 2109 552 2133 ac
574 2095 796 2133 societatum
829 2095 1067 2140 multitudo,
1099 2096 1241 2147 quibus
1277 2097 1388 2134 rebus
1422 2111 1499 2135 non
1531 2098 1630 2136 illud

232 2161 353 2199 solum
373 2161 590 2206 conficitur,
623 2172 666 2199 ut
686 2161 792 2199 salvae
824 2171 862 2199 et
882 2162 1112 2207 incolumes,
1144 2176 1274 2200 verum
1306 2163 1435 2208 etiam,
1468 2174 1510 2201 ut
1543 2177 1628 2202 am-

232 2227 303 2278 plae
324 2237 436 2279 atque
457 2237 628 2279 potentes
650 2227 722 2265 fint
742 2228 928 2265 civitates.
976 2229 1104 2280 Qare
1125 2228 1301 2265 utilitatis
1323 2228 1406 2266 duae
1428 2238 1549 2281 partes
1570 2230 1629 2267 vi-

232 2293 368 2330 dentur
386 2293 471 2337 effe,
494 2293 753 2338 incolumitas,
775 2303 813 2331 et
831 2294 1016 2346 potentia.
1054 2294 1305 2332 Incolumitas
1327 2295 1378 2332 est
1400 2294 1527 2332 salutis
1548 2305 1629 2333 tuta

232 2370 344 2411 atque
372 2360 517 2411 integra
544 2360 788 2398 conservatio.
840 2361 1017 2400 Potentia
1045 2361 1097 2398 est
1129 2361 1173 2398 ad
1204 2361 1265 2399 sua
1296 2362 1559 2407 conservanda,
1591 2371 1629 2399 ct

231 2425 385 2462 alterius
405 2425 626 2470 obtinenda,
657 2426 880 2464 idonearum
900 2441 1027 2464 rerum
1047 2426 1223 2464 facultas,
1262 2429 1392 2478 Atque
1412 2427 1451 2464 in
1472 2428 1518 2464 iis
1539 2441 1627 2466 om-

232 2491 360 2535 nibus,
383 2504 467 2542 quae
486 2500 572 2529 ante
588 2492 687 2528 dic‘ta
700 2492 798 2537 sunt,
813 2492 908 2544 quid
929 2493 1135 2530 difficulter
1156 2492 1235 2530 fieri
1257 2502 1294 2529 et
1310 2492 1404 2543 quid
1418 2492 1528 2529 facilc
1548 2492 1626 2529 fieri

229 2557 355 2611 poffit,
387 2566 536 2610 oportet
557 2557 800 2597 considerare.
861 2559 989 2597 Facile
1020 2559 1057 2597 id
1090 2559 1170 2596 fieri
1202 2550 1383 2601 dicimus,
1415 2558 1518 2609 quod
1550 2558 1627 2595 sine
