2176 2912
669 180 1333 221 ORATORUM.
1691 193 1768 233 543

355 275 502 316 solertia
516 275 732 328 judicandi.
791 275 856 313 Sin
876 283 1006 312 autem
1026 272 1325 325 intelligentiam
1345 281 1496 326 ponunt
1525 273 1565 311 in
1586 274 1767 312 audiendi

354 343 518 387 fastidio,
541 355 665 393 neque
685 354 748 378 eos
770 341 985 392 quidquam
1006 339 1201 378 excelsum
1222 339 1554 392 magnificumque
1575 340 1734 378 delectat
1749 358 1761 384 3

355 409 486 447 dicant
520 408 555 445 se
589 408 729 445 subtile
760 406 947 458 quiddam
967 415 1005 444 et
1025 406 1195 459 politum
1229 405 1341 451 velle,
1373 420 1484 459 grave
1505 416 1765 458 ornatumque

356 483 629 514 contemnere:
662 474 701 511 id
737 487 824 511 vero
845 473 1016 511 desinant
1050 473 1189 517 dicere,
1211 472 1279 524 qui
1310 472 1500 511 subtiliter
1520 474 1669 517 dicunt,
1701 487 1768 511 eos

358 540 454 579 solos
475 541 606 578 Attice
624 540 763 584 dicere,
794 539 835 577 id
854 539 920 584 est,
957 539 1059 591 quafi
1081 540 1189 583 ficee,
1211 546 1249 575 et
1269 537 1429 590 integre.
1489 540 1544 576 At
1574 539 1599 576 s1
1620 540 1763 591 ample,

356 616 395 645 et
432 616 577 652 ornate,
614 616 651 644 et
681 605 834 659 copiose
864 619 957 644 cum
991 605 1125 643 eadem
1157 605 1388 656 integritate,
1430 605 1656 642 Atticorum
1686 605 1766 649 est,

357 674 484 726 quid?
516 674 682 711 dubium
713 672 780 717 est,
812 670 945 710 utrum
980 672 1193 710 orationem
1224 671 1390 709 nostram
1412 671 1652 709 tolerabilem
1679 680 1768 708 tan-

358 749 459 785 tum,
477 753 524 778 an
545 740 662 777 etiam
683 739 966 783 admirabilem,
988 738 1058 776 effe
1073 738 1275 790 cupiamus
1294 738 1307 774 ?
1331 738 1425 776 Non
1439 738 1544 775 enim
1558 738 1641 789 jam
1659 751 1766 789 quae-

359 807 495 851 rimus,
518 807 614 858 quid
634 806 679 844 fit
698 806 844 850 Attice,
874 805 936 843 sed
957 805 1051 857 quid
1079 805 1122 842 sit
1143 805 1304 857 optime,
1335 804 1472 842 dicere.
1519 805 1581 842 Ex
1602 818 1681 856 quo
1703 805 1772 842 in-

358 873 561 925 telligitur,
595 873 799 924 (quoniam
830 873 1060 910 Graecorum
1080 880 1275 908 oratorum
1296 870 1587 923 praestantisfimi
1619 871 1705 908 sunt
1725 872 1767 915 ii,

359 939 430 991 qui
450 937 812 983 fueruntAtheni35
835 952 969 976 eorum
990 947 1119 975 autem
1140 938 1318 989 princeps
1335 936 1446 975 facile
1460 936 1740 976 Demosthenes
1754 956 1768 982 5

359 1004 467 1044 hunc
488 1006 513 1044 fi
535 1006 621 1058 quis
643 1005 831 1050 imitetur,
863 1018 953 1042 eum
981 1014 1018 1042 et
1038 1004 1170 1042 Attice
1197 1004 1406 1048 dicturum,
1428 1012 1465 1040 et
1482 1004 1676 1056 optime-5)
1710 1014 1766 1048 ut,

361 1072 548 1124 quoniam
569 1071 694 1109 Attici
716 1071 827 1108 nobis
847 1070 1031 1124 propositi
1050 1070 1137 1108 sunt
1164 1070 1210 1108 ad
1230 1070 1481 1115 imitandum,
1511 1070 1607 1108 bene
1629 1070 1774 1115 dicere,

361 1138 402 1176 id
422 1138 467 1176 fit
488 1137 621 1175 Attice
639 1137 778 1175 dicere.

418 1204 470 1242 V.
504 1204 575 1242 Sed
603 1217 695 1241 cum
716 1204 755 1241 in
779 1217 823 1242 eo
844 1216 1006 1255 magnus
1032 1216 1135 1241 error
1155 1202 1256 1247 esset,
1288 1201 1400 1254 quale
1435 1201 1522 1240 effet
1553 1202 1592 1240 id
1614 1202 1774 1240 dicendi

362 1285 497 1324 genus,
542 1271 673 1324 putavi
716 1270 817 1308 mihi
850 1270 1135 1323 suscipiendum
1174 1270 1362 1315 laborem,
1410 1270 1548 1307 utilem
1583 1269 1773 1314 studiofis,

363 1337 465 1376 mihi
485 1338 644 1390 quidem
665 1337 733 1390 ipsi
765 1350 843 1374 non
873 1336 1136 1374 necessarium.
1197 1336 1383 1374 Converti·
1402 1337 1509 1373 enim
1542 1350 1589 1373 ex
1609 1336 1772 1379 Atticis,

365 1404 533 1442 duorum
563 1403 961 1455 eloquentissimorum
989 1401 1240 1440 nobilissimas
1271 1402 1458 1439 orationes
1480 1402 1578 1439 inter
1605 1401 1639 1438 se
1673 1414 1770 1439 con-

365 1470 508 1514 trarias,
540 1468 749 1513 AEschinis,
782 1467 1158 1519 Demosthenisque:
1192 1481 1261 1505 nec
1293 1467 1463 1505 converti
1495 1477 1537 1504 ut
1570 1467 1770 1519 interpres,

365 1535 429 1574 sed
461 1545 503 1573 ut
537 1544 676 1579 orator,
718 1534 913 1572 sententiis
948 1533 1097 1578 iisdem,
1142 1543 1182 1571 et
1222 1546 1354 1570 earum
1392 1531 1544 1577 formis,
1586 1541 1772 1584 tanquam

365 1601 514 1655 figuris,
550 1601 673 1640 verbis
709 1600 753 1638 ad
774 1600 940 1638 nostram
961 1599 1280 1637 consuetudinem
1304 1599 1401 1652 aptis
1418 1627 1428 1643 ,
1461 1599 1501 1636 in
1532 1598 1673 1651 quibus
1694 1613 1775 1637 non>

364 1668 527 1706 verbum
564 1680 634 1719 pro
668 1666 784 1704 verbo
818 1665 959 1704 neceffe
994 1664 1113 1703 habui
1148 1665 1313 1709 reddere,
1346 1664 1409 1701 sed
1437 1677 1557 1717 genus
1591 1666 1772 1702 omnium

367 1734 587 1777 verborum,
619 1733 779 1784 vimque
800 1732 952 1769 servavi.
1012 1732 1109 1769 Non¹
1128 1731 1233 1769 enim
1254 1744 1296 1768 ea
1325 1743 1388 1768 me
1408 1743 1656 1768 annumerare
1690 1730 1775 1768 lec-

366 1800 441 1838 tori
460 1800 592 1852 putavi
613 1808 799 1851 oportere,
822 1797 884 1835 sed
904 1807 1089 1849 tanquam
1105 1797 1332 1850 appendere.

423 1866 506 1904 Hic
533 1865 640 1903 labor
659 1877 768 1902 meus
790 1863 1014 1916 assequetur,
1050 1872 1094 1901 ut
1124 1863 1240 1901 nostri
1270 1862 1466 1908 homines,
1501 1862 1597 1915 quid
1627 1862 1673 1900 ab
1695 1862 1772 1900 illis

369 1933 539 1984 exigant,
572 1931 639 1983 qui
673 1930 708 1967 se
729 1931 882 1968 Atticos
914 1929 1063 1975 volunt,
1093 1938 1131 1967 et
1150 1929 1197 1967 ad
1217 1943 1334 1981 quam
1354 1943 1417 1967 eos
1438 1929 1541 1981 quas1
1561 1928 1772 1966 formulam

370 1999 524 2037 dicendi
546 2006 736 2041 revocent,
768 1995 999 2048 intelligant.
1060 1995 1132 2033 Sed
1151 1996 1344 2033 exorietur
1363 1994 1630 2046 Thucydides.
1677 1995 1773 2046 Ejus

369 2065 476 2103 enim
510 2063 670 2117 quidam
701 2063 961 2115 eloquentiam
981 2062 1230 2099 admirantur.
1292 2062 1336 2099 Id
1367 2062 1527 2113 quidem
1556 2062 1678 2105 redte5
1711 2060 1774 2098 scd

370 2129 469 2168 nihil
491 2130 536 2168 ad
556 2143 646 2167 eum
667 2138 872 2172 oratorem,
903 2141 1021 2180 quem
1042 2127 1263 2180 quaerimus.
1307 2127 1428 2164 Aliud
1449 2127 1501 2164 est
1520 2127 1626 2164 enim
1646 2125 1772 2178 expli-

371 2210 454 2234 care
475 2210 532 2234 res
551 2195 670 2248 gestas
690 2194 887 2238 narrando,
903 2194 1006 2232 aliud
1022 2193 1325 2246 argumentando
1345 2193 1556 2238 criminari,
1577 2193 1774 2230 crimenve

372 2261 566 2299 diffolvere
582 2280 594 2306 ς
626 2260 731 2298 aliud
761 2261 974 2298 narratione
1005 2269 1131 2297 tenere
1166 2259 1393 2303 auditorem,
1430 2259 1533 2296 aliud
1568 2258 1771 2296 concitare.

374 2330 428 2365 At
447 2327 621 2379 loquitur
639 2325 815 2379 pulchre.
853 2327 967 2364 Num
988 2326 1140 2370 melius,
1159 2339 1276 2377 quam
1298 2325 1406 2363 Plato
1424 2326 1437 2362 ?
1470 2323 1625 2363 Necesse
1646 2332 1776 2360 tamen.

374 2392 427 2430 est
447 2392 599 2437 oratori,
635 2404 751 2443 quem
772 2392 994 2443 quaerimus,
1030 2391 1298 2428 controversias
1319 2391 1507 2443 explicare
1528 2387 1689 2426 forenses
1711 2387 1772 2423 di-

375 2458 488 2496 cendi
506 2470 643 2510 genere
662 2466 751 2510 apto
770 2456 816 2495 ad
836 2457 1073 2502 docendum,
1101 2456 1147 2494 ad
1167 2455 1448 2501 delectandum,
1477 2454 1521 2492 ad
1541 2465 1778 2508 permoven-

375 2525 488 2564 dum.
