2176 2912
401 265 452 317 98
647 268 1546 312 DEINVENTIONE

401 358 496 396 sicut
526 357 565 396 in
586 358 656 398 hac
677 362 783 399 causa
815 363 922 414 (nam
944 364 1143 415 majestatis
1164 364 1385 417 arceffitur‚)
1417 365 1638 405 definitione
1668 374 1705 404 et
1731 365 1802 404 de«

401 423 588 462 finitionis
605 428 800 480 praeceptis
822 429 877 465 uti
894 439 1055 480 oportet.

459 491 589 529 XXV.
622 494 753 544 Atque
773 492 853 531 haec
874 494 1032 546 quidem
1052 495 1278 548 plerumque
1299 497 1337 534 in
1361 495 1435 535 hoc
1455 510 1589 550 genere
1610 497 1800 541 incidunt,

403 563 446 592 ut
466 556 681 606 conjetftura
700 567 736 595 et
761 558 981 596 definitione
1001 560 1189 598 utendum
1211 561 1267 598 fit.
1328 562 1392 599 Sin
1424 562 1527 600 aliud
1548 575 1701 614 quoque
1728 561 1801 598 ali·

403 620 508 671 quod
527 635 645 672 genus
667 623 822 668 incidet,
844 625 923 675 ejus
943 626 1090 676 generis
1110 635 1295 678 praecepta
1315 626 1447 664 licebit
1466 626 1544 664 huc
1564 628 1643 679 pari
1659 628 1801 664 ratione

402 686 614 725 transferre.
674 689 780 726 Nam
800 689 1004 727 accusatori
1023 691 1192 728 maxime
1212 692 1262 729 est
1284 692 1323 728 in
1343 690 1417 730 hoc
1439 693 1725 736 elaborandum,
1759 700 1801 729 ut

404 751 443 788 id
464 752 589 804 ipsum
615 752 774 798 factum,
807 764 959 806 propter
979 756 1081 807 quod
1102 756 1171 793 fibi
1203 769 1285 793 reus
1306 757 1466 794 concedi
1486 767 1594 809 putat
1614 766 1801 810 oportere,

404 830 520 868 quam
541 818 719 870 plurimis
740 819 909 857 infirmet
929 820 1161 858 rationibus:
1185 821 1289 873 quod
1309 821 1420 860 facile
1439 822 1504 866 est,
1527 822 1552 860 fi
1574 837 1690 875 quam
1710 822 1802 875 plu-

403 883 512 920 rimis
532 885 868 922 constitutionibus
888 886 1126 938 aggrediatur
1142 887 1182 924 id
1201 888 1428 940 improbare.

460 948 542 1000 Ipsa
561 959 689 987 autem
709 952 943 1003 comparatio
964 951 1124 1004 separata
1143 966 1163 990 a
1182 953 1324 991 caeteris
1357 954 1560 1006 generibus
1580 961 1803 992 controver-

405 1012 541 1052 siarum
562 1015 611 1052 fic
642 1029 688 1053 ex
709 1016 770 1053 sua
788 1017 825 1053 vi
845 1016 1152 1063 considerabitur,
1189 1018 1214 1055 fi
1236 1019 1347 1064 illud,
1381 1019 1484 1071 quod
1504 1019 1801 1071 comparabitur,

405 1088 469 1116 aut
489 1093 565 1118 non
587 1079 803 1126 honestum,
833 1092 897 1120 aut
917 1096 993 1120 non
1014 1084 1122 1128 utile,
1151 1093 1214 1122 aut
1235 1098 1310 1122 non
1332 1085 1575 1123 necessarium
1595 1084 1717 1129 fuiffe,
1739 1092 1805 1122 aut

403 1152 481 1177 non
504 1150 696 1194 tantopere
717 1143 823 1187 utile,
854 1153 918 1181 aut
939 1157 1014 1181 non
1036 1154 1227 1198 tantopere
1246 1144 1463 1190 honestum,
1493 1156 1557 1184 aut
1577 1159 1654 1184 non
1674 1154 1804 1183 tanto-

404 1218 491 1257 pere
512 1207 754 1245 neceffarium
776 1208 897 1253 fuiffe,
919 1209 1251 1249 demonstrabitur.
1303 1211 1453 1249 Deinde
1482 1220 1631 1262 oportet
1651 1209 1804 1247 accusa-

405 1279 528 1308 torem
548 1272 660 1317 illud,
692 1274 795 1324 quod
815 1274 892 1326 ipse
925 1285 1068 1327 arguat,
1099 1276 1146 1313 ab
1176 1290 1233 1320 eo,
1265 1276 1368 1328 quod
1397 1275 1568 1313 defensor
1592 1283 1803 1328 comparat,

405 1335 582 1388 separare.
614 1339 659 1375 Id
679 1348 809 1377 autem
827 1339 954 1384 faciet,
976 1341 1001 1378 fi
1022 1340 1295 1379 demonstrabit
1315 1354 1391 1379 non
1411 1342 1464 1379 ita
1482 1340 1562 1379 fieri
1583 1340 1712 1385 solere,
1735 1354 1804 1378 ne-

404 1414 480 1453 que
499 1412 686 1454 oportere,
718 1418 841 1456 neque
872 1405 943 1442 effe
976 1406 1175 1452 rationem,
1207 1421 1321 1459 quare
1350 1406 1425 1445 hoc
1447 1416 1600 1459 propter
1619 1405 1694 1444 hoc
1722 1405 1803 1451 fiat,

405 1477 448 1505 ut
469 1478 622 1520 propter
642 1469 801 1508 salutem
822 1471 996 1509 militum
1012 1485 1067 1517 ea,
1087 1486 1171 1525 quae
1192 1473 1318 1511 salutis
1339 1473 1447 1510 causa
1465 1481 1683 1525 comparata
1701 1471 1802 1516 sunt,

405 1531 577 1571 hostibus
610 1535 817 1573 tradantur.
877 1536 1007 1574 Postea
1031 1551 1246 1589 comparare
1275 1538 1466 1590 oportebit
1492 1551 1584 1575 curn
1615 1536 1803 1574 beneficio

407 1599 658 1644 maleficium,
688 1610 725 1638 et
744 1602 905 1639 omnino
934 1602 972 1639 id
999 1604 1103 1654 quod
1132 1605 1315 1655 arguitur,
1344 1617 1436 1641 cum
1466 1617 1510 1641 eo
1533 1603 1637 1655 quod
1657 1601 1803 1640 factum

406 1665 453 1702 ab
485 1665 676 1704 defensore
706 1666 892 1711 laudatur,
922 1677 987 1705 aut
1016 1667 1236 1707 faciendum
1260 1669 1367 1707 fuiffe
1387 1669 1677 1714 demonstratur,
1708 1682 1804 1706 con-

407 1731 573 1776 tendere,
604 1741 641 1769 et
671 1731 746 1770 hoc
773 1734 1011 1772 extenuando
1031 1734 1212 1772 maleficii
1246 1735 1555 1787 magnitudinem
1587 1735 1698 1773 simul
1734 1735 1803 1772 ad-

406 1810 554 1849 augere.
588 1798 631 1835 Id
652 1798 733 1835 fieri
753 1800 907 1850 poterit,
929 1799 954 1836 fi
971 1799 1302 1845 demonstrabitur,
1326 1800 1532 1846 honestius,
1552 1802 1700 1846 utilius,
1719 1814 1804 1839 ma-

407 1863 464 1914 gis
498 1863 739 1901 necessarium
760 1863 869 1902 fuiffe
888 1865 985 1903 illud
1011 1867 1114 1918 quod
1144 1867 1270 1904 vitarit
1301 1880 1400 1911 reus,
1432 1881 1548 1919 quam
1583 1867 1681 1905 illud
1702 1865 1805 1918 quod

408 1925 570 1981 fecerit.v
587 1929 752 1966 Honesti
772 1939 914 1974 autem,
929 1940 965 1968 et
987 1931 1108 1976 utilis,
1130 1940 1167 1969 et
1184 1931 1371 1969 necessarii
1391 1932 1447 1969 vis
1474 1941 1511 1970 et
1528 1942 1658 1970 natura
1673 1932 1712 1970 in
1737 1931 1804 1970 de-

409 1992 640 2031 liberationis
661 1995 857 2046 praeceptis
874 1995 1133 2047 cognoscetur.
1178 1997 1329 2034 Deinde
1348 1998 1540 2049 oportebit
1556 1998 1674 2049 ipsam
1696 1997 1806 2035 illam

407 2060 704 2110 comparativam
732 2060 1013 2111 judicationem
1034 2075 1232 2113 exponere,
1264 2071 1447 2113 tanquam
1479 2062 1627 2099 causam
1655 2061 1803 2099 delibe-

408 2125 579 2169 rativam,
611 2136 646 2163 et
668 2126 713 2162 de
733 2140 773 2163 ea
788 2140 833 2164 ex
854 2127 1134 2164 deliberationis
1155 2127 1351 2179 praeceptis
1369 2127 1544 2178 deinceps
1565 2127 1701 2164 dicere.
1749 2127 1805 2165 Sit

407 2191 511 2227 enim
533 2190 613 2228 haec
629 2192 827 2243 judicatio,
851 2205 968 2244 quam
989 2202 1073 2229 ante
1093 2192 1352 2245 exposuimus,
1371 2194 1474 2230 Cum
1496 2206 1629 2230 omnes
1646 2193 1804 2245 perituri

408 2256 549 2293 milites
571 2256 697 2302 effent,
717 2257 783 2294 nisi
805 2258 849 2294 ad
870 2257 968 2294 hanc
986 2259 1201 2310 pactionem
1219 2258 1413 2302 veniffent,
1433 2267 1563 2295 utrum
1585 2258 1697 2295 satius
1718 2257 1803 2295 fue-

409 2322 456 2358 rit
478 2322 596 2373 perire
613 2323 769 2367 milites,
789 2337 834 2360 an
852 2323 896 2360 ad
914 2322 1012 2360 hanc
1030 2324 1243 2375 pactionem
1266 2324 1405 2361 venire.
1445 2324 1535 2361 Hoc
1555 2337 1601 2362 ex
1621 2324 1716 2361 locis
1737 2324 1804 2361 de-

408 2387 652 2431 liberationis,
685 2388 785 2439 quafi
807 2389 974 2440 aliquam
1006 2388 1045 2425 in
1078 2388 1394 2426 consultationem
1416 2401 1472 2426 res
1492 2389 1628 2433 veniat,
1659 2389 1804 2426 tractari

407 2452 611 2504 oportebit.

461 2517 611 2555 XXVI.
645 2516 829 2555 Defensor
859 2529 1000 2564 autem,
1043 2518 1182 2571 quibus
1214 2519 1253 2556 in
1285 2518 1378 2557 locis
1410 2520 1456 2557 ab
1483 2519 1692 2558 accusatore
1723 2519 1805 2557 aliae
