2176 2912
511 170 830 211 LIBER
905 144 1481 215 SECUNDUS.
1628 192 1701 231 199

358 266 439 304 Hic
458 265 702 318 posteaquam
722 262 936 308 arriserunt,
968 263 1045 302 Res
1064 263 1166 302 mihi
1185 265 1336 304 videtur
1355 267 1438 313 effe,
1467 269 1607 320 inquit,
1640 271 1699 309 fa-

301 332 444 370 cultate
473 329 663 383 praeclara,
705 339 782 367 arte
811 329 1030 368 mediocris.
1081 331 1156 368 Ars
1187 331 1293 369 enim
1323 345 1453 371 earum
1483 348 1610 373 rerum
1630 337 1698 383 est,

300 411 384 449 quae
400 397 585 434 sciuntur.
619 396 791 434 Oratoris
807 405 936 433 autem
949 396 1076 433 omnis
1089 396 1187 434 actio
1201 397 1463 450 opinionibus,
1481 413 1559 437 non
1575 401 1698 440 scien-

300 463 364 507 tia,
386 462 619 501 continetur.
666 462 774 500 Nam
794 471 831 500 et
851 462 951 514 apud
971 475 1033 500 eos
1060 462 1242 508 dicimus,
1274 464 1342 516 qui
1373 464 1546 503 nesciunt
1560 485 1570 510 5
1602 477 1639 505 et
1657 482 1700 506 ea

299 528 481 573 dicimus,
513 542 598 580 quae
618 527 807 567 nescimus
830 528 912 580 ipfi.
963 529 1097 580 Itaque
1127 538 1165 566 et
1184 529 1243 566 illi
1264 530 1355 568 alias
1374 531 1479 568 aliud
1499 532 1633 571 iisdem
1653 534 1700 573 de

300 595 411 634 rebus
432 604 470 632 et
500 594 682 640 sentiunt,
718 603 755 632 et
769 595 945 646 judicant
960 613 972 640 3
1003 604 1043 632 et
1062 607 1131 633 nos
1150 597 1355 634 contrarias
1377 596 1471 650 saepe
1491 599 1617 636 causas
1637 599 1699 638 di-

299 661 449 705 cimus,
483 674 560 698 non
582 660 700 698 modo
720 670 763 698 ut
785 660 933 698 Craffus
954 670 1087 698 contra
1101 675 1165 699 me
1184 662 1286 700 dicat
1300 662 1521 715 aliquande,
1542 674 1608 703 aut
1625 679 1699 718 ego

298 737 430 765 contra
451 727 638 771 Craffum,
654 741 745 765 cum
766 727 938 765 alterutri
953 727 1095 766 neceffe
1110 728 1154 766 fit
1174 727 1313 767 falsum
1329 729 1477 774 dicere;
1501 730 1562 768 sed
1579 732 1698 771 etiam

300 807 341 831 ut
363 803 521 845 uterque
554 793 726 833 nostrum
746 794 878 845 eadem
909 793 956 831 de
976 807 1014 832 re
1044 794 1133 832 alias
1153 795 1257 832 aliud
1277 794 1469 841 defendat,
1497 810 1589 835 cum
1608 798 1698 851 plus

299 873 376 897 uno
398 873 530 897 verum
551 859 620 897 effe
641 873 717 897 non
737 859 862 912 poffit.
909 860 966 897 Ut
986 860 1106 911 igitur
1125 861 1165 898 in
1185 861 1373 913 ejusmodi
1396 876 1449 907 re,
1477 877 1562 915 quae
1583 878 1698 903 rnen·

296 926 405 963 dacio
425 926 514 963 nixa
532 925 591 969 fit,
622 938 706 978 quae
724 925 820 978 saepe
840 924 886 962 ad
903 925 1099 964 scientiam
1120 940 1198 964 non
1214 929 1421 980 perveniat,
1439 942 1523 980 quae
1539 931 1695 982 opinio-

295 1005 360 1029 nes
381 990 589 1029 hominum
620 1000 659 1028 et
689 991 782 1044 saepe
811 1005 953 1030 errores
984 1002 1209 1046 aucupetur,
1240 994 1294 1031 ita
1313 993 1455 1040 dicam,
1485 994 1512 1033 fi
1543 996 1697 1036 causam

295 1058 438 1109 putatis
459 1057 542 1102 effe,
564 1071 632 1095 cur
651 1057 825 1096 audiatis.

352 1124 465 1161 VHI.
501 1124 586 1161 Nos
608 1137 709 1169 vero,
740 1133 779 1161 et
798 1124 906 1162 valde
927 1124 1101 1176 quidem,
1124 1125 1287 1164 Catulus
1308 1125 1450 1179 inquit,
1484 1137 1665 1180 putamus
1681 1148 1694 1174 ς

297 1199 410 1241 atque
430 1203 474 1226 eo
494 1190 631 1242 magis,
653 1190 758 1241 quod
779 1191 883 1228 nulla
903 1190 1003 1228 mihi
1023 1192 1273 1230 ostentatione
1299 1193 1436 1231 videris
1453 1193 1524 1232 effe
1544 1195 1693 1234 usurus,

298 1255 465 1293 Exorsus
482 1269 520 1292 es
540 1256 646 1293 enim
666 1269 742 1293 non
763 1255 948 1308 gloriose,
980 1257 1191 1310 magisque,
1217 1267 1260 1296 ut
1277 1266 1319 1295 tu
1339 1268 1464 1310 putas,
1485 1272 1505 1296 a
1523 1260 1693 1306 veritate,

301 1335 419 1374 quam
439 1335 460 1359 a
480 1322 604 1361 nescio
625 1336 699 1374 qua
719 1322 918 1375 dignitate.
966 1324 1023 1361 Ut
1037 1324 1157 1376 igitur
1175 1324 1220 1361 de
1240 1324 1322 1376 ipso
1340 1338 1477 1377 genere
1492 1325 1578 1364 sum
1597 1339 1697 1365 con-

297 1387 422 1432 feffus,
439 1388 565 1440 inquit
575 1388 786 1433 Antonius,
800 1397 920 1426 artem
933 1388 1004 1427 effe
1019 1403 1096 1427 non
1110 1390 1321 1428 maximam
1329 1409 1341 1436 5
1357 1390 1406 1428 fic
1419 1390 1519 1429 illud
1530 1391 1694 1438 affirmo,

295 1464 481 1506 praecepta
510 1454 611 1506 poffe
645 1454 820 1506 quaedam
840 1454 919 1492 dari
948 1464 1127 1507 peracuta
1159 1456 1205 1493 ad
1238 1456 1518 1508 pertractandos
1543 1457 1694 1496 animos

295 1519 517 1565 hominum,
542 1529 579 1557 et
599 1520 644 1557 ad
664 1520 905 1573 excipiendas
926 1533 1060 1558 eorum
1080 1521 1309 1559 voluntates.
1341 1522 1474 1574 Hujus
1495 1523 1549 1560 rei
1569 1523 1694 1562 scien·

294 1586 389 1625 tiam
409 1586 435 1625 s1
457 1587 543 1638 quis
563 1585 665 1625 volet
686 1599 867 1639 magnam
888 1586 1079 1638 quandam
1109 1596 1228 1625 artem
1259 1587 1328 1626 effe
1348 1587 1487 1632 dicere,
1523 1601 1601 1626 non
1631 1602 1694 1627 re-

239 1643 244 1649 *
294 1652 488 1705 pugnabo.
530 1653 690 1691 Etenim
705 1665 797 1690 cum
814 1652 986 1705 plerique
1002 1661 1145 1690 temere
1160 1666 1202 1691 ac
1216 1653 1322 1691 nulla
1340 1653 1486 1692 ratione
1505 1655 1630 1692 causas
1650 1655 1693 1692 in

294 1716 378 1756 foro
399 1718 527 1756 dicant
537 1737 551 1764 5
582 1718 762 1757 nonnulli
782 1728 911 1757 autem
931 1728 1085 1771 propter
1104 1720 1432 1765 exercitationem,
1454 1729 1519 1758 aut
1539 1730 1694 1774 propter

292 1784 611 1822 consuetudinem
644 1785 813 1836 aliquam
844 1785 1019 1822 callidius
1050 1786 1089 1822 id
1116 1785 1280 1831 faciant5
1318 1800 1397 1824 non
1431 1786 1483 1824 est
1510 1787 1689 1832 dubium,

294 1850 405 1901 quin,
442 1849 467 1887 fi
502 1850 587 1901 quis
617 1850 938 1894 animadverterit,
969 1850 1064 1902 quid
1092 1851 1135 1888 fit
1162 1865 1277 1903 quare
1307 1852 1371 1889 alii
1405 1853 1544 1890 melius
1572 1865 1691 1904 quam

294 1915 359 1952 alii
380 1916 521 1960 dicant,
553 1916 592 1953 id
623 1915 733 1968 possit
755 1924 896 1953 notare.
948 1917 1053 1968 Ergo
1074 1916 1113 1953 id
1134 1918 1201 1968 qui
1222 1926 1303 1955 toto
1323 1918 1363 1955 in
1383 1931 1522 1969 genere
1541 1917 1689 1965 fecerit,

293 1981 325 2018 is
347 1981 372 2018 s1
393 1995 470 2019 non
490 1981 600 2033 plane
620 1991 753 2026 artem,
775 1991 812 2018 at
832 1981 934 2033 quasl
955 1991 1074 2019 artem
1092 1983 1298 2034 quandam,
1317 1984 1518 2022 invenerit.

348 2049 478 2098 Atque
503 2048 665 2092 utinam,
688 2056 731 2085 ut
750 2046 850 2085 mihi
871 2047 937 2085 illa
954 2048 1078 2086 videre
1098 2049 1228 2087 videor
1248 2050 1288 2087 in
1303 2048 1386 2087 foro
1404 2059 1517 2102 atque
1537 2051 1578 2089 in
1597 2064 1689 2088 cau-

293 2113 361 2158 sis,-
395 2115 446 2150 ita
467 2127 584 2158 nunc,
616 2114 948 2166 quemadmodum
969 2127 1011 2151 ea
1030 2115 1296 2167 reperirentur,
1328 2116 1463 2168 poffim
1492 2117 1600 2154 vobis
1621 2130 1689 2154 ex-

292 2179 454 2231 ponere!
489 2181 559 2218 Sed
581 2181 626 2218 de
645 2194 708 2219 me
728 2181 882 2219 videro:
914 2195 1017 2219 nunc
1038 2180 1112 2219 hoc
1133 2196 1318 2234 propono,
1351 2183 1453 2235 quod
1474 2182 1574 2220 mihi
1600 2196 1687 2235 per-

294 2245 397 2289 suafi,
421 2247 595 2297 quamvis
617 2260 672 2284 ars
694 2261 769 2285 non
791 2247 847 2291 fit,
880 2258 1009 2286 tamen
1028 2247 1127 2286 nihil
1148 2247 1218 2286 effe
1238 2248 1405 2301 perfecto
1425 2259 1570 2286 oratore
1591 2262 1687 2302 prae-

293 2311 444 2348 clarius.
494 2312 614 2356 Nam,
647 2322 687 2350 ut
709 2313 819 2351 usum
840 2314 991 2352 dicendi
1013 2315 1207 2359 omittam,
1230 2316 1297 2367 qui
1313 2316 1353 2352 in
1374 2316 1484 2352 omni
1504 2323 1632 2367 pacata
1651 2322 1688 2351 et

294 2377 412 2414 libera
429 2377 581 2415 civitate
602 2378 836 2425 dominatur,
856 2390 959 2418 tanta
978 2381 1182 2418 oblectatio
1202 2382 1252 2418 est
1272 2383 1311 2418 in
1330 2381 1407 2433 ipsa
1427 2381 1607 2418 facultate
1627 2380 1685 2416 di-

293 2443 419 2487 cendi,
435 2453 477 2480 ut
493 2443 591 2481 nihil
609 2443 816 2483 hominum
836 2457 900 2485 aut
916 2447 1069 2486 auribus
1086 2457 1149 2484 aut
1166 2448 1360 2485 mentibus
1372 2447 1583 2498 jucundius
1600 2459 1686 2496 per-

292 2509 372 2562 cipi
399 2508 522 2561 poffit.
568 2511 649 2563 Qi
668 2511 772 2549 enim
788 2522 920 2552 cantus
948 2513 1151 2552 moderatae
1170 2513 1350 2556 orationis
1372 2510 1685 2564 pronuntiatione
