2176 2912
622 211 942 251 LIBER
1014 211 1430 248 PR1Muss.
1661 211 1734 261 169

330 308 414 346 caeli
434 307 661 351 officeretur,
684 306 859 358 quamvis
879 305 969 343 effet
987 305 1137 358 procul,
1170 305 1311 343 mutari
1339 305 1488 343 lumina
1509 305 1677 357 putabat.

389 372 498 424 Qid
513 372 630 410 vero?
661 370 863 409 clarifiima
883 371 959 409 Μ’.
983 371 1092 409 Curii
1124 370 1245 415 causa,
1276 379 1314 408 et
1335 370 1397 407 M.
1423 370 1591 422 Coponii
1617 383 1737 422 nuper

333 439 435 491 apud
455 438 744 483 Centumvir0s‚
775 451 854 490 quo
881 437 1068 476 concursu
1100 436 1325 481 hominum,
1358 450 1433 488 qua
1459 436 1737 488 exspectatione

333 504 484 543 defensa
502 504 586 542 est?
617 518 710 543 cum
731 503 986 556 QScaevola,
1018 504 1188 556 aequalis,
1224 513 1262 541 et
1292 503 1440 554 collega
1461 516 1583 546 meus,
1617 501 1738 540 homo

332 572 513 609 omnium
533 580 571 609 et
590 570 790 623 disciplina
804 570 902 622 juris
923 570 1048 608 civilis
1066 570 1354 614 eruditiffimus,
1383 579 1421 607 et
1442 569 1611 621 ingenio,
1643 582 1736 621 pru-

333 637 538 690 dentiaque
558 637 809 681 acutiffirnus,
840 646 878 674 et
909 637 1078 674 oratione
1111 637 1280 674 maxime
1302 636 1457 673 limatus
1480 644 1592 686 atque
1614 634 1737 672 subti-

332 703 394 748 lis,
425 714 553 755 atque,
577 713 619 740 ut
639 717 710 755 ego
730 703 829 741 soleo
860 703 1000 747 dicere,
1025 703 1123 755 juris
1146 703 1358 755 peritorum
1390 701 1736 753 eloquentissimus,

333 770 600 822 eloquentium
615 769 713 821 juris
734 768 994 820 peritiffimus,
1010 783 1056 807 ex
1078 769 1218 822 scripto
1236 768 1548 806 testamentorum
1564 769 1651 820 jura
1670 767 1737 804 de-

333 835 518 881 fenderet,
560 844 804 888 negaretque,
847 835 914 889 nisi
946 834 1175 887 posthumus
1206 846 1244 874 et
1277 844 1401 879 natus,
1443 845 1495 879 et,
1533 845 1740 886 antequam

334 902 374 940 in
395 901 501 940 suam
523 902 685 939 tutelam
705 900 873 945 venisset,
906 910 1082 939 mortuus
1099 901 1201 946 esset,
1219 901 1400 939 heredem
1421 914 1512 938 eum
1533 901 1604 939 effe
1623 900 1739 953 poffe,

333 967 403 1018 qui
422 967 511 1005 effet
530 964 742 1004 secundum
763 965 1019 1019 posthumum
1040 976 1078 1004 et
1098 976 1248 1011 natum,
1268 977 1306 1004 et
1327 976 1528 1004 mortuum
1549 965 1656 1004 heres
1678 967 1739 1003 in-

335 1032 515 1077 stitutu83
547 1046 618 1085 ego
649 1041 779 1070 autem
812 1031 1071 1077 defenderem,
1103 1031 1175 1070 hac
1207 1047 1298 1070 eum
1331 1041 1417 1070 tum
1453 1041 1583 1070 mente
1616 1031 1740 1075 fuisse,

335 1100 403 1150 qui
425 1099 696 1137 testamentum
715 1098 873 1144 fecisset,
907 1109 962 1143 ut,
999 1099 1024 1137 fi
1046 1099 1148 1137 filius
1183 1113 1258 1137 non
1285 1099 1386 1144 esset,
1419 1099 1487 1150 qui
1508 1099 1547 1136 in
1581 1098 1743 1136 tutelam

335 1165 495 1209 veniret,
529 1165 604 1202 Μ’.
629 1166 770 1203 Curius
791 1165 879 1203 effet
910 1163 1032 1204 heres.
1077 1166 1189 1204 Num
1207 1166 1351 1204 destitit
1378 1174 1538 1216 uterque
1570 1164 1742 1202 nostrum

337 1231 377 1267 in
397 1244 438 1268 ea
457 1230 578 1275 causa,
602 1230 641 1268 in
661 1231 965 1275 auetoritatibus,
989 1231 1027 1268 in
1041 1232 1243 1283 exemplis,
1267 1233 1306 1269 in
1324 1230 1640 1270 testamentorum
1661 1229 1741 1268 for-

337 1296 470 1341 mulis,
492 1295 567 1334 hoc
588 1296 653 1341 est,
675 1297 715 1334 in
736 1297 967 1348 mediojure
987 1297 1107 1341 civili,
1129 1298 1289 1334 versari?

382 1363 472 1401 XL.
498 1364 656 1401 Omitto
669 1365 753 1415 jam
770 1364 879 1416 plura
898 1364 1074 1416 exempla
1089 1364 1286 1402 causarum
1306 1363 1641 1416 ampliffimarum,
1660 1376 1744 1415 quae

337 1429 424 1467 sunt
445 1430 755 1468 innumerabilia.
790 1430 939 1482 Capitis
957 1430 1086 1474 nostri,
1108 1430 1200 1482 saepe
1220 1431 1341 1483 potest
1357 1430 1540 1473 accidere,
1563 1438 1606 1467 ut
1627 1429 1744 1467 causae

337 1497 530 1535 versentur
550 1497 589 1534 in
604 1498 703 1549 jure.
755 1497 915 1534 Etenim
935 1496 984 1534 fic
1005 1498 1052 1535 C.
1074 1497 1323 1541 Mancinum,
1356 1496 1653 1540 nobiliffimum,
1685 1506 1742 1533 at-

338 1577 414 1615 que
433 1563 630 1616 optimum
652 1564 794 1607 virum,
825 1576 867 1600 ac
888 1563 1141 1608 consularem,
1164 1577 1256 1600 cum
1276 1577 1366 1600 cum
1384 1572 1538 1614 propter
1558 1562 1745 1600 invidiam

340 1630 577 1667 Numantini
595 1628 749 1668 foederis
767 1630 1046 1682 Paterpatratus
1067 1643 1113 1667 ex
1136 1629 1470 1668 Senatusconsulto
1487 1628 1744 1666 Numantinis

340 1695 551 1740 dedidisset,
583 1709 752 1747 eumque
772 1695 831 1732 illi
851 1708 929 1732 non
951 1695 1186 1747 recepifl'ent,
1218 1695 1422 1748 posteaque
1444 1694 1652 1731 Mancinus
1673 1694 1745 1732 do-

340 1774 453 1798 mum
473 1761 682 1806 reveniffet,
715 1775 838 1813 neque
860 1762 899 1798 in
921 1760 1092 1799 senatum
1115 1762 1272 1799 introire
1297 1760 1523 1804 dubitafl‘et3
1557 1761 1600 1798 P.
1625 1761 1745 1798 Ruti-

341 1826 429 1870 lius,
463 1827 525 1864 M.
549 1827 666 1871 filius,
700 1828 877 1864 tribunus
898 1827 1020 1879 plebis
1043 1827 1087 1864 de
1108 1828 1236 1865 senatu
1252 1827 1358 1878 juffit
1379 1827 1506 1871 educi,
1530 1826 1634 1878 quod
1655 1841 1746 1864 eum

342 1893 468 1930 civem
500 1902 653 1945 negaret
683 1892 777 1937 effe5
824 1893 914 1944 quia
948 1895 1136 1930 memoria
1166 1894 1215 1930 sic
1249 1894 1337 1931 efl‘et
1368 1893 1581 1946 proditum,
1614 1893 1746 1943 Qem

342 1968 447 2012 pater
466 1958 566 2003 suus,
595 1968 660 1996 aut
681 1959 847 2011 populus
868 1959 1104 2004 vendidiffet,
1136 1970 1200 1997 aut
1222 1960 1500 2011 Paterpatratus
1532 1958 1744 2004 dedidifl'et‚

341 2025 376 2063 ei
397 2025 550 2063 nullum
573 2024 643 2063 effe
664 2025 962 2077 postliminium.

397 2092 530 2143 Qam
549 2091 747 2144 pofl'umus
768 2092 927 2143 reperire
958 2105 1003 2129 ex
1025 2092 1208 2129 omnibus
1242 2093 1352 2129 rebus
1380 2090 1559 2127 civilibus
1581 2090 1744 2135 causam,

343 2158 710 2209 contentionemque
746 2159 947 2209 majorem,
990 2173 1105 2210 quani
1139 2158 1183 2195 de
1222 2159 1368 2201 ordine,
1414 2157 1459 2194 de
1494 2157 1663 2201 civitate,
1701 2156 1747 2193 de

343 2222 531 2268 libertate,
563 2223 609 2261 de
629 2224 752 2275 capite
774 2223 944 2261 hominis
966 2224 1186 2267 consularis,
1220 2224 1426 2275 prael'ertim
1448 2236 1539 2260 cum
1566 2222 1647 2259 haec
1669 2235 1745 2258 non

344 2288 382 2325 in
403 2289 565 2326 crimine
585 2289 728 2341 aliquo,
744 2290 847 2341 quod
869 2290 933 2327 ille
953 2290 1069 2342 pofl'et
1088 2290 1257 2334 infitiari,
1276 2290 1336 2327 sed
1353 2290 1391 2326 in
1412 2289 1629 2340 civilijure,
1652 2301 1746 2324 eon-

345 2353 511 2392 sisteret?
544 2355 747 2406 Similique
770 2357 806 2393 in
829 2370 978 2408 genere,
1013 2356 1191 2393 inferiore
1211 2356 1357 2399 ordine,
1392 2355 1416 2392 sl
1450 2355 1536 2406 quis
1558 2353 1657 2406 apud
1679 2364 1746 2389 nos

344 2419 505 2458 servisset
539 2433 585 2459 ex
616 2421 760 2474 populo
797 2422 996 2466 foedemto,
1030 2422 1178 2473 seseque
1211 2421 1409 2465 liberasset,
1450 2434 1491 2458 ac
1521 2419 1645 2472 postea
1675 2417 1746 2454 do—

346 2500 458 2525 mum
479 2487 688 2532 revenisset,
720 2490 920 2540 quaesitum
941 2489 993 2526 est
1021 2490 1119 2541 apud
1152 2490 1310 2539 majores
1342 2487 1500 2530 nostros,
1533 2498 1627 2523 num
1647 2484 1677 2520 is
1702 2482 1751 2520 ad

345 2551 430 2591 suos
450 2553 690 2606 postliminio
711 2555 886 2599 rediiss'et,
917 2565 955 2594 et
975 2554 1149 2593 amififfet
1170 2553 1267 2591 hanc
1288 2549 1499 2591 civitatem.

401 2620 617 2660 T0M.I.
1191 2620 1226 2656 Y
