2176 2912
412 281 443 310 p.

398 321 452 351 ¹09

401 760 457 780 110

401 1280 452 1300 111

405 1762 458 1782 112

407 2404 460 2434 ¹¹3

650 171 942 211 VARIAE
1033 169 1595 209 LECTIONES.

497 320 511 349 ς
535 318 600 338 cum
616 309 760 338 beneficiis
775 322 792 337 ω
809 319 823 338 2
839 316 949 346 cumpro
961 309 1085 346 beneficiis

478 361 512 379 12
535 350 667 388 quoniam
683 351 772 389 igitur
788 362 805 377 ω
821 359 830 378 1
850 353 967 387 quoniam
981 360 1038 387 ergo

479 401 512 429 ¹3
536 399 564 418 et
579 401 666 428 quare
681 391 760 418 restet
776 404 792 418 ω
811 399 819 418 ι
839 392 866 417 d.

479 440 513 468 17
536 430 646 468 praemii
661 438 709 458 aut
724 440 811 468 paenae
836 443 852 457 ω
871 439 881 458 ι
900 437 923 458 et
932 430 1039 467 praemii
1051 436 1099 457 aut

570 478 658 508 paenae

473 526 514 533 —
536 518 708 548 quaereretur
721 523 738 537 ω
755 520 769 538 2
786 512 914 549 quaeritur

475 561 512 580 22
534 558 582 578 aut
597 550 718 578 concilio
735 563 751 578 ω
769 560 785 578 2
798 557 845 578 aut
859 562 876 577 a
891 549 988 586 confilio

476 601 511 627 27
537 600 586 627 per
599 589 741 618 sentenriae
756 604 772 618 ω
792 600 801 618 ι
822 598 869 627 per
875 590 1058 624 ‚linteati-arum

478 640 514 668 30
534 639 599 658 cum
616 639 719 668 genere
739 629 843 666 prim0,
865 637 924 657 tum
939 628 1025 656 etiam
1041 627 1098 654 for-

577 679 621 698 ma
636 682 652 696 ω
672 679 681 696 ι
709 678 763 696 lum
773 679 865 706 genere
879 670 1029 705 lumforma
1047 680 1063 694 ω
1081 676 1096 695 2

575 718 628 738 tum
637 719 726 747 genere
739 718 792 736 tum
804 713 881 736 etiam
885 711 978 745 forma

499 759 514 778 2
536 749 613 787 quod
629 756 723 777 tamen
742 762 760 776 ω
782 758 792 776 ι
820 750 865 787 qui
879 755 961 776 tamen
979 760 996 774 ω
1013 756 1028 775 2
1055 749 1100 785 qui

575 797 636 817 tunc

496 837 516 866 4
537 830 660 857 Romam
674 828 760 857 rediit
774 841 791 856 ω
809 838 834 860 1,
853 837 868 856 2
885 828 989 856 Romam
1004 827 1070 855 redit

480 880 515 899 10
535 870 565 898 in
605 869 670 903 hac,
713 868 895 905 hujusmodi;
934 875 1100 905 oporteatne

576 909 724 948 praemium
741 909 804 936 dari
817 922 834 936 ω
849 918 865 936 2
879 911 907 936 in
916 911 1024 946 praemii
1032 911 1102 946 peti-

574 954 642 978 tione
653 956 796 987 oporleatne
808 951 871 977 dari
883 951 1020 986 praemium

480 999 518 1027 ¹4
539 989 637 1019 fecerit
651 1002 668 1017 ω
686 999 701 1018 2
707 992 778 1028 fecit

475 1046 516 1053 -—
536 1040 570 1058 ex
586 1029 648 1057 casu
664 1043 681 1057 ω
699 1039 725 1063 ι,
742 1039 757 1058 2
773 1038 796 1056 e!
810 1039 841 1056 ex
855 1029 914 1065 cufi(

480 1081 513 1109 ις
538 1078 699 1108 quaerentur
714 1083 730 1097 ω
748 1079 756 1096 1
777 1071 962 1106 cstgsiaebrantur

480 1120 514 1146 ¹7
537 1118 663 1138 orattone
679 1123 696 1137 ω
712 1119 726 1137 2
741 1112 842 1137 ratione

478 1161 516 1178 20
538 1150 583 1178 sed
598 1159 662 1177 eom
680 1150 766 1187 asico

478 1200 513 1218 22
536 1189 676 1218 obstiterit
690 1203 707 1217 ω
724 1199 739 1218 2
754 1189 881 1227 obstizgffit

480 1240 515 1267 32
538 1230 629 1258 mide
646 1229 671 1257 se
686 1244 702 1257 ω
718 1240 744 1264 ι,
762 1240 777 1258 2
793 1239 821 1258 ut
836 1230 900 1266 defi·

500 1280 517 1308 9
539 1270 658 1307 pulchra
671 1283 688 1298 ω
705 1280 721 1299 2
737 1270 836 1308 pulcra

483 1320 515 1347 17
539 1318 633 1338 autem
649 1323 666 1338 ω
685 1320 695 1338 1
713 1319 797 1339 auum
810 1319 871 1338 tunc

477 1365 514 1373 ·—
538 1350 656 1388 aliquod
671 1350 866 1388 pecuniarium
887 1348 1034 1388 praemium
1051 1361 1068 1377 ω
1087 1358 1096 1377 ι

578 1391 687 1429 aliquod
702 1393 868 1428 pecuniarum
889 1392 1027 1428 praemium
1052 1403 1069 1418 ω
1086 1399 1100 1418 z

578 1431 684 1470 aliquid
690 1433 856 1470 pecuniarum
870 1434 899 1459 in
909 1433 1048 1468 praemium

481 1473 517 1500 18
539 1470 657 1508 copiane
674 1472 706 1499 fit
720 1484 738 1499 ω
757 1480 766 1499 ι
784 1472 902 1508 copiastt

480 1521 516 1549 23
539 1511 565 1539 se
579 1520 635 1538 non
649 1511 772 1548 pretium
787 1519 840 1548 pro
854 1511 928 1539 faite
942 1524 959 1538 ω
978 1512 1104 1549 zstpre-

579 1554 644 1579 cium
658 1563 706 1579 non
713 1553 844 1588 profacqo

481 1601 520 1628 24
538 1591 580 1620 ita
595 1599 625 1618 ut
640 1590 799 1619 factitatum
814 1590 846 1618 fit
857 1603 874 1618 ω
891 1599 898 1617 ι
917 1594 958 1618 ita
969 1593 1103 1628 utifaei-

579 1633 707 1669 tatumstt

483 1681 518 1710 ²5
543 1681 616 1700 nunc
631 1672 667 1699 de
680 1671 714 1699 iis
730 1668 923 1699 controverfiis
937 1682 954 1698 ω
973 1679 982 1697 1
1001 1681 1061 1698 nam
1074 1671 1105 1698 de

579 1712 620 1740 his
634 1711 813 1749 controversiis

501 1762 521 1790 4
541 1751 570 1780 in
586 1761 619 1780 ea
633 1751 770 1780 sententia
793 1750 824 1778 in
837 1759 895 1788 qua
918 1749 941 1778 is
956 1750 1006 1788 qui
1028 1749 1105 1779 dicet

581 1804 599 1820 ω
618 1801 629 1820 1
655 1794 683 1819 in
707 1802 762 1819 eam
775 1791 929 1826 sententiam
950 1793 978 1818 in
991 1802 1067 1828 quam
1081 1794 1105 1818 is

579 1836 624 1870 qui
636 1832 701 1860 dicet

485 1882 520 1901 ιο
542 1872 621 1900 fastis
635 1886 652 1900 ω
670 1882 684 1900 2
699 1870 861 1910 et‘exfalh's

485 1922 517 1941 12
540 1912 625 1941 inerit
640 1912 713 1940 illud
728 1912 894 1950 ambiguum
916 1925 933 1939 ω
950 1921 965 1940 2
986 1914 1037 1940 erit
1049 1922 1105 1940 am-

575 1951 682 1991 biguum
695 1952 766 1980 illud

479 2008 521 2016 —
541 1993 677 2031 quaeritur
698 2006 715 2020 ω
733 2003 748 2021 2
771 2000 902 2031 quaeretur

483 2042 516 2072 13
538 2041 698 2071 pertentare
718 2046 735 2060 ω
755 2043 764 2061 ι
784 2036 931 2070 pertentari

482 2083 520 2102 20
542 2073 698 2111 accipimus
719 2086 736 2100 ω
754 2084 764 2102 ι
789 2075 928 2111 accepimus

484 2123 516 2142 21
543 2124 592 2141 nos
613 2127 629 2141 ω
648 2122 657 2140 ι
676 2115 795 2151 βιίηοῐ

483 2163 520 2190 23
545 2153 637 2181 fictam
659 2166 676 2181 ω
692 2162 700 2180 ι
718 2155 811 2191 fillum

485 2195 522 2222 26
544 2193 667 2230 publicae
688 2206 705 2221 ω
723 2204 737 2221 2
755 2193 924 2230 publicanda·

484 2235 521 2262 28
542 2233 594 2261 effe
615 2246 632 2260 ω
650 2243 665 2261 2
687 2235 712 2261 d.

485 2283 523 2311 29
545 2273 629 2301 inesse
649 2286 666 2301 ω
684 2283 699 2301 2
721 2274 764 2311 effi
953 2303 956 2306 Δ

486 2324 523 2352 32
545 2323 562 2341 a
577 2313 707 2351 scriptor:
730 2326 747 2341 ω
765 2323 780 2341 2
802 2312 970 2350 abscriptore

486 2364 525 2392 34
546 2353 797 2382 demonstrabimus
820 2366 836 2380 ω
864 2362 872 2380 ι
899 2352 1110 2391 demonstrabitur

489 2403 520 2434 ¹5
545 2394 572 2422 in
590 2393 727 2430 ejusmodi
742 2402 867 2432 tempore
881 2407 898 2422 ω
913 2402 923 2422 ι
947 2396 976 2422 in
989 2394 1033 2422 hoc
1046 2402 1109 2423 tem-

577 2442 640 2472 pore

1171 278 1199 306 p.

1157 317 1209 346 1¹3

1159 915 1215 945 ¹¹4

1167 2030 1221 2059 116

1238 317 1269 345 ¹7
1291 306 1537 335 demonstrandum
1549 319 1566 335 ω
1579 316 1589 335 1
1603 309 1860 346 demotfirandumest

1238 350 1270 376 18
1294 348 1426 385 utrinque
1445 360 1462 375 ω
1480 357 1495 375 2
1516 351 1630 385 utrosque

1234 397 1270 425 23
1295 388 1430 416 sententia
1452 387 1478 414 se
1500 387 1645 422 defendet,
1668 395 1729 416 tum
1751 387 1857 426 semper

1334 428 1370 455 ad
1389 428 1465 455 idem
1480 427 1600 464 spectare
1621 441 1638 455 ω
1657 437 1666 456 ι
1683 430 1814 465 fintenlia
1826 431 1858 465 sc

1333 469 1461 505 defit-*den
1481 467 1621 504 aliquando
1634 469 1739 496 tenenda
1756 471 1790 506 est
1804 480 1858 496 cum

1333 509 1550 540 determinatione,
1577 507 1716 545 aliquando
1733 510 1790 546 fine
1815 510 1858 536 de-

1333 549 1519 579 terminatione,
1540 554 1593 574 tum
1612 548 1712 584 stmper
1735 550 1774 577 ad
1795 549 1859 577 idem

1326 587 1446 623 spetiare

1236 634 1274 663 24
1295 633 1344 654 aut
1358 635 1393 654 ex
1407 625 1481 653 faeto
1501 637 1518 653 ω
1537 634 1547 653 ι
1571 628 1686 663 exfano

1235 675 1272 702 27
1294 666 1335 694 ita
1356 678 1372 692 ω
1391 675 1399 693 ι
1426 667 1454 694 d.

1237 715 1274 744 30
1295 713 1325 734 tu
1351 705 1434 740 mihi,
1460 705 1584 740 dicebat,
1611 705 1747 735 secundus
1771 706 1860 736 haeres

1335 745 1391 773 esto
1412 758 1429 773 ω
1449 754 1458 773 ι
1483 754 1512 773 tu
1525 747 1591 775 mihi
1601 747 1669 776 heres
1681 748 1728 785 esto

1238 794 1270 823 31
1297 783 1430 813 secundus
1452 798 1469 813 ω
1487 795 1496 813 1
1522 788 1550 816 d.

1238 835 1274 863 3²
1296 826 1351 853 hoc
1364 825 1421 853 dici
1442 839 1459 853 ω
1478 835 1487 853 ι
1512 828 1566 854 dici

1238 875 1273 904 33
1297 874 1346 894 aut
1360 865 1396 893 ad
1410 874 1544 894 eventum
1566 879 1584 894 ω
1600 876 1616 894 2
1636 874 1661 895 et
1673 868 1842 897 ade-ventum

1257 906 1275 934 6
1296 906 1406 934 ineum
1427 919 1444 934 ω
1462 915 1477 934 2
1498 909 1565 935 ineo

1240 955 1276 975 ιο
1299 954 1328 974 ut
1343 946 1372 974 in
1391 955 1426 974 eo
1441 946 1490 984 qui
1512 959 1528 974 ω
1547 955 1572 980 1,
1597 955 1612 974 2
1635 954 1664 975 ut
1685 950 1714 976 in
1735 957 1761 976 eo
1780 947 1862 977 milite

1337 989 1383 1024 qui

1240 1036 1275 1054 12
1296 1034 1445 1054 conaretur
1465 1040 1483 1054 ω
1500 1036 1515 1055 2
1536 1027 1678 1055 conabatur

1242 1075 1274 1103 ις
1297 1075 1347 1103 per
1368 1066 1589 1103 imprudentiam
1616 1080 1634 1094 ω
1659 1076 1668 1094 ι
1697 1075 1745 1105 per
1765 1070 1862 1105 impru-

1338 1107 1450 1133 dentiam
1457 1109 1564 1144 fadum

1243 1155 1275 1182 ¹7
1300 1146 1425 1174 fluminis
1447 1159 1464 1173 ω
1484 1156 1491 1174 ι
1517 1146 1541 1174 d.

1243 1195 1277 1224 ¹9
1299 1194 1329 1215 ut
1354 1186 1384 1214 in
1397 1186 1535 1223 ejusmodi
1559 1196 1589 1215 re
1610 1199 1628 1214 ω
1646 1196 1655 1214 ι
1681 1195 1710 1216 ut
1731 1198 1785 1216 cum
1798 1188 1862 1226 ejus²

1339 1228 1405 1255 modi
1416 1237 1444 1254 re

1239 1274 1276 1302 27
1298 1267 1394 1296 multis
1411 1267 1503 1295 modis
1525 1280 1542 1296 ω
1560 1276 1570 1295 ι
1596 1267 1749 1296 multimodis

1241 1315 1273 1343 3¹
1298 1307 1464 1335 intentantis
1478 1308 1542 1336 loco
1554 1308 1748 1345 producendo,
1759 1308 1813 1336 hoc
1825 1308 1863 1336 est

1338 1347 1542 1386 interrogando
1573 1361 1590 1376 ω
1620 1357 1630 1376 ι
1663 1351 1691 1376 in
1717 1351 1786 1386 testis
1813 1349 1865 1376 loco

1334 1389 1528 1425 producendum,
1551 1389 1598 1416 hoc
1609 1389 1643 1425 ψ
1656 1390 1866 1427 interrogandum

1241 1436 1277 1465 33
1301 1436 1385 1466 neget
1409 1441 1426 1456 ω
1443 1438 1458 1456 2
1475 1436 1509 1466 pv
1528 1437 1623 1466 eneget

1263 1478 1276 1506 ς
1301 1469 1369 1506 quid
1381 1469 1491 1505 juratus
1506 1469 1539 1498 fit
1559 1483 1577 1497 ω
1597 1479 1604 1496 ι
1632 1469 1863 1508 quodjuratusfit

1244 1517 1279 1535 10
1300 1516 1431 1545 poterant
1450 1522 1468 1537 ω
1485 1519 1499 1537 2
1517 1517 1639 1547 poterunt

1243 1557 1274 1576 ιι
1299 1548 1408 1586 prorsus
1434 1549 1511 1577 aliud
1534 1549 1638 1578 senfiffe
1660 1549 1779 1586 scriptor
1805 1562 1824 1577 ω
1849 1557 1859 1576 ι

1335 1589 1440 1625 protfiaes
1453 1589 1532 1617 aliud
1543 1588 1865 1628 quta'aemstnfifflscripto·

1339 1639 1390 1656 rem
1404 1630 1617 1666 demonstrabitur

1244 1667 1278 1695 16
1299 1668 1354 1696 hoc
1368 1668 1444 1696 dicet
1463 1682 1481 1696 ω
1500 1678 1509 1696 ι
1529 1670 1584 1698 baec
1598 1671 1664 1697 dicet

1243 1718 1278 1736 22
1299 1707 1494 1737 consueverint
1515 1722 1532 1737 ω
1552 1718 1561 1738 ι
1587 1709 1733 1745 conflarant

1243 1757 1279 1787 29
1300 1757 1386 1786 quam
1411 1748 1566 1777 absurdum
1587 1762 1604 1777 ω
1631 1758 1656 1782 1,
1679 1759 1694 1777 2
1716 1760 1793 1788 quam
1816 1748 1866 1778 ab·

1333 1790 1487 1827 fhrdumfit

1244 1838 1281 1866 30
1302 1829 1398 1856 omnia
1412 1829 1465 1857 effe
1486 1842 1503 1857 ω
1522 1838 1531 1856 1
1557 1831 1599 1866 ff
1612 1832 1697 1858 omnia

1244 1879 1280 1906 32
1302 1868 1500 1903 accusaretur;
1530 1869 1639 1897 causam
1663 1869 1789 1908 proferre
1809 1882 1826 1897 ω
1850 1880 1865 1898 2

1342 1910 1506 1946 accusaretur
1521 1918 1545 1938 et
1559 1912 1661 1947 cauſsam
1672 1914 1788 1948 proferre

1244 1958 1282 1987 34
1302 1950 1382 1986 cujus
1398 1950 1428 1978 in
1443 1950 1564 1989 fingulas
1579 1958 1671 1988 partes
1688 1962 1704 1978 ω
1723 1959 1733 1977 ι
1757 1951 1826 1987 ctq'us
1840 1953 1868 1979 in

1334 1989 1447 2028 singulis·
1455 1990 1580 2027 partibus

1265 2039 1281 2067 7
1303 2038 1399 2067 aperte
1419 2043 1436 2058 ω
1455 2040 1464 2058 1
1490 2032 1520 2059 d.

1263 2080 1282 2107 9
1302 2070 1352 2108 qui
1381 2071 1459 2108 leges
1483 2069 1605 2098 scribant
1635 2083 1652 2098 ω
1681 2079 1690 2098 ι
1726 2073 1769 2108 qui
1791 2070 1868 2109 Iegem

1333 2110 1457 2146 scribant

1247 2160 1278 2179 ιι
1303 2151 1426 2178 maxime
1448 2149 1544 2178 videre
1566 2149 1584 2177 fi
1600 2160 1665 2188 quae
1687 2163 1704 2178 ω
1722 2161 1730 2178 ι
1757 2154 1868 2180 maxime
1911 2181 1915 2184 ,

1340 2191 1432 2218 videre
1445 2191 1522 2228 hocfi
1532 2202 1590 2228 quae

1247 2241 1257 2259 ι
1267 2242 1281 2259 2
1305 2240 1362 2268 qua
1374 2231 1409 2259 de
1424 2230 1518 2269 agitur
1531 2244 1548 2258 ω
1566 2240 1580 2258 2
1602 2232 1632 2259 de
1645 2242 1696 2268 qua
1708 2239 1807 2270 agatur

1247 2281 1280 2311 ¹5
1305 2271 1370 2299 ideo
1384 2271 1460 2309 quod
1483 2284 1500 2299 ω
1517 2280 1533 2300 2
1554 2273 1608 2298 ideo
1622 2275 1684 2309 quia

1245 2320 1281 2349 ²3
1305 2310 1368 2339 aliis
1383 2311 1545 2348 improbare
1567 2323 1584 2338 ω
1603 2321 1612 2339 ι
1637 2311 1701 2340 aliis
1714 2311 1828 2350 probare

1245 2361 1284 2388 24
1305 2352 1382 2389 quod
1403 2365 1420 2379 ω
1438 2361 1452 2380 2
1475 2354 1521 2390 qui

1245 2401 1281 2428 27
1304 2392 1398 2429 postea
1411 2402 1536 2429 quaerere
1555 2405 1572 2420 ω
1590 2401 1600 2420 ι
1621 2394 1705 2430 postea
1719 2403 1816 2431 φατι-ιε

1247 2434 1283 2462 28
1304 2432 1335 2461 in
1350 2432 1450 2461 alienis
1471 2446 1488 2461 ω
1507 2442 1516 2461 ι
1542 2435 1570 2462 in
1584 2432 1645 2462 aliis
