<?xml version="1.0" encoding="UTF-8"?>
<!DOCTYPE html PUBLIC "-//W3C//DTD XHTML 1.0 Transitional//EN"
    "http://www.w3.org/TR/xhtml1/DTD/xhtml1-transitional.dtd">
<html xmlns="http://www.w3.org/1999/xhtml" xml:lang="en" lang="en">
 <head>
  <title>
</title>
<meta http-equiv="Content-Type" content="text/html;charset=utf-8" />
  <meta name='ocr-system' content='tesseract 3.04.00' />
  <meta name='ocr-capabilities' content='ocr_page ocr_carea ocr_par ocr_line ocrx_word'/>
</head>
<body>
  <div class='ocr_page' id='page_1' title='image "./operacumindicibu01ciceuoft_0528.png"; bbox 0 0 2176 2912; ppageno 0'>
   <div class='ocr_carea' id='block_1_1' title="bbox 425 203 1441 256">
    <p class='ocr_par' dir='ltr' id='par_1_1' title="bbox 425 203 1441 256">
     <span class='ocr_line' id='line_1_1' title="bbox 425 203 1441 256; baseline 0.004 -14"><span class='ocrx_word' id='word_1_1' title='bbox 425 203 501 256; x_wconf 65' lang='lat'>516</span> <span class='ocrx_word' id='word_1_2' title='bbox 812 203 1441 246; x_wconf 86' lang='lat' dir='ltr'>ORATORIAE</span> 
     </span>
    </p>
   </div>
   <div class='ocr_carea' id='block_1_2' title="bbox 421 297 1854 2603">
    <p class='ocr_par' dir='ltr' id='par_1_2' title="bbox 422 297 1833 353">
     <span class='ocr_line' id='line_1_2' title="bbox 422 297 1833 353; baseline 0.004 -20"><span class='ocrx_word' id='word_1_3' title='bbox 422 305 696 349; x_wconf 83' lang='lat' dir='ltr'>argumentum</span> <span class='ocrx_word' id='word_1_4' title='bbox 716 297 907 351; x_wconf 68' lang='lat' dir='ltr'>subjectae,</span> <span class='ocrx_word' id='word_1_5' title='bbox 941 300 1207 353; x_wconf 78' lang='lat' dir='ltr'>perlustrandae</span> <span class='ocrx_word' id='word_1_6' title='bbox 1227 301 1358 338; x_wconf 89' lang='lat' dir='ltr'>animo</span> <span class='ocrx_word' id='word_1_7' title='bbox 1389 310 1510 353; x_wconf 82' lang='lat' dir='ltr'>partes</span> <span class='ocrx_word' id='word_1_8' title='bbox 1530 308 1643 339; x_wconf 89' lang='lat' dir='ltr'>erunt</span> <span class='ocrx_word' id='word_1_9' title='bbox 1677 312 1833 346; x_wconf 81' lang='lat' dir='ltr'>omnes,</span> 
     </span>
    </p>

    <p class='ocr_par' dir='ltr' id='par_1_3' title="bbox 422 362 1830 419">
     <span class='ocr_line' id='line_1_3' title="bbox 422 362 1830 419; baseline 0.004 -20"><span class='ocrx_word' id='word_1_10' title='bbox 422 372 462 399; x_wconf 88' lang='lat' dir='ltr'>et</span> <span class='ocrx_word' id='word_1_11' title='bbox 489 362 535 400; x_wconf 89' lang='lat' dir='ltr'>ad</span> <span class='ocrx_word' id='word_1_12' title='bbox 562 363 614 408; x_wconf 93' lang='lat' dir='ltr'>id,</span> <span class='ocrx_word' id='word_1_13' title='bbox 648 365 752 416; x_wconf 90' lang='lat' dir='ltr'>quod</span> <span class='ocrx_word' id='word_1_14' title='bbox 782 375 927 417; x_wconf 85' lang='lat' dir='ltr'>agetur,</span> <span class='ocrx_word' id='word_1_15' title='bbox 972 380 1018 404; x_wconf 81' lang='lat' dir='ltr'>ex</span> <span class='ocrx_word' id='word_1_16' title='bbox 1053 366 1209 419; x_wconf 73' lang='lat' dir='ltr'>singulis</span> <span class='ocrx_word' id='word_1_17' title='bbox 1249 367 1467 418; x_wconf 67' lang='lat' dir='ltr'>conjectura</span> <span class='ocrx_word' id='word_1_18' title='bbox 1507 366 1702 418; x_wconf 88' lang='lat' dir='ltr'>capienda.</span> <span class='ocrx_word' id='word_1_19' title='bbox 1760 366 1830 404; x_wconf 85' lang='lat' dir='ltr'>Est</span> 
     </span>
    </p>

    <p class='ocr_par' dir='ltr' id='par_1_4' title="bbox 422 428 1828 485">
     <span class='ocr_line' id='line_1_4' title="bbox 422 428 1828 485; baseline 0.004 -21"><span class='ocrx_word' id='word_1_20' title='bbox 422 428 540 466; x_wconf 88' lang='lat' dir='ltr'>etiam</span> <span class='ocrx_word' id='word_1_21' title='bbox 560 443 680 481; x_wconf 85' lang='lat' dir='ltr'>genus</span> <span class='ocrx_word' id='word_1_22' title='bbox 702 441 1018 483; x_wconf 85' lang='lat' dir='ltr'>argumentorum</span> <span class='ocrx_word' id='word_1_23' title='bbox 1039 433 1156 477; x_wconf 83' lang='lat' dir='ltr'>aliud,</span> <span class='ocrx_word' id='word_1_24' title='bbox 1189 433 1294 484; x_wconf 87' lang='lat' dir='ltr'>quod</span> <span class='ocrx_word' id='word_1_25' title='bbox 1326 446 1373 470; x_wconf 79' lang='lat' dir='ltr'>ex</span> <span class='ocrx_word' id='word_1_26' title='bbox 1394 431 1485 470; x_wconf 65' lang='lat' dir='ltr'>fasti</span> <span class='ocrx_word' id='word_1_27' title='bbox 1518 432 1684 485; x_wconf 84' lang='lat' dir='ltr'>vestigiis</span> <span class='ocrx_word' id='word_1_28' title='bbox 1705 431 1828 470; x_wconf 85' lang='lat' dir='ltr'>sumi-</span> 
     </span>
    </p>

    <p class='ocr_par' dir='ltr' id='par_1_5' title="bbox 423 496 1854 616">
     <span class='ocr_line' id='line_1_5' title="bbox 423 496 1854 550; baseline 0.003 -19"><span class='ocrx_word' id='word_1_29' title='bbox 423 503 500 538; x_wconf 89' lang='lat' dir='ltr'>tur,</span> <span class='ocrx_word' id='word_1_30' title='bbox 537 504 580 532; x_wconf 89' lang='lat' dir='ltr'>ut</span> <span class='ocrx_word' id='word_1_31' title='bbox 608 496 744 542; x_wconf 86' lang='lat' dir='ltr'>telum,</span> <span class='ocrx_word' id='word_1_32' title='bbox 780 511 906 542; x_wconf 85' lang='lat' dir='ltr'>cruor,</span> <span class='ocrx_word' id='word_1_33' title='bbox 939 499 1086 536; x_wconf 79' lang='lat' dir='ltr'>clamor</span> <span class='ocrx_word' id='word_1_34' title='bbox 1105 499 1244 543; x_wconf 80' lang='lat' dir='ltr'>editus,</span> <span class='ocrx_word' id='word_1_35' title='bbox 1280 498 1475 543; x_wconf 84' lang='lat' dir='ltr'>titubatio,</span> <span class='ocrx_word' id='word_1_36' title='bbox 1509 498 1740 550; x_wconf 85' lang='lat' dir='ltr'>permutatio</span> <span class='ocrx_word' id='word_1_37' title='bbox 1760 511 1854 547; x_wconf 17' lang='lat' dir='ltr'>co-V</span> 
     </span>
     <span class='ocr_line' id='line_1_6' title="bbox 424 560 1831 616; baseline 0.003 -19"><span class='ocrx_word' id='word_1_38' title='bbox 424 560 530 605; x_wconf 86' lang='lat' dir='ltr'>loris,</span> <span class='ocrx_word' id='word_1_39' title='bbox 566 562 686 600; x_wconf 88' lang='lat' dir='ltr'>oratio</span> <span class='ocrx_word' id='word_1_40' title='bbox 720 563 949 608; x_wconf 75' lang='lat' dir='ltr'>inconstans,</span> <span class='ocrx_word' id='word_1_41' title='bbox 987 573 1142 608; x_wconf 87' lang='lat' dir='ltr'>tremor,</span> <span class='ocrx_word' id='word_1_42' title='bbox 1174 573 1212 601; x_wconf 89' lang='lat' dir='ltr'>et</span> <span class='ocrx_word' id='word_1_43' title='bbox 1242 577 1376 601; x_wconf 89' lang='lat' dir='ltr'>eorum</span> <span class='ocrx_word' id='word_1_44' title='bbox 1397 564 1558 616; x_wconf 87' lang='lat' dir='ltr'>aliquid,</span> <span class='ocrx_word' id='word_1_45' title='bbox 1590 564 1697 616; x_wconf 91' lang='lat' dir='ltr'>quod</span> <span class='ocrx_word' id='word_1_46' title='bbox 1722 563 1831 602; x_wconf 90' lang='lat' dir='ltr'>sensu</span> 
     </span>
    </p>

    <p class='ocr_par' dir='ltr' id='par_1_6' title="bbox 423 627 1831 681">
     <span class='ocr_line' id='line_1_7' title="bbox 423 627 1831 681; baseline 0.003 -17"><span class='ocrx_word' id='word_1_47' title='bbox 423 628 571 680; x_wconf 83' lang='lat' dir='ltr'>percipi</span> <span class='ocrx_word' id='word_1_48' title='bbox 603 628 714 681; x_wconf 86' lang='lat' dir='ltr'>poffit</span> <span class='ocrx_word' id='word_1_49' title='bbox 731 647 742 673; x_wconf 82' lang='lat'>;</span> <span class='ocrx_word' id='word_1_50' title='bbox 777 630 907 674; x_wconf 79' lang='lat' dir='ltr'>etiam,</span> <span class='ocrx_word' id='word_1_51' title='bbox 944 629 970 666; x_wconf 91' lang='lat' dir='ltr'>fi</span> <span class='ocrx_word' id='word_1_52' title='bbox 989 639 1242 681; x_wconf 57' lang='lat' dir='ltr'>praeparatum</span> <span class='ocrx_word' id='word_1_53' title='bbox 1262 627 1422 681; x_wconf 88' lang='lat' dir='ltr'>aliquid,</span> <span class='ocrx_word' id='word_1_54' title='bbox 1445 630 1469 667; x_wconf 78' lang='lat' dir='ltr'>si</span> <span class='ocrx_word' id='word_1_55' title='bbox 1491 630 1831 668; x_wconf 85' lang='lat' dir='ltr'>communicatum</span> 
     </span>
    </p>

    <p class='ocr_par' dir='ltr' id='par_1_7' title="bbox 425 694 1833 746">
     <span class='ocr_line' id='line_1_8' title="bbox 425 694 1833 746; baseline 0.001 -16"><span class='ocrx_word' id='word_1_56' title='bbox 425 706 517 730; x_wconf 89' lang='lat' dir='ltr'>cum</span> <span class='ocrx_word' id='word_1_57' title='bbox 538 694 683 745; x_wconf 85' lang='lat' dir='ltr'>aliquo,</span> <span class='ocrx_word' id='word_1_58' title='bbox 712 694 738 731; x_wconf 85' lang='lat' dir='ltr'>s1</span> <span class='ocrx_word' id='word_1_59' title='bbox 764 695 889 746; x_wconf 85' lang='lat' dir='ltr'>postea</span> <span class='ocrx_word' id='word_1_60' title='bbox 920 695 1059 740; x_wconf 90' lang='lat' dir='ltr'>visum,</span> <span class='ocrx_word' id='word_1_61' title='bbox 1081 695 1272 740; x_wconf 79' lang='lat' dir='ltr'>auditum,</span> <span class='ocrx_word' id='word_1_62' title='bbox 1308 695 1538 733; x_wconf 87' lang='lat' dir='ltr'>indicatum.</span> <span class='ocrx_word' id='word_1_63' title='bbox 1596 695 1833 733; x_wconf 82' lang='lat' dir='ltr'>Verifimilia</span> 
     </span>
    </p>

    <p class='ocr_par' dir='ltr' id='par_1_8' title="bbox 425 758 1832 813">
     <span class='ocr_line' id='line_1_9' title="bbox 425 758 1832 813; baseline 0.002 -18"><span class='ocrx_word' id='word_1_64' title='bbox 425 768 554 796; x_wconf 88' lang='lat' dir='ltr'>autem</span> <span class='ocrx_word' id='word_1_65' title='bbox 575 758 716 811; x_wconf 78' lang='lat' dir='ltr'>partlm</span> <span class='ocrx_word' id='word_1_66' title='bbox 737 758 884 812; x_wconf 87' lang='lat' dir='ltr'>fingula</span> <span class='ocrx_word' id='word_1_67' title='bbox 903 769 1061 798; x_wconf 76' lang='lat' dir='ltr'>movent</span> <span class='ocrx_word' id='word_1_68' title='bbox 1080 760 1146 798; x_wconf 87' lang='lat' dir='ltr'>suo</span> <span class='ocrx_word' id='word_1_69' title='bbox 1166 760 1333 813; x_wconf 85' lang='lat' dir='ltr'>pondere</span> <span class='ocrx_word' id='word_1_70' title='bbox 1349 778 1360 805; x_wconf 83' lang='lat'><em>3</em></span> <span class='ocrx_word' id='word_1_71' title='bbox 1397 760 1552 813; x_wconf 83' lang='lat' dir='ltr'>partim,</span> <span class='ocrx_word' id='word_1_72' title='bbox 1574 760 1691 798; x_wconf 89' lang='lat' dir='ltr'>etiam</span> <span class='ocrx_word' id='word_1_73' title='bbox 1711 759 1739 798; x_wconf 91' lang='lat' dir='ltr'>fi·</span> <span class='ocrx_word' id='word_1_74' title='bbox 1768 760 1832 798; x_wconf 81' lang='lat' dir='ltr'>vi-</span> 
     </span>
    </p>

    <p class='ocr_par' dir='ltr' id='par_1_9' title="bbox 425 823 1830 878">
     <span class='ocr_line' id='line_1_10' title="bbox 425 823 1830 878; baseline 0.002 -18"><span class='ocrx_word' id='word_1_75' title='bbox 425 824 564 861; x_wconf 89' lang='lat' dir='ltr'>dentur</span> <span class='ocrx_word' id='word_1_76' title='bbox 583 823 655 861; x_wconf 83' lang='lat' dir='ltr'>effe</span> <span class='ocrx_word' id='word_1_77' title='bbox 683 824 821 877; x_wconf 80' lang='lat' dir='ltr'>exigua</span> <span class='ocrx_word' id='word_1_78' title='bbox 842 839 909 878; x_wconf 87' lang='lat' dir='ltr'>per</span> <span class='ocrx_word' id='word_1_79' title='bbox 928 824 975 870; x_wconf 90' lang='lat' dir='ltr'>se,</span> <span class='ocrx_word' id='word_1_80' title='bbox 998 824 1171 863; x_wconf 65' lang='lat' dir='ltr'>multum</span> <span class='ocrx_word' id='word_1_81' title='bbox 1203 834 1345 870; x_wconf 89' lang='lat' dir='ltr'>tamen,</span> <span class='ocrx_word' id='word_1_82' title='bbox 1381 839 1473 863; x_wconf 92' lang='lat' dir='ltr'>cum</span> <span class='ocrx_word' id='word_1_83' title='bbox 1494 825 1581 863; x_wconf 90' lang='lat' dir='ltr'>sunt</span> <span class='ocrx_word' id='word_1_84' title='bbox 1600 833 1830 871; x_wconf 83' lang='lat' dir='ltr'>coacervata,</span> 
     </span>
    </p>

    <p class='ocr_par' dir='ltr' id='par_1_10' title="bbox 425 889 1832 944">
     <span class='ocr_line' id='line_1_11' title="bbox 425 889 1832 944; baseline 0.001 -17"><span class='ocrx_word' id='word_1_85' title='bbox 425 889 659 942; x_wconf 87' lang='lat' dir='ltr'>proficiunt:</span> <span class='ocrx_word' id='word_1_86' title='bbox 691 900 805 943; x_wconf 87' lang='lat' dir='ltr'>atque</span> <span class='ocrx_word' id='word_1_87' title='bbox 825 892 864 928; x_wconf 76' lang='lat' dir='ltr'>in</span> <span class='ocrx_word' id='word_1_88' title='bbox 885 890 945 929; x_wconf 86' lang='lat' dir='ltr'>his</span> <span class='ocrx_word' id='word_1_89' title='bbox 966 891 1234 929; x_wconf 74' lang='lat' dir='ltr'>verisimilibus</span> <span class='ocrx_word' id='word_1_90' title='bbox 1262 891 1391 929; x_wconf 89' lang='lat' dir='ltr'>insunt</span> <span class='ocrx_word' id='word_1_91' title='bbox 1412 905 1694 944; x_wconf 86' lang='lat' dir='ltr'>nonnunquam</span> <span class='ocrx_word' id='word_1_92' title='bbox 1713 891 1832 929; x_wconf 83' lang='lat' dir='ltr'>etiam</span> 
     </span>
    </p>

    <p class='ocr_par' dir='ltr' id='par_1_11' title="bbox 426 956 1832 1010">
     <span class='ocr_line' id='line_1_12' title="bbox 426 956 1832 1010; baseline 0.001 -17"><span class='ocrx_word' id='word_1_93' title='bbox 426 965 537 994; x_wconf 81' lang='lat' dir='ltr'>certae</span> <span class='ocrx_word' id='word_1_94' title='bbox 557 970 685 994; x_wconf 88' lang='lat' dir='ltr'>rerum</span> <span class='ocrx_word' id='word_1_95' title='bbox 705 966 743 994; x_wconf 92' lang='lat' dir='ltr'>et</span> <span class='ocrx_word' id='word_1_96' title='bbox 768 957 930 1010; x_wconf 83' lang='lat' dir='ltr'>propriae</span> <span class='ocrx_word' id='word_1_97' title='bbox 950 966 1064 996; x_wconf 80' lang='lat' dir='ltr'>notae.</span> <span class='ocrx_word' id='word_1_98' title='bbox 1124 957 1346 996; x_wconf 82' lang='lat' dir='ltr'>Maximam</span> <span class='ocrx_word' id='word_1_99' title='bbox 1372 967 1501 995; x_wconf 87' lang='lat' dir='ltr'>autem</span> <span class='ocrx_word' id='word_1_100' title='bbox 1521 956 1614 995; x_wconf 88' lang='lat' dir='ltr'>facit</span> <span class='ocrx_word' id='word_1_101' title='bbox 1634 957 1753 995; x_wconf 88' lang='lat' dir='ltr'>fidem</span> <span class='ocrx_word' id='word_1_102' title='bbox 1784 956 1832 995; x_wconf 91' lang='lat' dir='ltr'>ad</span> 
     </span>
    </p>

    <p class='ocr_par' dir='ltr' id='par_1_12' title="bbox 426 1021 1833 1076">
     <span class='ocr_line' id='line_1_13' title="bbox 426 1021 1833 1076; baseline 0.001 -17"><span class='ocrx_word' id='word_1_103' title='bbox 426 1022 722 1060; x_wconf 83' lang='lat' dir='ltr'>fimilitudinem</span> <span class='ocrx_word' id='word_1_104' title='bbox 743 1023 835 1067; x_wconf 84' lang='lat' dir='ltr'>veri,</span> <span class='ocrx_word' id='word_1_105' title='bbox 870 1021 1056 1076; x_wconf 79' lang='lat' dir='ltr'>primum,</span> <span class='ocrx_word' id='word_1_106' title='bbox 1078 1023 1329 1075; x_wconf 78' lang='lat' dir='ltr'>exemplum3</span> <span class='ocrx_word' id='word_1_107' title='bbox 1363 1023 1512 1067; x_wconf 84' lang='lat' dir='ltr'>deinde,</span> <span class='ocrx_word' id='word_1_108' title='bbox 1540 1023 1758 1061; x_wconf 69' lang='lat' dir='ltr'>introducta</span> <span class='ocrx_word' id='word_1_109' title='bbox 1776 1022 1833 1061; x_wconf 82' lang='lat' dir='ltr'>rei</span> 
     </span>
    </p>

    <p class='ocr_par' dir='ltr' id='par_1_13' title="bbox 424 1087 1840 1194">
     <span class='ocr_line' id='line_1_14' title="bbox 427 1087 1840 1141; baseline 0.001 -16"><span class='ocrx_word' id='word_1_110' title='bbox 427 1087 640 1126; x_wconf 76' lang='lat' dir='ltr'>similitudo</span> <span class='ocrx_word' id='word_1_111' title='bbox 657 1103 666 1126; x_wconf 76' lang='lat' dir='ltr'><em>z</em></span> <span class='ocrx_word' id='word_1_112' title='bbox 690 1087 820 1126; x_wconf 88' lang='lat' dir='ltr'>fabula</span> <span class='ocrx_word' id='word_1_113' title='bbox 839 1089 956 1127; x_wconf 85' lang='lat' dir='ltr'>etiam</span> <span class='ocrx_word' id='word_1_114' title='bbox 974 1102 1270 1141; x_wconf 85' lang='lat' dir='ltr'>nonnunquam,</span> <span class='ocrx_word' id='word_1_115' title='bbox 1287 1089 1353 1127; x_wconf 87' lang='lat' dir='ltr'>etfi</span> <span class='ocrx_word' id='word_1_116' title='bbox 1369 1089 1414 1126; x_wconf 88' lang='lat' dir='ltr'>s1t</span> <span class='ocrx_word' id='word_1_117' title='bbox 1429 1088 1681 1134; x_wconf 80' lang='lat' dir='ltr'>incredibilis,</span> <span class='ocrx_word' id='word_1_118' title='bbox 1700 1097 1840 1127; x_wconf 62' lang='lat' dir='ltr'>tamen</span> 
     </span>
     <span class='ocr_line' id='line_1_15' title="bbox 424 1153 860 1194; baseline 0.005 -2"><span class='ocrx_word' id='word_1_119' title='bbox 424 1153 603 1193; x_wconf 84' lang='lat' dir='ltr'>homines</span> <span class='ocrx_word' id='word_1_120' title='bbox 624 1165 860 1194; x_wconf 86' lang='lat' dir='ltr'>commovet.</span> 
     </span>
    </p>

    <p class='ocr_par' dir='ltr' id='par_1_14' title="bbox 421 1221 1839 2603">
     <span class='ocr_line' id='line_1_16' title="bbox 481 1221 1832 1276; baseline 0 -16"><span class='ocrx_word' id='word_1_121' title='bbox 481 1222 575 1260; x_wconf 90' lang='lat' dir='ltr'>XII.</span> <span class='ocrx_word' id='word_1_122' title='bbox 610 1223 783 1261; x_wconf 75' lang='lat' dir='ltr'><strong>FILIUS.</strong></span> <span class='ocrx_word' id='word_1_123' title='bbox 821 1223 958 1275; x_wconf 80' lang='lat' dir='ltr'>Qid?</span> <span class='ocrx_word' id='word_1_124' title='bbox 991 1222 1226 1262; x_wconf 85' lang='lat' dir='ltr'>definitionis</span> <span class='ocrx_word' id='word_1_125' title='bbox 1247 1236 1331 1276; x_wconf 85' lang='lat' dir='ltr'>quae</span> <span class='ocrx_word' id='word_1_126' title='bbox 1352 1222 1448 1262; x_wconf 83' lang='lat' dir='ltr'>ratio</span> <span class='ocrx_word' id='word_1_127' title='bbox 1479 1222 1544 1268; x_wconf 88' lang='lat' dir='ltr'>est,</span> <span class='ocrx_word' id='word_1_128' title='bbox 1575 1231 1615 1261; x_wconf 91' lang='lat' dir='ltr'>et</span> <span class='ocrx_word' id='word_1_129' title='bbox 1633 1236 1719 1275; x_wconf 83' lang='lat' dir='ltr'>quae</span> <span class='ocrx_word' id='word_1_130' title='bbox 1736 1221 1832 1261; x_wconf 81' lang='lat' dir='ltr'>via?</span> 
     </span>
     <span class='ocr_line' id='line_1_17' title="bbox 428 1288 1831 1342; baseline 0.001 -17"><span class='ocrx_word' id='word_1_131' title='bbox 428 1288 604 1326; x_wconf 77' lang='lat' dir='ltr'><strong>PATER.</strong></span> <span class='ocrx_word' id='word_1_132' title='bbox 636 1288 730 1326; x_wconf 89' lang='lat' dir='ltr'>Non</span> <span class='ocrx_word' id='word_1_133' title='bbox 750 1288 915 1327; x_wconf 89' lang='lat' dir='ltr'>dubium</span> <span class='ocrx_word' id='word_1_134' title='bbox 946 1289 998 1327; x_wconf 90' lang='lat' dir='ltr'>est</span> <span class='ocrx_word' id='word_1_135' title='bbox 1017 1289 1057 1327; x_wconf 85' lang='lat' dir='ltr'>id</span> <span class='ocrx_word' id='word_1_136' title='bbox 1077 1290 1252 1342; x_wconf 91' lang='lat' dir='ltr'>quidem,</span> <span class='ocrx_word' id='word_1_137' title='bbox 1287 1290 1383 1342; x_wconf 90' lang='lat' dir='ltr'>quin</span> <span class='ocrx_word' id='word_1_138' title='bbox 1410 1289 1584 1328; x_wconf 85' lang='lat' dir='ltr'>definitio</span> <span class='ocrx_word' id='word_1_139' title='bbox 1605 1302 1741 1342; x_wconf 85' lang='lat' dir='ltr'>genere</span> <span class='ocrx_word' id='word_1_140' title='bbox 1761 1288 1831 1326; x_wconf 90' lang='lat' dir='ltr'>de-</span> 
     </span>
     <span class='ocr_line' id='line_1_18' title="bbox 425 1353 1837 1407; baseline 0.001 -17"><span class='ocrx_word' id='word_1_141' title='bbox 425 1353 602 1399; x_wconf 81' lang='lat' dir='ltr'>claretur,</span> <span class='ocrx_word' id='word_1_142' title='bbox 624 1363 663 1392; x_wconf 90' lang='lat' dir='ltr'>et</span> <span class='ocrx_word' id='word_1_143' title='bbox 682 1355 912 1407; x_wconf 83' lang='lat' dir='ltr'>proprietate</span> <span class='ocrx_word' id='word_1_144' title='bbox 932 1355 1112 1407; x_wconf 88' lang='lat' dir='ltr'>quadam,</span> <span class='ocrx_word' id='word_1_145' title='bbox 1131 1366 1197 1394; x_wconf 88' lang='lat' dir='ltr'>aut</span> <span class='ocrx_word' id='word_1_146' title='bbox 1212 1356 1328 1394; x_wconf 88' lang='lat' dir='ltr'>etiam</span> <span class='ocrx_word' id='word_1_147' title='bbox 1348 1356 1623 1394; x_wconf 89' lang='lat' dir='ltr'>communium</span> <span class='ocrx_word' id='word_1_148' title='bbox 1644 1354 1837 1407; x_wconf 55' lang='lat' dir='ltr'>frequen*</span> 
     </span>
     <span class='ocr_line' id='line_1_19' title="bbox 426 1420 1830 1475; baseline 0.001 -18"><span class='ocrx_word' id='word_1_149' title='bbox 426 1420 500 1464; x_wconf 70' lang='lat' dir='ltr'>tia,</span> <span class='ocrx_word' id='word_1_150' title='bbox 521 1434 567 1458; x_wconf 83' lang='lat' dir='ltr'>ex</span> <span class='ocrx_word' id='word_1_151' title='bbox 588 1421 744 1473; x_wconf 77' lang='lat' dir='ltr'>quibus,</span> <span class='ocrx_word' id='word_1_152' title='bbox 768 1422 969 1474; x_wconf 82' lang='lat' dir='ltr'>proprium</span> <span class='ocrx_word' id='word_1_153' title='bbox 989 1422 1085 1474; x_wconf 80' lang='lat' dir='ltr'>quid</span> <span class='ocrx_word' id='word_1_154' title='bbox 1106 1422 1163 1467; x_wconf 86' lang='lat' dir='ltr'>fit,</span> <span class='ocrx_word' id='word_1_155' title='bbox 1185 1422 1345 1461; x_wconf 87' lang='lat' dir='ltr'>eluceat.</span> <span class='ocrx_word' id='word_1_156' title='bbox 1378 1423 1449 1460; x_wconf 83' lang='lat' dir='ltr'>Sed</span> <span class='ocrx_word' id='word_1_157' title='bbox 1469 1423 1655 1475; x_wconf 88' lang='lat' dir='ltr'>quoniam</span> <span class='ocrx_word' id='word_1_158' title='bbox 1676 1422 1722 1459; x_wconf 84' lang='lat' dir='ltr'>de</span> <span class='ocrx_word' id='word_1_159' title='bbox 1738 1434 1830 1474; x_wconf 75' lang='lat' dir='ltr'>pro-</span> 
     </span>
     <span class='ocr_line' id='line_1_20' title="bbox 425 1486 1833 1541; baseline 0.001 -18"><span class='ocrx_word' id='word_1_160' title='bbox 425 1487 517 1539; x_wconf 85' lang='lat' dir='ltr'>priis</span> <span class='ocrx_word' id='word_1_161' title='bbox 551 1488 673 1525; x_wconf 89' lang='lat' dir='ltr'>oritur</span> <span class='ocrx_word' id='word_1_162' title='bbox 703 1487 934 1540; x_wconf 88' lang='lat' dir='ltr'>plerumque</span> <span class='ocrx_word' id='word_1_163' title='bbox 968 1502 1108 1541; x_wconf 85' lang='lat' dir='ltr'>magna</span> <span class='ocrx_word' id='word_1_164' title='bbox 1136 1489 1321 1534; x_wconf 84' lang='lat' dir='ltr'>diffenfio,</span> <span class='ocrx_word' id='word_1_165' title='bbox 1356 1488 1621 1527; x_wconf 85' lang='lat' dir='ltr'>definiendum</span> <span class='ocrx_word' id='word_1_166' title='bbox 1655 1488 1707 1526; x_wconf 88' lang='lat' dir='ltr'>est</span> <span class='ocrx_word' id='word_1_167' title='bbox 1736 1486 1833 1540; x_wconf 83' lang='lat' dir='ltr'>saepe</span> 
     </span>
     <span class='ocr_line' id='line_1_21' title="bbox 424 1553 1831 1607; baseline 0.001 -18"><span class='ocrx_word' id='word_1_168' title='bbox 424 1566 471 1590; x_wconf 87' lang='lat' dir='ltr'>ex</span> <span class='ocrx_word' id='word_1_169' title='bbox 492 1553 705 1597; x_wconf 82' lang='lat' dir='ltr'>contrariis,</span> <span class='ocrx_word' id='word_1_170' title='bbox 723 1553 817 1605; x_wconf 77' lang='lat' dir='ltr'>saepe</span> <span class='ocrx_word' id='word_1_171' title='bbox 831 1554 948 1591; x_wconf 87' lang='lat' dir='ltr'>etiam</span> <span class='ocrx_word' id='word_1_172' title='bbox 968 1568 1015 1592; x_wconf 84' lang='lat' dir='ltr'>ex</span> <span class='ocrx_word' id='word_1_173' title='bbox 1032 1554 1291 1599; x_wconf 84' lang='lat' dir='ltr'>diffimilibus,</span> <span class='ocrx_word' id='word_1_174' title='bbox 1308 1555 1402 1607; x_wconf 81' lang='lat' dir='ltr'>saepe</span> <span class='ocrx_word' id='word_1_175' title='bbox 1420 1569 1467 1592; x_wconf 85' lang='lat' dir='ltr'>ex</span> <span class='ocrx_word' id='word_1_176' title='bbox 1482 1554 1652 1607; x_wconf 86' lang='lat' dir='ltr'>paribus.</span> <span class='ocrx_word' id='word_1_177' title='bbox 1675 1555 1831 1603; x_wconf 86' lang='lat' dir='ltr'>Qam-</span> 
     </span>
     <span class='ocr_line' id='line_1_22' title="bbox 425 1618 1832 1673; baseline 0.001 -17"><span class='ocrx_word' id='word_1_178' title='bbox 425 1618 561 1656; x_wconf 84' lang='lat' dir='ltr'>obrem</span> <span class='ocrx_word' id='word_1_179' title='bbox 592 1619 864 1671; x_wconf 84' lang='lat' dir='ltr'>descriptiones</span> <span class='ocrx_word' id='word_1_180' title='bbox 895 1634 1050 1672; x_wconf 90' lang='lat' dir='ltr'>quoque</span> <span class='ocrx_word' id='word_1_181' title='bbox 1082 1620 1168 1658; x_wconf 90' lang='lat' dir='ltr'>sunt</span> <span class='ocrx_word' id='word_1_182' title='bbox 1202 1621 1241 1657; x_wconf 91' lang='lat' dir='ltr'>in</span> <span class='ocrx_word' id='word_1_183' title='bbox 1263 1620 1338 1658; x_wconf 93' lang='lat' dir='ltr'>hoc</span> <span class='ocrx_word' id='word_1_184' title='bbox 1364 1634 1501 1673; x_wconf 82' lang='lat' dir='ltr'>genere</span> <span class='ocrx_word' id='word_1_185' title='bbox 1522 1620 1615 1673; x_wconf 88' lang='lat' dir='ltr'>saepe</span> <span class='ocrx_word' id='word_1_186' title='bbox 1647 1629 1757 1673; x_wconf 87' lang='lat' dir='ltr'>aptae,</span> <span class='ocrx_word' id='word_1_187' title='bbox 1792 1627 1832 1657; x_wconf 88' lang='lat' dir='ltr'>et</span> 
     </span>
     <span class='ocr_line' id='line_1_23' title="bbox 425 1685 1832 1739; baseline 0.002 -18"><span class='ocrx_word' id='word_1_188' title='bbox 425 1685 663 1722; x_wconf 82' lang='lat' dir='ltr'>enumeratio</span> <span class='ocrx_word' id='word_1_189' title='bbox 708 1685 1041 1738; x_wconf 88' lang='lat' dir='ltr'>consequentium,</span> <span class='ocrx_word' id='word_1_190' title='bbox 1073 1687 1113 1724; x_wconf 91' lang='lat' dir='ltr'>in</span> <span class='ocrx_word' id='word_1_191' title='bbox 1149 1686 1358 1739; x_wconf 82' lang='lat' dir='ltr'>primisque</span> <span class='ocrx_word' id='word_1_192' title='bbox 1395 1696 1618 1724; x_wconf 91' lang='lat' dir='ltr'>commovet</span> <span class='ocrx_word' id='word_1_193' title='bbox 1658 1686 1832 1738; x_wconf 82' lang='lat' dir='ltr'>explica·</span> 
     </span>
     <span class='ocr_line' id='line_1_24' title="bbox 426 1751 1839 1806; baseline 0.001 -18"><span class='ocrx_word' id='word_1_194' title='bbox 426 1752 481 1789; x_wconf 89' lang='lat' dir='ltr'>tio</span> <span class='ocrx_word' id='word_1_195' title='bbox 511 1751 689 1789; x_wconf 89' lang='lat' dir='ltr'>vocabuli</span> <span class='ocrx_word' id='word_1_196' title='bbox 720 1765 763 1789; x_wconf 92' lang='lat' dir='ltr'>ac</span> <span class='ocrx_word' id='word_1_197' title='bbox 797 1752 981 1791; x_wconf 88' lang='lat' dir='ltr'>nominis.</span> <span class='ocrx_word' id='word_1_198' title='bbox 1042 1753 1073 1790; x_wconf 83' lang='lat' dir='ltr'>F</span> <span class='ocrx_word' id='word_1_199' title='bbox 1079 1766 1216 1791; x_wconf 68' lang='lat' dir='ltr'>rmus,</span> <span class='ocrx_word' id='word_1_200' title='bbox 1249 1754 1345 1791; x_wconf 82' lang='lat' dir='ltr'>Sunt</span> <span class='ocrx_word' id='word_1_201' title='bbox 1371 1753 1540 1806; x_wconf 74' lang='lat' dir='ltr'>exposita</span> <span class='ocrx_word' id='word_1_202' title='bbox 1553 1753 1637 1805; x_wconf 86' lang='lat' dir='ltr'>jam</span> <span class='ocrx_word' id='word_1_203' title='bbox 1666 1751 1744 1790; x_wconf 86' lang='lat' dir='ltr'>fere</span> <span class='ocrx_word' id='word_1_204' title='bbox 1773 1765 1839 1798; x_wconf 87' lang='lat' dir='ltr'>ea,.</span> 
     </span>
     <span class='ocr_line' id='line_1_25' title="bbox 424 1816 1833 1872; baseline 0.001 -17"><span class='ocrx_word' id='word_1_205' title='bbox 424 1831 511 1870; x_wconf 85' lang='lat' dir='ltr'>quae</span> <span class='ocrx_word' id='word_1_206' title='bbox 530 1817 577 1854; x_wconf 90' lang='lat' dir='ltr'>de</span> <span class='ocrx_word' id='word_1_207' title='bbox 596 1816 712 1862; x_wconf 68' lang='lat' dir='ltr'>facto,</span> <span class='ocrx_word' id='word_1_208' title='bbox 734 1832 895 1870; x_wconf 85' lang='lat' dir='ltr'>quaeque</span> <span class='ocrx_word' id='word_1_209' title='bbox 916 1819 962 1856; x_wconf 94' lang='lat' dir='ltr'>de</span> <span class='ocrx_word' id='word_1_210' title='bbox 982 1817 1072 1856; x_wconf 69' lang='lat' dir='ltr'>facti</span> <span class='ocrx_word' id='word_1_211' title='bbox 1092 1818 1362 1872; x_wconf 86' lang='lat' dir='ltr'>appellatione,</span> <span class='ocrx_word' id='word_1_212' title='bbox 1385 1828 1622 1871; x_wconf 80' lang='lat' dir='ltr'>quaeruntur.</span> <span class='ocrx_word' id='word_1_213' title='bbox 1671 1818 1833 1872; x_wconf 82' lang='lat' dir='ltr'>Nempe</span> 
     </span>
     <span class='ocr_line' id='line_1_26' title="bbox 426 1883 1832 1937; baseline 0.001 -17"><span class='ocrx_word' id='word_1_214' title='bbox 426 1883 545 1935; x_wconf 82' lang='lat' dir='ltr'>igitur</span> <span class='ocrx_word' id='word_1_215' title='bbox 562 1896 603 1920; x_wconf 89' lang='lat' dir='ltr'>ea</span> <span class='ocrx_word' id='word_1_216' title='bbox 630 1883 780 1928; x_wconf 87' lang='lat' dir='ltr'>restant,</span> <span class='ocrx_word' id='word_1_217' title='bbox 821 1898 920 1937; x_wconf 88' lang='lat' dir='ltr'>quae,</span> <span class='ocrx_word' id='word_1_218' title='bbox 959 1898 1053 1923; x_wconf 86' lang='lat' dir='ltr'>cum</span> <span class='ocrx_word' id='word_1_219' title='bbox 1072 1884 1220 1923; x_wconf 71' lang='lat' dir='ltr'>factum</span> <span class='ocrx_word' id='word_1_220' title='bbox 1251 1884 1410 1930; x_wconf 89' lang='lat' dir='ltr'>constet,</span> <span class='ocrx_word' id='word_1_221' title='bbox 1443 1894 1481 1923; x_wconf 93' lang='lat' dir='ltr'>et</span> <span class='ocrx_word' id='word_1_222' title='bbox 1515 1898 1674 1930; x_wconf 89' lang='lat' dir='ltr'>nomen,</span> <span class='ocrx_word' id='word_1_223' title='bbox 1704 1883 1832 1936; x_wconf 86' lang='lat' dir='ltr'>qualia</span> 
     </span>
     <span class='ocr_line' id='line_1_27' title="bbox 425 1940 1836 1997; baseline -0.001 -10"><span class='ocrx_word' id='word_1_224' title='bbox 425 1950 511 1995; x_wconf 85' lang='lat' dir='ltr'>fint,</span> <span class='ocrx_word' id='word_1_225' title='bbox 533 1940 689 1988; x_wconf 89' lang='lat' dir='ltr'>vocatur</span> <span class='ocrx_word' id='word_1_226' title='bbox 719 1951 759 1988; x_wconf 92' lang='lat' dir='ltr'>in</span> <span class='ocrx_word' id='word_1_227' title='bbox 781 1951 961 1990; x_wconf 90' lang='lat' dir='ltr'>dubium.</span> <span class='ocrx_word' id='word_1_228' title='bbox 1022 1953 1201 1990; x_wconf 81' lang='lat' dir='ltr'>PATER.</span> <span class='ocrx_word' id='word_1_229' title='bbox 1232 1952 1301 1990; x_wconf 88' lang='lat' dir='ltr'>Est</span> <span class='ocrx_word' id='word_1_230' title='bbox 1320 1952 1386 1997; x_wconf 87' lang='lat' dir='ltr'>ita,</span> <span class='ocrx_word' id='word_1_231' title='bbox 1419 1960 1462 1989; x_wconf 92' lang='lat' dir='ltr'>ut</span> <span class='ocrx_word' id='word_1_232' title='bbox 1483 1952 1593 1990; x_wconf 85' lang='lat' dir='ltr'>dicis.</span> <span class='ocrx_word' id='word_1_233' title='bbox 1653 1952 1836 1990; x_wconf 65' lang='lat' dir='ltr'>F1L1us.</span> 
     </span>
     <span class='ocr_line' id='line_1_28' title="bbox 425 2016 1830 2072; baseline 0 -18"><span class='ocrx_word' id='word_1_234' title='bbox 425 2018 525 2068; x_wconf 80' lang='lat' dir='ltr'>Qae</span> <span class='ocrx_word' id='word_1_235' title='bbox 545 2017 631 2055; x_wconf 89' lang='lat' dir='ltr'>sunt</span> <span class='ocrx_word' id='word_1_236' title='bbox 652 2018 771 2070; x_wconf 84' lang='lat' dir='ltr'>igitur</span> <span class='ocrx_word' id='word_1_237' title='bbox 790 2018 830 2056; x_wconf 94' lang='lat' dir='ltr'>in</span> <span class='ocrx_word' id='word_1_238' title='bbox 851 2032 897 2056; x_wconf 92' lang='lat' dir='ltr'>eo</span> <span class='ocrx_word' id='word_1_239' title='bbox 916 2032 1052 2071; x_wconf 89' lang='lat' dir='ltr'>genere</span> <span class='ocrx_word' id='word_1_240' title='bbox 1072 2029 1194 2072; x_wconf 84' lang='lat' dir='ltr'>partes</span> <span class='ocrx_word' id='word_1_241' title='bbox 1214 2019 1226 2056; x_wconf 90' lang='lat'>?</span> <span class='ocrx_word' id='word_1_242' title='bbox 1278 2020 1454 2057; x_wconf 79' lang='lat' dir='ltr'><strong>PATER.</strong></span> <span class='ocrx_word' id='word_1_243' title='bbox 1478 2019 1560 2056; x_wconf 88' lang='lat' dir='ltr'>Aut</span> <span class='ocrx_word' id='word_1_244' title='bbox 1575 2019 1663 2070; x_wconf 89' lang='lat' dir='ltr'>jure</span> <span class='ocrx_word' id='word_1_245' title='bbox 1682 2016 1830 2055; x_wconf 58' lang='lat' dir='ltr'>faenum</span> 
     </span>
     <span class='ocr_line' id='line_1_29' title="bbox 425 2082 1835 2137; baseline 0 -17"><span class='ocrx_word' id='word_1_246' title='bbox 425 2082 657 2129; x_wconf 84' lang='lat' dir='ltr'>defenditur,</span> <span class='ocrx_word' id='word_1_247' title='bbox 689 2094 754 2122; x_wconf 85' lang='lat' dir='ltr'>aut</span> <span class='ocrx_word' id='word_1_248' title='bbox 775 2084 983 2122; x_wconf 88' lang='lat' dir='ltr'>ulciscendi</span> <span class='ocrx_word' id='word_1_249' title='bbox 1004 2084 1145 2123; x_wconf 84' lang='lat' dir='ltr'>doloris</span> <span class='ocrx_word' id='word_1_250' title='bbox 1165 2084 1299 2137; x_wconf 68' lang='lat' dir='ltr'>gratia,</span> <span class='ocrx_word' id='word_1_251' title='bbox 1333 2093 1397 2122; x_wconf 84' lang='lat' dir='ltr'>aut</span> <span class='ocrx_word' id='word_1_252' title='bbox 1430 2084 1596 2136; x_wconf 81' lang='lat' dir='ltr'>pietatis,</span> <span class='ocrx_word' id='word_1_253' title='bbox 1629 2091 1693 2121; x_wconf 81' lang='lat' dir='ltr'>aut</span> <span class='ocrx_word' id='word_1_254' title='bbox 1713 2083 1835 2136; x_wconf 81' lang='lat' dir='ltr'>pudi-</span> 
     </span>
     <span class='ocr_line' id='line_1_30' title="bbox 424 2149 1830 2203; baseline 0.001 -17"><span class='ocrx_word' id='word_1_255' title='bbox 424 2149 538 2194; x_wconf 85' lang='lat' dir='ltr'>citiae,</span> <span class='ocrx_word' id='word_1_256' title='bbox 574 2159 639 2187; x_wconf 86' lang='lat' dir='ltr'>aut</span> <span class='ocrx_word' id='word_1_257' title='bbox 674 2150 885 2202; x_wconf 84' lang='lat' dir='ltr'>religionis,</span> <span class='ocrx_word' id='word_1_258' title='bbox 917 2160 982 2188; x_wconf 91' lang='lat' dir='ltr'>aut</span> <span class='ocrx_word' id='word_1_259' title='bbox 1002 2152 1132 2203; x_wconf 86' lang='lat' dir='ltr'>patriae</span> <span class='ocrx_word' id='word_1_260' title='bbox 1167 2152 1337 2195; x_wconf 89' lang='lat' dir='ltr'>nomine,</span> <span class='ocrx_word' id='word_1_261' title='bbox 1371 2159 1436 2188; x_wconf 88' lang='lat' dir='ltr'>aut</span> <span class='ocrx_word' id='word_1_262' title='bbox 1470 2150 1637 2202; x_wconf 92' lang='lat' dir='ltr'>denique</span> <span class='ocrx_word' id='word_1_263' title='bbox 1671 2149 1830 2187; x_wconf 88' lang='lat' dir='ltr'>neceffi-</span> 
     </span>
     <span class='ocr_line' id='line_1_31' title="bbox 425 2215 1831 2269; baseline 0.001 -17"><span class='ocrx_word' id='word_1_264' title='bbox 425 2225 515 2260; x_wconf 85' lang='lat' dir='ltr'>tate,</span> <span class='ocrx_word' id='word_1_265' title='bbox 551 2215 712 2260; x_wconf 90' lang='lat' dir='ltr'>inscitia,</span> <span class='ocrx_word' id='word_1_266' title='bbox 748 2216 849 2254; x_wconf 82' lang='lat' dir='ltr'>casu.</span> <span class='ocrx_word' id='word_1_267' title='bbox 907 2217 1014 2254; x_wconf 85' lang='lat' dir='ltr'>Nam</span> <span class='ocrx_word' id='word_1_268' title='bbox 1048 2231 1133 2269; x_wconf 84' lang='lat' dir='ltr'>quae</span> <span class='ocrx_word' id='word_1_269' title='bbox 1163 2226 1275 2255; x_wconf 87' lang='lat' dir='ltr'>motu</span> <span class='ocrx_word' id='word_1_270' title='bbox 1306 2217 1440 2262; x_wconf 89' lang='lat' dir='ltr'>animi,</span> <span class='ocrx_word' id='word_1_271' title='bbox 1475 2225 1513 2254; x_wconf 92' lang='lat' dir='ltr'>et</span> <span class='ocrx_word' id='word_1_272' title='bbox 1545 2216 1831 2269; x_wconf 85' lang='lat' dir='ltr'>perturbatione</span> 
     </span>
     <span class='ocr_line' id='line_1_32' title="bbox 424 2280 1832 2335; baseline 0 -16"><span class='ocrx_word' id='word_1_273' title='bbox 424 2280 523 2320; x_wconf 66' lang='lat' dir='ltr'>facta</span> <span class='ocrx_word' id='word_1_274' title='bbox 543 2282 619 2320; x_wconf 85' lang='lat' dir='ltr'>fine</span> <span class='ocrx_word' id='word_1_275' title='bbox 648 2282 793 2320; x_wconf 86' lang='lat' dir='ltr'>ratione</span> <span class='ocrx_word' id='word_1_276' title='bbox 825 2282 925 2327; x_wconf 88' lang='lat' dir='ltr'>sunt,</span> <span class='ocrx_word' id='word_1_277' title='bbox 956 2295 1000 2320; x_wconf 90' lang='lat' dir='ltr'>ea</span> <span class='ocrx_word' id='word_1_278' title='bbox 1029 2282 1287 2321; x_wconf 75' lang='lat' dir='ltr'>defensionem</span> <span class='ocrx_word' id='word_1_279' title='bbox 1318 2292 1451 2321; x_wconf 85' lang='lat' dir='ltr'>contra</span> <span class='ocrx_word' id='word_1_280' title='bbox 1476 2283 1624 2320; x_wconf 90' lang='lat' dir='ltr'>crimen</span> <span class='ocrx_word' id='word_1_281' title='bbox 1655 2283 1696 2320; x_wconf 92' lang='lat' dir='ltr'>in</span> <span class='ocrx_word' id='word_1_282' title='bbox 1730 2282 1832 2335; x_wconf 88' lang='lat' dir='ltr'>legi-</span> 
     </span>
     <span class='ocr_line' id='line_1_33' title="bbox 426 2347 1832 2403; baseline 0.001 -18"><span class='ocrx_word' id='word_1_283' title='bbox 426 2348 532 2386; x_wconf 80' lang='lat' dir='ltr'>timis</span> <span class='ocrx_word' id='word_1_284' title='bbox 562 2348 721 2400; x_wconf 87' lang='lat' dir='ltr'>judiciis</span> <span class='ocrx_word' id='word_1_285' title='bbox 756 2362 834 2386; x_wconf 91' lang='lat' dir='ltr'>non</span> <span class='ocrx_word' id='word_1_286' title='bbox 867 2348 1025 2394; x_wconf 90' lang='lat' dir='ltr'>habent,</span> <span class='ocrx_word' id='word_1_287' title='bbox 1076 2350 1116 2387; x_wconf 92' lang='lat' dir='ltr'>in</span> <span class='ocrx_word' id='word_1_288' title='bbox 1152 2350 1281 2387; x_wconf 89' lang='lat' dir='ltr'>liberis</span> <span class='ocrx_word' id='word_1_289' title='bbox 1317 2349 1656 2403; x_wconf 81' lang='lat' dir='ltr'>disceptationibus</span> <span class='ocrx_word' id='word_1_290' title='bbox 1690 2347 1832 2386; x_wconf 83' lang='lat' dir='ltr'>habere</span> 
     </span>
     <span class='ocr_line' id='line_1_34' title="bbox 426 2413 1830 2468; baseline 0 -17"><span class='ocrx_word' id='word_1_291' title='bbox 426 2413 593 2466; x_wconf 87' lang='lat' dir='ltr'>poffunt.</span> <span class='ocrx_word' id='word_1_292' title='bbox 652 2415 744 2452; x_wconf 89' lang='lat' dir='ltr'>Hoc</span> <span class='ocrx_word' id='word_1_293' title='bbox 766 2414 803 2451; x_wconf 87' lang='lat' dir='ltr'>in</span> <span class='ocrx_word' id='word_1_294' title='bbox 825 2428 972 2466; x_wconf 85' lang='lat' dir='ltr'>genere,</span> <span class='ocrx_word' id='word_1_295' title='bbox 1007 2415 1048 2452; x_wconf 89' lang='lat' dir='ltr'>in</span> <span class='ocrx_word' id='word_1_296' title='bbox 1068 2429 1160 2467; x_wconf 91' lang='lat' dir='ltr'>quo,</span> <span class='ocrx_word' id='word_1_297' title='bbox 1196 2415 1307 2467; x_wconf 87' lang='lat' dir='ltr'>quale</span> <span class='ocrx_word' id='word_1_298' title='bbox 1326 2415 1384 2460; x_wconf 79' lang='lat' dir='ltr'>sit,</span> <span class='ocrx_word' id='word_1_299' title='bbox 1418 2416 1613 2468; x_wconf 82' lang='lat' dir='ltr'>quaeritur,</span> <span class='ocrx_word' id='word_1_300' title='bbox 1648 2427 1696 2452; x_wconf 85' lang='lat' dir='ltr'>ex</span> <span class='ocrx_word' id='word_1_301' title='bbox 1731 2427 1830 2451; x_wconf 85' lang='lat' dir='ltr'>con-</span> 
     </span>
     <span class='ocr_line' id='line_1_35' title="bbox 426 2479 1829 2534; baseline 0 -17"><span class='ocrx_word' id='word_1_302' title='bbox 426 2481 613 2526; x_wconf 87' lang='lat' dir='ltr'>troverfia,</span> <span class='ocrx_word' id='word_1_303' title='bbox 644 2481 743 2533; x_wconf 88' lang='lat' dir='ltr'>jure,</span> <span class='ocrx_word' id='word_1_304' title='bbox 779 2489 817 2518; x_wconf 88' lang='lat' dir='ltr'>et</span> <span class='ocrx_word' id='word_1_305' title='bbox 838 2483 985 2519; x_wconf 71' lang='lat' dir='ltr'>rectene</span> <span class='ocrx_word' id='word_1_306' title='bbox 1019 2483 1147 2520; x_wconf 64' lang='lat' dir='ltr'>actum</span> <span class='ocrx_word' id='word_1_307' title='bbox 1169 2482 1227 2526; x_wconf 87' lang='lat' dir='ltr'>fit,</span> <span class='ocrx_word' id='word_1_308' title='bbox 1263 2482 1381 2534; x_wconf 82' lang='lat' dir='ltr'>quaeri</span> <span class='ocrx_word' id='word_1_309' title='bbox 1401 2481 1522 2526; x_wconf 82' lang='lat' dir='ltr'>solet3</span> <span class='ocrx_word' id='word_1_310' title='bbox 1545 2494 1721 2533; x_wconf 63' lang='lat' dir='ltr'>quorum⁴</span> <span class='ocrx_word' id='word_1_311' title='bbox 1750 2479 1829 2517; x_wconf 89' lang='lat' dir='ltr'>dis-</span> 
     </span>
     <span class='ocr_line' id='line_1_36' title="bbox 421 2545 1828 2603; baseline 0.001 -19"><span class='ocrx_word' id='word_1_312' title='bbox 421 2547 571 2598; x_wconf 87' lang='lat' dir='ltr'>putatio</span> <span class='ocrx_word' id='word_1_313' title='bbox 603 2561 650 2587; x_wconf 87' lang='lat' dir='ltr'>ex</span> <span class='ocrx_word' id='word_1_314' title='bbox 680 2548 857 2587; x_wconf 85' lang='lat' dir='ltr'>locorum</span> <span class='ocrx_word' id='word_1_315' title='bbox 878 2548 1132 2603; x_wconf 86' lang='lat' dir='ltr'>descriptione</span> <span class='ocrx_word' id='word_1_316' title='bbox 1161 2548 1343 2588; x_wconf 81' lang='lat' dir='ltr'>sumenda</span> <span class='ocrx_word' id='word_1_317' title='bbox 1363 2547 1430 2588; x_wconf 90' lang='lat' dir='ltr'>est.</span> <span class='ocrx_word' id='word_1_318' title='bbox 1490 2549 1663 2588; x_wconf 79' lang='lat' dir='ltr'>F1L1us.</span> <span class='ocrx_word' id='word_1_319' title='bbox 1694 2545 1828 2599; x_wconf 75' lang='lat' dir='ltr'>Agesis</span> 
     </span>
    </p>
   </div>
  </div>
 </body>
</html>
