2176 2912
389 215 466 267 198
741 208 1441 253 DEORATORE

385 307 462 346 fine
481 306 542 346 his
562 306 695 345 studiis
716 306 911 360 putaretis,
930 306 969 345 id
990 319 1053 345 me
1073 319 1150 345 non
1163 305 1281 344 modo
1302 318 1380 344 non
1397 304 1573 344 hortatur
1587 304 1633 344 ad
1653 305 1783 360 dispu-

384 374 559 418 tandum,
582 373 643 411 sed
662 373 777 411 etiam
797 373 971 411 deterret.
1022 373 1128 411 Nam
1150 381 1195 410 ut
1213 373 1261 411 C.
1285 372 1475 417 Lucilius,
1496 370 1616 410 homo
1636 372 1786 418 dostus,

386 448 425 478 et
455 441 705 494 perurbanus,
735 439 861 477 dicere
889 439 1044 484 solebat,
1075 452 1130 485 ea,
1160 452 1245 491 quae
1273 438 1465 484 scriberet,
1501 452 1626 491 neque
1655 439 1702 478 ab
1723 440 1785 478 in-

386 506 623 551 doctiffimis,
655 519 778 559 neque
807 506 854 544 ab
883 505 1120 550 dofflffimis,
1153 505 1228 558 legi
1241 505 1338 543 velle
1354 523 1366 549 ;
1412 505 1516 558 quod
1550 505 1657 544 alteri
1687 504 1786 553 nihil

386 572 659 625 intelligerent,
690 572 797 609 alteri
816 572 902 625 plus
922 571 1085 615 fortasse,
1106 584 1223 623 quam
1244 570 1320 623 ipse
1335 589 1347 615 3
1379 584 1458 623 quo
1487 572 1605 609 etiam
1628 571 1786 624 scripsit,

386 639 548 690 Perfium
567 651 634 676 non
654 652 738 676 curo
757 638 891 690 legere5
917 636 1000 688 (hic
1015 637 1122 674 enirn
1139 636 1228 681 fuit,
1243 644 1287 674 ut
1301 648 1495 681 noramus,
1512 637 1692 675 omnium
1709 636 1787 675 fere

388 704 604 742 nostrorum
622 702 830 742 hominum
855 700 1109 753 doctiffimus)
1142 702 1298 740 Laelium
1320 701 1510 740 Decimum
1529 703 1620 747 volo,
1651 703 1787 754 (quem

385 769 640 823 cognovimus
660 769 788 805 virum
808 767 971 812 bonum,
993 776 1031 805 et
1051 780 1129 805 non
1149 766 1392 812 illiteratum,
1425 766 1488 805 sed
1506 766 1606 805 nihil
1627 767 1673 806 ad
1695 769 1787 806 Per-

386 835 483 873 smm
498 835 529 885 ;)
551 834 601 872 fic
621 846 707 886 ego,
729 833 755 871 fi
770 834 853 885 jam
873 831 973 871 mihi
994 832 1268 886 disputandum
1287 832 1333 871 fit
1348 832 1394 870 de
1409 830 1470 871 his
1490 832 1623 871 nostris
1639 832 1787 879 studiis,

386 901 510 939 nolim
530 900 711 952 equidem
731 899 833 952 apud
852 898 1024 943 rusticos,
1056 899 1118 938 sed
1137 900 1264 937 multo
1283 900 1413 938 minus
1433 899 1535 952 apud
1554 912 1634 939 vos.
1678 899 1789 938 Malo

387 967 493 1004 enim
514 979 590 1004 non
611 965 777 1019 intelligi
797 966 1011 1003 orationem
1029 978 1174 1010 meam,
1192 979 1309 1017 quam
1327 964 1564 1018 reprehendi.

443 1033 536 1071 VII.
568 1033 678 1070 Tum
707 1031 842 1076 Caesar,
863 1030 1059 1083 equidem,
1087 1031 1228 1084 inquit,
1258 1031 1409 1076 Catule,
1437 1032 1520 1084 jam
1539 1030 1640 1070 mihi
1661 1031 1789 1070 videor

388 1098 530 1137 navaffe
545 1111 715 1151 operam,
733 1098 839 1150 quod
853 1097 931 1136 huc
947 1097 1131 1136 venerim.
1155 1098 1262 1136 Nam
1274 1096 1355 1136 haec
1368 1096 1446 1150 ipsa
1461 1097 1644 1135 recusatio
1656 1097 1788 1150 dispu-

386 1164 556 1209 tationis,
578 1163 782 1217 disputatio
797 1163 972 1216 quaedam
983 1162 1060 1201 fuit
1072 1161 1172 1201 mihi
1189 1164 1350 1216 quidem
1363 1162 1611 1216 perjucunda.
1634 1162 1706 1201 Sed
1721 1176 1790 1203 cur

385 1231 624 1284 impedimus
640 1231 875 1275 Antonium,
891 1231 951 1282 cuj
958 1243 1001 1268 us
1016 1230 1129 1267 audio
1144 1229 1215 1268 effe
1229 1238 1368 1282 partes,
1385 1238 1428 1267 ut
1444 1228 1490 1266 de
1506 1237 1586 1267 tota
1602 1229 1789 1281 eloquen-

389 1298 441 1335 tia
461 1296 621 1341 differat,
643 1310 839 1349 quemque
848 1296 1083 1348 jamdudum
1105 1297 1222 1334 Cotta
1240 1305 1278 1334 et
1298 1295 1491 1349 Sulpicius
1512 1296 1743 1348 expediant?

445 1365 530 1416 Ego
561 1370 664 1407 vero,
696 1363 826 1415 inquit
860 1362 1022 1408 Craffus,
1059 1376 1184 1415 neque
1217 1362 1437 1401 Antonium
1469 1361 1633 1400 verbum
1667 1360 1791 1399 facere

391 1432 523 1484 patiar,
554 1439 592 1467 et
618 1429 696 1483 ipse
715 1430 993 1475 obmutescam,
1024 1430 1093 1468 nifi
1114 1430 1219 1483 prius
1238 1443 1260 1467 a
1279 1429 1387 1467 vobis
1406 1429 1626 1483 impetrare.
1658 1427 1790 1479 Qid-

390 1507 481 1534 nam
499 1497 511 1532 ?
543 1496 671 1548 inquit
692 1495 869 1533 Catulus.
913 1498 969 1533 Ut
989 1495 1054 1534 hic
1074 1496 1151 1534 fitis
1171 1494 1301 1534 hodie.
1332 1496 1457 1540 Tum,
1476 1508 1568 1533 cum
1588 1493 1654 1531 ille
1672 1493 1790 1532 dubi-

390 1570 498 1606 taret,
521 1562 625 1613 quod
642 1561 688 1598 ad
707 1560 865 1598 fratrem
883 1561 1117 1614 promiserat,
1146 1562 1247 1613 Ego,
1278 1561 1407 1613 inquit
1423 1560 1565 1612 JuliUS,
1592 1572 1662 1613 pro
1681 1568 1790 1598 utro-

389 1642 463 1681 que
484 1627 713 1681 respondeo:
746 1627 795 1665 s1c
816 1627 1024 1665 faciemus:
1057 1636 1170 1680 atque
1189 1627 1256 1665 ista
1276 1626 1434 1679 quidem
1463 1626 1701 1672 conditione,
1729 1626 1790 1665 vel

389 1703 433 1733 ut
451 1695 612 1732 verbum
632 1694 787 1732 nullum
808 1692 962 1738 faceres,
982 1706 1044 1731 me
1061 1701 1221 1732 teneres.

447 1761 527 1799 Hic
555 1760 715 1798 Catulus
745 1760 886 1804 arrisu,
918 1768 955 1797 et
976 1759 1103 1804 fimul,
1134 1759 1298 1812 praecisa,
1329 1758 1471 1811 inquit,
1503 1757 1602 1797 mihi
1633 1758 1791 1811 quidem

391 1828 581 1865 dubitatio
614 1827 679 1871 est,
711 1827 895 1879 quoniam
930 1839 1053 1878 neque
1086 1826 1194 1864 domi
1217 1826 1444 1879 imperaram
1461 1843 1472 1871 ς
1504 1834 1542 1863 et
1568 1824 1647 1870 hic,
1689 1825 1790 1878 apud

390 1907 507 1946 quem
527 1906 629 1939 eram
650 1892 817 1937 futurus,
836 1893 910 1930 fine
932 1906 1016 1930 mea
1034 1891 1215 1930 sententia
1236 1902 1314 1930 tam
1329 1890 1440 1930 facile
1460 1892 1647 1945 promifit.
1680 1893 1792 1930 Tum

391 1973 524 1998 omnes
555 1960 688 1997 oculos
718 1961 757 1997 in
790 1960 1008 1997 Antonium
1039 1959 1311 2010 conjecerunt3
1343 1968 1379 1996 et
1408 1958 1487 2003 ille,
1515 1958 1657 1996 Audite
1688 1971 1789 2002 vero,

389 2026 530 2070 audite,
562 2026 703 2077 inquit.
764 2026 981 2063 Hominem
1003 2025 1108 2061 enim
1128 2024 1287 2061 audietis
1303 2024 1349 2061 de
1365 2022 1507 2068 schola,
1529 2032 1642 2075 atque
1663 2036 1682 2059 a
1705 2036 1790 2060 ma—

391 2091 520 2144 gistro,
539 2101 575 2128 et
593 2093 738 2129 Graccis
760 2092 878 2129 literis
898 2090 1092 2149 eruditum
1109 2105 1117 2127 ε
1141 2098 1178 2126 et
1194 2103 1239 2127 eo
1260 2089 1418 2142 quidem
1435 2088 1570 2140 loquar
1589 2087 1790 2125 confiden-

391 2154 480 2196 tius,
518 2152 623 2203 quod
645 2152 807 2190 Catulus
828 2152 976 2189 auditor
1010 2150 1185 2195 acceffit;
1217 2151 1280 2188 cui
1311 2163 1387 2188 non
1416 2149 1542 2188 solum
1569 2162 1637 2187 nos
1659 2149 1791 2187 Latini

393 2218 590 2263 sermonis,
622 2218 683 2255 sed
715 2219 830 2255 etiam
864 2218 990 2255 Graeci
1024 2218 1091 2270 ipfi
1124 2217 1245 2255 solent
1274 2217 1347 2255 suae
1377 2216 1520 2269 linguae
1540 2216 1791 2254 subtilitatem

392 2284 699 2336 elegantiamque
729 2284 948 2321 concedere.
1009 2283 1080 2320 Sed
1120 2292 1260 2328 tamen,
1302 2283 1488 2335 quoniam
1526 2281 1600 2320 hoc
1640 2291 1789 2326 totum,

392 2349 583 2401 quidquid
612 2349 677 2393 est,
709 2349 779 2386 five
799 2348 1019 2393 artificium,
1051 2348 1123 2386 five
1154 2348 1323 2386 studium
1344 2348 1511 2393 dicendi,
1542 2347 1610 2385 nifi
1642 2346 1792 2385 acceffit

392 2428 449 2458 os,
483 2414 634 2451 nullum
654 2414 774 2466 potest
794 2414 891 2458 cffe3
923 2414 1069 2451 docebo
1090 2426 1170 2458 vos,
1200 2413 1393 2466 discipuli,
1418 2414 1471 2460 id,
1492 2413 1598 2467 quod
1617 2413 1695 2467 ipse
1713 2425 1791 2451 non

392 2479 525 2523 didici,
548 2480 643 2531 quid
662 2480 708 2517 de
727 2479 835 2518 omni
856 2493 992 2531 genere
1011 2479 1166 2518 dicendi
1185 2478 1359 2518 sentiam.
