<?xml version="1.0" encoding="UTF-8"?>
<!DOCTYPE html PUBLIC "-//W3C//DTD XHTML 1.0 Transitional//EN"
    "http://www.w3.org/TR/xhtml1/DTD/xhtml1-transitional.dtd">
<html xmlns="http://www.w3.org/1999/xhtml" xml:lang="en" lang="en">
 <head>
  <title>
</title>
<meta http-equiv="Content-Type" content="text/html;charset=utf-8" />
  <meta name='ocr-system' content='tesseract 3.04.00' />
  <meta name='ocr-capabilities' content='ocr_page ocr_carea ocr_par ocr_line ocrx_word'/>
</head>
<body>
  <div class='ocr_page' id='page_1' title='image "./operacumindicibu01ciceuoft_0029.png"; bbox 0 0 2176 2912; ppageno 0'>
   <div class='ocr_carea' id='block_1_1' title="bbox 661 187 1767 255">
    <p class='ocr_par' dir='ltr' id='par_1_1' title="bbox 661 187 1767 255">
     <span class='ocr_line' id='line_1_1' title="bbox 661 187 1767 255; baseline 0.014 -28"><span class='ocrx_word' id='word_1_1' title='bbox 661 187 1424 237; x_wconf 80' lang='lat' dir='ltr'><strong>CICERONIS.</strong></span> <span class='ocrx_word' id='word_1_2' title='bbox 1721 217 1767 255; x_wconf 82' lang='lat'>19</span> 
     </span>
    </p>
   </div>
   <div class='ocr_carea' id='block_1_2' title="bbox 468 301 1762 601">
    <p class='ocr_par' dir='ltr' id='par_1_2' title="bbox 468 301 1762 601">
     <span class='ocr_line' id='line_1_2' title="bbox 474 301 1762 366; baseline 0.016 -28"><span class='ocrx_word' id='word_1_3' title='bbox 474 301 839 355; x_wconf 89' lang='lat' dir='ltr'>Philosophicorum</span> <span class='ocrx_word' id='word_1_4' title='bbox 874 318 970 358; x_wconf 86' lang='lat' dir='ltr'>pars.</span> <span class='ocrx_word' id='word_1_5' title='bbox 1019 307 1156 347; x_wconf 86' lang='lat' dir='ltr'>Oratio</span> <span class='ocrx_word' id='word_1_6' title='bbox 1181 323 1251 362; x_wconf 87' lang='lat' dir='ltr'>pro</span> <span class='ocrx_word' id='word_1_7' title='bbox 1284 311 1329 350; x_wconf 90' lang='lat' dir='ltr'>P.</span> <span class='ocrx_word' id='word_1_8' title='bbox 1363 314 1544 366; x_wconf 84' lang='lat' dir='ltr'>Qintio.</span> <span class='ocrx_word' id='word_1_9' title='bbox 1591 318 1665 356; x_wconf 87' lang='lat' dir='ltr'>Pro</span> <span class='ocrx_word' id='word_1_10' title='bbox 1698 320 1762 358; x_wconf 88' lang='lat' dir='ltr'>M.</span> 
     </span>
     <span class='ocr_line' id='line_1_3' title="bbox 470 362 1762 424; baseline 0.015 -25"><span class='ocrx_word' id='word_1_11' title='bbox 470 362 651 402; x_wconf 88' lang='lat' dir='ltr'>Fonteio.</span> <span class='ocrx_word' id='word_1_12' title='bbox 700 364 837 403; x_wconf 85' lang='lat' dir='ltr'>Oratio</span> <span class='ocrx_word' id='word_1_13' title='bbox 865 367 974 405; x_wconf 88' lang='lat' dir='ltr'>tertia</span> <span class='ocrx_word' id='word_1_14' title='bbox 1000 367 1046 404; x_wconf 88' lang='lat' dir='ltr'>de</span> <span class='ocrx_word' id='word_1_15' title='bbox 1079 369 1183 422; x_wconf 86' lang='lat' dir='ltr'>Lege</span> <span class='ocrx_word' id='word_1_16' title='bbox 1212 373 1384 424; x_wconf 82' lang='lat' dir='ltr'>Agraria.</span> <span class='ocrx_word' id='word_1_17' title='bbox 1438 375 1512 414; x_wconf 88' lang='lat' dir='ltr'>Pro</span> <span class='ocrx_word' id='word_1_18' title='bbox 1534 378 1582 416; x_wconf 88' lang='lat' dir='ltr'>L.</span> <span class='ocrx_word' id='word_1_19' title='bbox 1606 379 1762 419; x_wconf 84' lang='lat' dir='ltr'>Flacco.</span> 
     </span>
     <span class='ocr_line' id='line_1_4' title="bbox 471 423 1761 493; baseline 0.015 -33"><span class='ocrx_word' id='word_1_20' title='bbox 471 423 517 461; x_wconf 90' lang='lat' dir='ltr'>In</span> <span class='ocrx_word' id='word_1_21' title='bbox 539 425 587 462; x_wconf 93' lang='lat' dir='ltr'>L.</span> <span class='ocrx_word' id='word_1_22' title='bbox 613 424 871 477; x_wconf 87' lang='lat' dir='ltr'>Calpurnium</span> <span class='ocrx_word' id='word_1_23' title='bbox 894 427 1088 474; x_wconf 85' lang='lat' dir='ltr'>Pisonem,</span> <span class='ocrx_word' id='word_1_24' title='bbox 1122 432 1358 473; x_wconf 85' lang='lat' dir='ltr'>orationum</span> <span class='ocrx_word' id='word_1_25' title='bbox 1380 435 1606 488; x_wconf 78' lang='lat' dir='ltr'>fragmenta.</span> <span class='ocrx_word' id='word_1_26' title='bbox 1648 441 1761 493; x_wconf 86' lang='lat' dir='ltr'>Epis-</span> 
     </span>
     <span class='ocr_line' id='line_1_5' title="bbox 469 483 1762 551; baseline 0.015 -30"><span class='ocrx_word' id='word_1_27' title='bbox 469 483 557 522; x_wconf 86' lang='lat' dir='ltr'>tolae</span> <span class='ocrx_word' id='word_1_28' title='bbox 573 485 619 522; x_wconf 88' lang='lat' dir='ltr'>ad</span> <span class='ocrx_word' id='word_1_29' title='bbox 641 485 807 525; x_wconf 89' lang='lat' dir='ltr'><strong>Brutum</strong></span> <span class='ocrx_word' id='word_1_30' title='bbox 831 501 851 525; x_wconf 91' lang='lat' dir='ltr'>a</span> <span class='ocrx_word' id='word_1_31' title='bbox 872 489 1078 528; x_wconf 83' lang='lat' dir='ltr'>Germanis</span> <span class='ocrx_word' id='word_1_32' title='bbox 1101 502 1257 544; x_wconf 82' lang='lat' dir='ltr'>repertae</span> <span class='ocrx_word' id='word_1_33' title='bbox 1279 503 1317 532; x_wconf 85' lang='lat' dir='ltr'>et</span> <span class='ocrx_word' id='word_1_34' title='bbox 1336 496 1459 536; x_wconf 84' lang='lat' dir='ltr'>editae.</span> <span class='ocrx_word' id='word_1_35' title='bbox 1501 500 1762 551; x_wconf 86' lang='lat' dir='ltr'>Epistolarum</span> 
     </span>
     <span class='ocr_line' id='line_1_6' title="bbox 468 546 1725 601; baseline 0.015 -19"><span class='ocrx_word' id='word_1_36' title='bbox 468 553 506 583; x_wconf 87' lang='lat' dir='ltr'>et</span> <span class='ocrx_word' id='word_1_37' title='bbox 529 546 759 586; x_wconf 75' lang='lat' dir='ltr'>poematum</span> <span class='ocrx_word' id='word_1_38' title='bbox 781 547 1010 601; x_wconf 87' lang='lat' dir='ltr'>fragmenta.</span> <span class='ocrx_word' id='word_1_39' title='bbox 1062 551 1124 589; x_wconf 91' lang='lat' dir='ltr'>De</span> <span class='ocrx_word' id='word_1_40' title='bbox 1145 554 1338 594; x_wconf 88' lang='lat' dir='ltr'>Petitione</span> <span class='ocrx_word' id='word_1_41' title='bbox 1359 558 1589 598; x_wconf 83' lang='lat' dir='ltr'>Consulatus</span> <span class='ocrx_word' id='word_1_42' title='bbox 1611 561 1725 601; x_wconf 88' lang='lat' dir='ltr'>liber.</span> 
     </span>
    </p>
   </div>
   <div class='ocr_carea' id='block_1_3' title="bbox 375 688 1757 816">
    <p class='ocr_par' dir='ltr' id='par_1_3' title="bbox 375 688 1757 816">
     <span class='ocr_line' id='line_1_7' title="bbox 375 688 1757 758; baseline 0.014 -34"><span class='ocrx_word' id='word_1_43' title='bbox 375 690 422 726; x_wconf 88' lang='lat' dir='ltr'>B.</span> <span class='ocrx_word' id='word_1_44' title='bbox 456 688 593 727; x_wconf 83' lang='lat' dir='ltr'>Codex</span> <span class='ocrx_word' id='word_1_45' title='bbox 613 689 707 727; x_wconf 87' lang='lat' dir='ltr'>alter</span> <span class='ocrx_word' id='word_1_46' title='bbox 726 691 896 743; x_wconf 87' lang='lat' dir='ltr'>ejusdem</span> <span class='ocrx_word' id='word_1_47' title='bbox 915 694 1084 748; x_wconf 86' lang='lat' dir='ltr'>Collegii</span> <span class='ocrx_word' id='word_1_48' title='bbox 1104 696 1226 736; x_wconf 89' lang='lat' dir='ltr'>chart.</span> <span class='ocrx_word' id='word_1_49' title='bbox 1243 697 1313 737; x_wconf 90' lang='lat' dir='ltr'>fol.</span> <span class='ocrx_word' id='word_1_50' title='bbox 1333 700 1372 738; x_wconf 89' lang='lat' dir='ltr'>in</span> <span class='ocrx_word' id='word_1_51' title='bbox 1391 703 1513 741; x_wconf 88' lang='lat' dir='ltr'>Catal.</span> <span class='ocrx_word' id='word_1_52' title='bbox 1531 704 1642 743; x_wconf 88' lang='lat' dir='ltr'>Bodl.</span> <span class='ocrx_word' id='word_1_53' title='bbox 1664 718 1757 758; x_wconf 81' lang='lat'>391.</span> 
     </span>
     <span class='ocr_line' id='line_1_8' title="bbox 466 751 1635 816; baseline 0.015 -29"><span class='ocrx_word' id='word_1_54' title='bbox 466 751 603 789; x_wconf 87' lang='lat' dir='ltr'>Oratio</span> <span class='ocrx_word' id='word_1_55' title='bbox 632 764 702 804; x_wconf 89' lang='lat' dir='ltr'>pro</span> <span class='ocrx_word' id='word_1_56' title='bbox 722 753 870 791; x_wconf 84' lang='lat' dir='ltr'>Archia</span> <span class='ocrx_word' id='word_1_57' title='bbox 892 755 1022 802; x_wconf 86' lang='lat' dir='ltr'>Poeta,</span> <span class='ocrx_word' id='word_1_58' title='bbox 1054 771 1244 798; x_wconf 86' lang='lat' dir='ltr'>annorum</span> <span class='ocrx_word' id='word_1_59' title='bbox 1266 762 1381 814; x_wconf 88' lang='lat' dir='ltr'>paulo</span> <span class='ocrx_word' id='word_1_60' title='bbox 1401 763 1489 816; x_wconf 86' lang='lat' dir='ltr'>plus</span> <span class='ocrx_word' id='word_1_61' title='bbox 1512 767 1635 804; x_wconf 89' lang='lat' dir='ltr'>CCC.</span> 
     </span>
    </p>
   </div>
   <div class='ocr_carea' id='block_1_4' title="bbox 354 878 1755 1118">
    <p class='ocr_par' dir='ltr' id='par_1_4' title="bbox 354 878 1755 1118">
     <span class='ocr_line' id='line_1_9' title="bbox 354 878 1755 934; baseline 0.014 -19"><span class='ocrx_word' id='word_1_62' title='bbox 354 878 400 917; x_wconf 89' lang='lat' dir='ltr'>B.</span> <span class='ocrx_word' id='word_1_63' title='bbox 452 879 588 917; x_wconf 84' lang='lat' dir='ltr'>Codex</span> <span class='ocrx_word' id='word_1_64' title='bbox 607 879 701 918; x_wconf 87' lang='lat' dir='ltr'>alter</span> <span class='ocrx_word' id='word_1_65' title='bbox 721 882 892 934; x_wconf 88' lang='lat' dir='ltr'>ejusdem</span> <span class='ocrx_word' id='word_1_66' title='bbox 915 884 1021 923; x_wconf 89' lang='lat' dir='ltr'>Coll.</span> <span class='ocrx_word' id='word_1_67' title='bbox 1046 887 1264 926; x_wconf 87' lang='lat' dir='ltr'>membran.</span> <span class='ocrx_word' id='word_1_68' title='bbox 1296 889 1403 929; x_wconf 90' lang='lat' dir='ltr'>folio.</span> <span class='ocrx_word' id='word_1_69' title='bbox 1456 893 1596 933; x_wconf 86' lang='lat' dir='ltr'>Libros</span> <span class='ocrx_word' id='word_1_70' title='bbox 1625 897 1755 933; x_wconf 88' lang='lat' dir='ltr'>conti-</span> 
     </span>
     <span class='ocr_line' id='line_1_10' title="bbox 461 936 1752 1009; baseline 0.014 -32"><span class='ocrx_word' id='word_1_71' title='bbox 461 949 527 978; x_wconf 85' lang='lat' dir='ltr'>net</span> <span class='ocrx_word' id='word_1_72' title='bbox 545 941 608 978; x_wconf 88' lang='lat' dir='ltr'>De</span> <span class='ocrx_word' id='word_1_73' title='bbox 624 936 839 989; x_wconf 66' lang='lat' dir='ltr'>Senectute,</span> <span class='ocrx_word' id='word_1_74' title='bbox 862 945 924 983; x_wconf 89' lang='lat' dir='ltr'>De</span> <span class='ocrx_word' id='word_1_75' title='bbox 942 946 1144 993; x_wconf 85' lang='lat' dir='ltr'>Amicitia,</span> <span class='ocrx_word' id='word_1_76' title='bbox 1167 958 1204 987; x_wconf 88' lang='lat' dir='ltr'>et</span> <span class='ocrx_word' id='word_1_77' title='bbox 1221 950 1427 990; x_wconf 82' lang='lat' dir='ltr'>Paradoxa.</span> <span class='ocrx_word' id='word_1_78' title='bbox 1475 954 1613 993; x_wconf 89' lang='lat' dir='ltr'>Nitide</span> <span class='ocrx_word' id='word_1_79' title='bbox 1634 956 1752 1009; x_wconf 87' lang='lat' dir='ltr'>scrip—</span> 
     </span>
     <span class='ocr_line' id='line_1_11' title="bbox 461 1007 1753 1058; baseline 0.014 -20"><span class='ocrx_word' id='word_1_80' title='bbox 461 1010 539 1046; x_wconf 86' lang='lat' dir='ltr'>tus,</span> <span class='ocrx_word' id='word_1_81' title='bbox 570 1014 670 1040; x_wconf 88' lang='lat' dir='ltr'>anno</span> <span class='ocrx_word' id='word_1_82' title='bbox 696 1017 813 1056; x_wconf 84' lang='lat'>1450.</span> <span class='ocrx_word' id='word_1_83' title='bbox 845 1019 912 1058; x_wconf 88' lang='lat' dir='ltr'>per</span> <span class='ocrx_word' id='word_1_84' title='bbox 930 1007 982 1045; x_wconf 89' lang='lat' dir='ltr'>T.</span> <span class='ocrx_word' id='word_1_85' title='bbox 1002 1008 1223 1055; x_wconf 74' lang='lat' dir='ltr'>Werkent3</span> <span class='ocrx_word' id='word_1_86' title='bbox 1260 1021 1297 1050; x_wconf 89' lang='lat' dir='ltr'>et</span> <span class='ocrx_word' id='word_1_87' title='bbox 1318 1013 1377 1050; x_wconf 86' lang='lat' dir='ltr'>vel</span> <span class='ocrx_word' id='word_1_88' title='bbox 1401 1014 1578 1053; x_wconf 86' lang='lat' dir='ltr'>librarius</span> <span class='ocrx_word' id='word_1_89' title='bbox 1598 1017 1672 1055; x_wconf 20' lang='lat' dir='ltr'>&#39;iste</span> <span class='ocrx_word' id='word_1_90' title='bbox 1693 1018 1753 1056; x_wconf 89' lang='lat' dir='ltr'>vel</span> 
     </span>
     <span class='ocr_line' id='line_1_12' title="bbox 458 1061 1751 1118; baseline 0.014 -19"><span class='ocrx_word' id='word_1_91' title='bbox 458 1061 703 1102; x_wconf 81' lang='lat' dir='ltr'>illuminator</span> <span class='ocrx_word' id='word_1_92' title='bbox 722 1065 812 1103; x_wconf 87' lang='lat' dir='ltr'>libri</span> <span class='ocrx_word' id='word_1_93' title='bbox 834 1067 986 1118; x_wconf 87' lang='lat' dir='ltr'>Anglus</span> <span class='ocrx_word' id='word_1_94' title='bbox 1009 1067 1118 1107; x_wconf 84' lang='lat' dir='ltr'>fuiffe</span> <span class='ocrx_word' id='word_1_95' title='bbox 1146 1072 1323 1117; x_wconf 85' lang='lat' dir='ltr'>videtur;</span> <span class='ocrx_word' id='word_1_96' title='bbox 1356 1088 1446 1113; x_wconf 86' lang='lat' dir='ltr'>nam</span> <span class='ocrx_word' id='word_1_97' title='bbox 1474 1076 1573 1115; x_wconf 89' lang='lat' dir='ltr'>inter</span> <span class='ocrx_word' id='word_1_98' title='bbox 1599 1078 1751 1116; x_wconf 88' lang='lat' dir='ltr'>illumi-</span> 
     </span>
    </p>
   </div>
   <div class='ocr_carea' id='block_1_5' title="bbox 457 1123 1752 1240">
    <p class='ocr_par' dir='ltr' id='par_1_5' title="bbox 457 1123 1752 1240">
     <span class='ocr_line' id='line_1_13' title="bbox 460 1123 1752 1183; baseline 0.015 -24"><span class='ocrx_word' id='word_1_99' title='bbox 460 1123 631 1161; x_wconf 86' lang='lat' dir='ltr'>nationes</span> <span class='ocrx_word' id='word_1_100' title='bbox 653 1126 789 1177; x_wconf 84' lang='lat' dir='ltr'>primae</span> <span class='ocrx_word' id='word_1_101' title='bbox 808 1128 956 1180; x_wconf 86' lang='lat' dir='ltr'>paginae</span> <span class='ocrx_word' id='word_1_102' title='bbox 973 1129 1106 1183; x_wconf 83' lang='lat' dir='ltr'>saepius</span> <span class='ocrx_word' id='word_1_103' title='bbox 1127 1132 1269 1171; x_wconf 89' lang='lat' dir='ltr'>dicitur</span> <span class='ocrx_word' id='word_1_104' title='bbox 1300 1141 1328 1158; x_wconf 87' lang='lat'><strong>“</strong></span> <span class='ocrx_word' id='word_1_105' title='bbox 1344 1136 1475 1175; x_wconf 85' lang='lat' dir='ltr'>Abide</span> <span class='ocrx_word' id='word_1_106' title='bbox 1503 1138 1578 1177; x_wconf 91' lang='lat' dir='ltr'>and</span> <span class='ocrx_word' id='word_1_107' title='bbox 1598 1140 1752 1179; x_wconf 85' lang='lat' dir='ltr'>Have.·&#39;</span> 
     </span>
     <span class='ocr_line' id='line_1_14' title="bbox 457 1183 974 1240; baseline 0.015 -20"><span class='ocrx_word' id='word_1_108' title='bbox 457 1183 503 1221; x_wconf 91' lang='lat' dir='ltr'>In</span> <span class='ocrx_word' id='word_1_109' title='bbox 524 1184 648 1224; x_wconf 88' lang='lat' dir='ltr'>Catal.</span> <span class='ocrx_word' id='word_1_110' title='bbox 672 1187 784 1226; x_wconf 92' lang='lat' dir='ltr'>Bodl.</span> <span class='ocrx_word' id='word_1_111' title='bbox 807 1188 860 1227; x_wconf 90' lang='lat' dir='ltr'>est</span> <span class='ocrx_word' id='word_1_112' title='bbox 880 1189 974 1240; x_wconf 89' lang='lat'><strong>406.</strong></span> 
     </span>
    </p>
   </div>
   <div class='ocr_carea' id='block_1_6' title="bbox 288 1315 1746 1627">
    <p class='ocr_par' dir='ltr' id='par_1_6' title="bbox 288 1315 1746 1627">
     <span class='ocr_line' id='line_1_15' title="bbox 288 1315 1745 1393; baseline 0.014 -32"><span class='ocrx_word' id='word_1_113' title='bbox 288 1315 329 1372; x_wconf 70' lang='grc' dir='ltr'><em>ψ</em></span> <span class='ocrx_word' id='word_1_114' title='bbox 347 1324 426 1364; x_wconf 84' lang='grc' dir='ltr'>2Β.</span> <span class='ocrx_word' id='word_1_115' title='bbox 446 1324 583 1365; x_wconf 80' lang='lat' dir='ltr'>Codex</span> <span class='ocrx_word' id='word_1_116' title='bbox 614 1327 709 1367; x_wconf 87' lang='lat' dir='ltr'>alter</span> <span class='ocrx_word' id='word_1_117' title='bbox 741 1329 913 1382; x_wconf 88' lang='lat' dir='ltr'>ejusdem</span> <span class='ocrx_word' id='word_1_118' title='bbox 943 1332 1047 1372; x_wconf 83' lang='lat' dir='ltr'>Con.</span> <span class='ocrx_word' id='word_1_119' title='bbox 1075 1334 1199 1375; x_wconf 83' lang='lat' dir='ltr'>chart.</span> <span class='ocrx_word' id='word_1_120' title='bbox 1232 1336 1303 1376; x_wconf 81' lang='lat' dir='ltr'>fol.</span> <span class='ocrx_word' id='word_1_121' title='bbox 1336 1339 1375 1378; x_wconf 90' lang='lat' dir='ltr'>in</span> <span class='ocrx_word' id='word_1_122' title='bbox 1404 1341 1492 1380; x_wconf 89' lang='lat' dir='ltr'>Cat.</span> <span class='ocrx_word' id='word_1_123' title='bbox 1515 1342 1627 1380; x_wconf 91' lang='lat' dir='ltr'>Bodl.</span> <span class='ocrx_word' id='word_1_124' title='bbox 1650 1356 1745 1393; x_wconf 86' lang='lat'><strong>420.</strong></span> 
     </span>
     <span class='ocr_line' id='line_1_16' title="bbox 455 1387 1745 1453; baseline 0.015 -29"><span class='ocrx_word' id='word_1_125' title='bbox 455 1387 643 1427; x_wconf 84' lang='lat' dir='ltr'>Continet</span> <span class='ocrx_word' id='word_1_126' title='bbox 665 1390 805 1430; x_wconf 91' lang='lat' dir='ltr'>Libros</span> <span class='ocrx_word' id='word_1_127' title='bbox 829 1405 866 1444; x_wconf 83' lang='lat'>5.</span> <span class='ocrx_word' id='word_1_128' title='bbox 900 1394 1061 1432; x_wconf 88' lang='lat' dir='ltr'>Tuscul.</span> <span class='ocrx_word' id='word_1_129' title='bbox 1085 1397 1243 1449; x_wconf 85' lang='lat' dir='ltr'>Disput.</span> <span class='ocrx_word' id='word_1_130' title='bbox 1277 1399 1345 1438; x_wconf 86' lang='lat' dir='ltr'>nifi</span> <span class='ocrx_word' id='word_1_131' title='bbox 1367 1402 1470 1453; x_wconf 90' lang='lat' dir='ltr'>quod</span> <span class='ocrx_word' id='word_1_132' title='bbox 1494 1402 1540 1440; x_wconf 89' lang='lat' dir='ltr'>ad</span> <span class='ocrx_word' id='word_1_133' title='bbox 1560 1403 1679 1441; x_wconf 85' lang='lat' dir='ltr'>finem</span> <span class='ocrx_word' id='word_1_134' title='bbox 1694 1404 1745 1441; x_wconf 86' lang='lat' dir='ltr'>li-</span> 
     </span>
     <span class='ocr_line' id='line_1_17' title="bbox 453 1447 1746 1505; baseline 0.015 -21"><span class='ocrx_word' id='word_1_135' title='bbox 453 1447 512 1485; x_wconf 85' lang='lat' dir='ltr'>bri</span> <span class='ocrx_word' id='word_1_136' title='bbox 544 1450 674 1500; x_wconf 89' lang='lat' dir='ltr'>quinti</span> <span class='ocrx_word' id='word_1_137' title='bbox 703 1465 825 1505; x_wconf 82' lang='lat' dir='ltr'>pauca</span> <span class='ocrx_word' id='word_1_138' title='bbox 855 1453 1022 1498; x_wconf 84' lang='lat' dir='ltr'>desunt;</span> <span class='ocrx_word' id='word_1_139' title='bbox 1068 1456 1206 1495; x_wconf 86' lang='lat' dir='ltr'>ultima</span> <span class='ocrx_word' id='word_1_140' title='bbox 1238 1461 1349 1498; x_wconf 88' lang='lat' dir='ltr'>verba</span> <span class='ocrx_word' id='word_1_141' title='bbox 1382 1463 1673 1503; x_wconf 86' lang='lat' dir='ltr'>“Metrodorus</span> <span class='ocrx_word' id='word_1_142' title='bbox 1703 1474 1746 1503; x_wconf 92' lang='lat' dir='ltr'>ut</span> 
     </span>
     <span class='ocr_line' id='line_1_18' title="bbox 454 1508 1742 1577; baseline 0.016 -32"><span class='ocrx_word' id='word_1_143' title='bbox 454 1508 605 1546; x_wconf 86' lang='lat' dir='ltr'>Plato.&#39;&#39;</span> <span class='ocrx_word' id='word_1_144' title='bbox 636 1525 674 1564; x_wconf 91' lang='lat' dir='ltr'>p.</span> <span class='ocrx_word' id='word_1_145' title='bbox 698 1526 788 1564; x_wconf 86' lang='lat'>392.</span> <span class='ocrx_word' id='word_1_146' title='bbox 819 1513 847 1551; x_wconf 89' lang='lat' dir='ltr'>l.</span> <span class='ocrx_word' id='word_1_147' title='bbox 865 1527 930 1554; x_wconf 88' lang='lat'>22.</span> <span class='ocrx_word' id='word_1_148' title='bbox 976 1517 1184 1556; x_wconf 82' lang='lat' dir='ltr'>Annorum</span> <span class='ocrx_word' id='word_1_149' title='bbox 1206 1519 1357 1559; x_wconf 89' lang='lat' dir='ltr'>videtur</span> <span class='ocrx_word' id='word_1_150' title='bbox 1376 1524 1493 1574; x_wconf 88' lang='lat' dir='ltr'>paulo</span> <span class='ocrx_word' id='word_1_151' title='bbox 1513 1525 1600 1577; x_wconf 86' lang='lat' dir='ltr'>plus</span> <span class='ocrx_word' id='word_1_152' title='bbox 1619 1526 1742 1565; x_wconf 92' lang='lat' dir='ltr'>CCC.</span> 
     </span>
     <span class='ocr_line' id='line_1_19' title="bbox 449 1569 1268 1627; baseline 0.016 -21"><span class='ocrx_word' id='word_1_153' title='bbox 449 1569 606 1609; x_wconf 89' lang='lat' dir='ltr'>Absunt</span> <span class='ocrx_word' id='word_1_154' title='bbox 629 1573 775 1625; x_wconf 90' lang='lat' dir='ltr'>ubique</span> <span class='ocrx_word' id='word_1_155' title='bbox 795 1574 1074 1627; x_wconf 88' lang='lat' dir='ltr'>disputantium</span> <span class='ocrx_word' id='word_1_156' title='bbox 1097 1581 1268 1620; x_wconf 86' lang='lat' dir='ltr'>nomina.</span> 
     </span>
    </p>
   </div>
   <div class='ocr_carea' id='block_1_7' title="bbox 288 1712 1742 1953">
    <p class='ocr_par' dir='ltr' id='par_1_7' title="bbox 288 1712 1742 1953">
     <span class='ocr_line' id='line_1_20' title="bbox 288 1712 1742 1774; baseline 0.015 -24"><span class='ocrx_word' id='word_1_157' title='bbox 288 1722 407 1765; x_wconf 86' lang='lat'><strong>2032.</strong></span> <span class='ocrx_word' id='word_1_158' title='bbox 439 1712 479 1750; x_wconf 90' lang='lat' dir='ltr'>in</span> <span class='ocrx_word' id='word_1_159' title='bbox 502 1713 590 1754; x_wconf 89' lang='lat' dir='ltr'>Cat.</span> <span class='ocrx_word' id='word_1_160' title='bbox 614 1715 727 1755; x_wconf 90' lang='lat' dir='ltr'>Bodl.</span> <span class='ocrx_word' id='word_1_161' title='bbox 771 1719 906 1759; x_wconf 82' lang='lat' dir='ltr'>Codex</span> <span class='ocrx_word' id='word_1_162' title='bbox 939 1722 1043 1761; x_wconf 92' lang='lat' dir='ltr'>Coll.</span> <span class='ocrx_word' id='word_1_163' title='bbox 1074 1723 1162 1774; x_wconf 86' lang='lat' dir='ltr'>Jesu</span> <span class='ocrx_word' id='word_1_164' title='bbox 1198 1738 1276 1764; x_wconf 87' lang='lat' dir='ltr'>non</span> <span class='ocrx_word' id='word_1_165' title='bbox 1307 1726 1360 1765; x_wconf 89' lang='lat' dir='ltr'>est</span> <span class='ocrx_word' id='word_1_166' title='bbox 1390 1728 1590 1769; x_wconf 85' lang='lat' dir='ltr'>Ciceronis</span> <span class='ocrx_word' id='word_1_167' title='bbox 1622 1731 1742 1771; x_wconf 89' lang='lat' dir='ltr'>Liber</span> 
     </span>
     <span class='ocr_line' id='line_1_21' title="bbox 451 1774 1740 1844; baseline 0.016 -33"><span class='ocrx_word' id='word_1_168' title='bbox 451 1774 514 1812; x_wconf 88' lang='lat' dir='ltr'>De</span> <span class='ocrx_word' id='word_1_169' title='bbox 533 1776 736 1823; x_wconf 86' lang='lat' dir='ltr'>Amicitia,</span> <span class='ocrx_word' id='word_1_170' title='bbox 767 1780 845 1832; x_wconf 87' lang='lat' dir='ltr'>ipse</span> <span class='ocrx_word' id='word_1_171' title='bbox 874 1782 965 1820; x_wconf 92' lang='lat' dir='ltr'>licet</span> <span class='ocrx_word' id='word_1_172' title='bbox 990 1784 1114 1823; x_wconf 86' lang='lat' dir='ltr'>codex</span> <span class='ocrx_word' id='word_1_173' title='bbox 1143 1785 1304 1826; x_wconf 89' lang='lat' dir='ltr'>titulum</span> <span class='ocrx_word' id='word_1_174' title='bbox 1334 1789 1449 1829; x_wconf 88' lang='lat' dir='ltr'>istum</span> <span class='ocrx_word' id='word_1_175' title='bbox 1482 1805 1560 1844; x_wconf 84' lang='lat' dir='ltr'>prae</span> <span class='ocrx_word' id='word_1_176' title='bbox 1587 1792 1623 1831; x_wconf 88' lang='lat' dir='ltr'>se</span> <span class='ocrx_word' id='word_1_177' title='bbox 1650 1792 1740 1839; x_wconf 91' lang='lat' dir='ltr'>fert,</span> 
     </span>
     <span class='ocr_line' id='line_1_22' title="bbox 448 1834 1738 1900; baseline 0.019 -29"><span class='ocrx_word' id='word_1_178' title='bbox 448 1834 509 1873; x_wconf 89' lang='lat' dir='ltr'>sed</span> <span class='ocrx_word' id='word_1_179' title='bbox 529 1848 708 1890; x_wconf 86' lang='lat' dir='ltr'>excerpta</span> <span class='ocrx_word' id='word_1_180' title='bbox 723 1840 763 1877; x_wconf 92' lang='lat' dir='ltr'>in</span> <span class='ocrx_word' id='word_1_181' title='bbox 779 1853 863 1879; x_wconf 89' lang='lat' dir='ltr'>eam</span> <span class='ocrx_word' id='word_1_182' title='bbox 881 1856 962 1880; x_wconf 89' lang='lat' dir='ltr'>rem</span> <span class='ocrx_word' id='word_1_183' title='bbox 979 1857 1025 1882; x_wconf 84' lang='lat' dir='ltr'>ex</span> <span class='ocrx_word' id='word_1_184' title='bbox 1044 1845 1194 1884; x_wconf 82' lang='lat' dir='ltr'>diverfis</span> <span class='ocrx_word' id='word_1_185' title='bbox 1216 1850 1449 1898; x_wconf 64' lang='lat' dir='ltr'>auetoribus,</span> <span class='ocrx_word' id='word_1_186' title='bbox 1471 1865 1519 1892; x_wconf 82' lang='lat' dir='ltr'>ex</span> <span class='ocrx_word' id='word_1_187' title='bbox 1537 1854 1738 1900; x_wconf 82' lang='lat' dir='ltr'>Cicerone,</span> 
     </span>
     <span class='ocr_line' id='line_1_23' title="bbox 447 1896 1337 1953; baseline 0.018 -20"><span class='ocrx_word' id='word_1_188' title='bbox 447 1908 495 1934; x_wconf 84' lang='lat' dir='ltr'>ex</span> <span class='ocrx_word' id='word_1_189' title='bbox 516 1896 552 1935; x_wconf 89' lang='lat' dir='ltr'>S.</span> <span class='ocrx_word' id='word_1_190' title='bbox 576 1898 782 1953; x_wconf 88' lang='lat' dir='ltr'>Scripturis</span> <span class='ocrx_word' id='word_1_191' title='bbox 803 1902 879 1943; x_wconf 66' lang='grc' dir='ltr'>ἅτε,</span> <span class='ocrx_word' id='word_1_192' title='bbox 941 1905 1077 1944; x_wconf 86' lang='lat' dir='ltr'>Unum</span> <span class='ocrx_word' id='word_1_193' title='bbox 1098 1907 1248 1947; x_wconf 84' lang='lat' dir='ltr'>circiter</span> <span class='ocrx_word' id='word_1_194' title='bbox 1266 1907 1337 1948; x_wconf 82' lang='lat' dir='ltr'>fol.</span> 
     </span>
    </p>
   </div>
  </div>
 </body>
</html>
