2176 2912
771 183 1302 222 ORATOR.
1664 190 1738 237 461

341 276 409 314 illa
438 276 483 314 ad
518 275 813 328 intelligentiam
835 275 1065 320 referuntur,
1097 274 1178 314 haec
1213 276 1259 314 ad
1293 276 1560 329 voluptatem,
1593 279 1634 317 in
1669 280 1745 318 illis

342 343 438 379 ratio
458 342 619 385 invenit,
651 342 691 378 in
722 340 782 378 his
803 341 943 386 sensus,
965 350 1100 379 artem.
1147 343 1230 379 Aut
1249 342 1353 379 enim
1377 344 1604 396 negligenda
1635 346 1745 383 nobis

340 407 417 445 fuit
437 407 610 459 voluptas
632 420 780 450 eorum,
798 407 939 459 quibus
960 407 1113 459 probari
1133 407 1371 452 volebamus,
1389 419 1453 447 aut
1475 423 1529 447 ars
1551 411 1630 462 ejus
1651 425 1746 449 con-

339 473 513 511 ciliandae
534 472 766 525 reperienda,

401 540 502 577 Duae
522 539 609 576 sunt
628 539 747 591 igitur
767 552 838 583 res,
858 553 943 591 quae
963 540 1229 592 permulceant
1245 553 1364 586 aures,
1377 543 1490 595 sonus
1508 550 1546 579 et
1566 557 1745 582 numerus.

340 605 403 643 De
434 619 596 642 numero
622 617 729 649 mox,
766 618 869 642 nunc
901 605 947 642 de
981 605 1071 644 sono
1105 606 1326 657 quaerimus.
1387 607 1528 652 Verba,
1560 617 1604 645 ut
1638 608 1748 660 supra

340 671 526 716 diximus,
558 671 716 722 legenda
736 671 822 708 sunt
838 670 1078 723 potiffimum
1101 672 1196 710 bene
1217 671 1401 718 sonantia,
1432 673 1493 711 sed
1523 687 1564 711 ea
1596 688 1673 712 non
1704 684 1747 713 ut

339 746 473 789 poene,
506 736 693 788 exquisita
722 736 768 774 ad
803 736 953 781 sonum,
985 736 1046 774 sed
1078 737 1231 790 sumpta
1250 738 1296 775 de
1316 739 1458 777 medio.
1518 741 1600 791 Qut
1612 749 1747 792 pontus

340 805 462 841 Helles
483 834 491 841 .
518 834 526 841 .
553 833 560 840 .
590 803 738 854 superat
770 803 947 841 modum.
1008 805 1063 842 At
1093 807 1267 842 Auratus
1297 806 1390 843 aries
1421 806 1629 844 Colchorum
1652 836 1662 845 .
1693 837 1702 845 .
1734 837 1744 846 .

340 868 546 921 splendidis
567 869 792 906 nominibus
825 869 1067 907 illuminatus
1098 869 1150 907 est
1170 870 1323 908 versus:
1357 871 1418 908 sed
1448 872 1650 924 proximus
1682 874 1744 911 in·-

340 935 522 988 quinatus
542 933 797 972 insuaviffima
816 934 925 972 litera
943 934 1090 980 finitus,
1122 936 1338 988 Fruggfira,
1361 948 1396 975 et
1401 937 1514 989 serta
1531 953 1629 977 arva
1648 940 1748 991 Astae

338 1009 448 1040 tenet.
486 1002 614 1052 Qare
635 1000 804 1038 bonitate
823 1002 952 1053 potius
973 1001 1189 1040 nostrorum
1210 1003 1415 1041 verborum
1436 1012 1604 1049 utamur,
1627 1019 1745 1057 quam

339 1067 539 1119 splendore
560 1067 801 1110 Graecorum,
825 1066 893 1104 nisi
914 1065 1013 1104 forte
1033 1067 1082 1105 fic
1102 1067 1210 1119 loqui
1231 1069 1393 1120 poenitet
1411 1088 1422 1114 ς
1446 1071 1528 1121 Qut
1548 1079 1659 1123 tempe
1686 1082 1746 1109 ate

339 1134 454 1173 Paris
474 1133 659 1177 Helenam,
687 1141 726 1170 et
745 1147 828 1184 quae
849 1133 1073 1185 sequuntur.
1106 1135 1236 1172 Immo
1256 1149 1344 1173 vero
1365 1135 1431 1173 ista
1449 1136 1664 1187 sequamur,
1686 1138 1743 1175 as-

339 1200 618 1252 peritatemque
638 1197 833 1250 fugiamus
847 1217 858 1243 ς
879 1199 1004 1238 Habeo
1024 1199 1122 1252 sscmz
1140 1215 1199 1253 ego
1212 1202 1517 1254 perterricrepam
1533 1232 1544 1240 .
1560 1232 1568 1241 .
1587 1233 1595 1240 .
1613 1203 1744 1241 Idem-

340 1280 416 1319 que
429 1285 439 1310 ;
474 1266 738 1319 W⁷7fictz'loqzcas
757 1266 927 1304 malitias.

400 1333 487 1371 Nec
518 1332 642 1371 solum
677 1341 959 1384 componentur
979 1332 1093 1370 verba
1123 1334 1281 1378 ratione,
1314 1333 1376 1372 sed
1410 1334 1525 1372 etlam
1547 1334 1743 1380 finientur,

341 1399 526 1451 quoniam
549 1397 588 1435 id
602 1397 800 1449 judicium
816 1397 887 1435 effe
907 1398 1071 1436 alterum
1084 1400 1233 1436 aurium
1251 1399 1436 1438 diximus.
1470 1401 1541 1438 Sed
1557 1400 1744 1439 finiuntur

340 1474 405 1502 aut
434 1464 709 1517 compositione
740 1464 830 1516 ipsa,
861 1473 900 1501 et
927 1464 1030 1516 quafi
1062 1464 1124 1502 sua
1144 1465 1289 1517 sponte,
1321 1475 1385 1503 aut
1406 1467 1573 1517 quodam
1606 1480 1745 1519 genere

338 1531 559 1574 verborum,
597 1530 637 1567 in
671 1530 812 1581 quibus
847 1530 935 1581 ipsis
969 1530 1209 1568 concinnitas
1244 1531 1339 1568 inest
1354 1550 1366 1576 ;
1399 1545 1496 1583 quae,
1533 1532 1605 1570 five
1638 1532 1743 1570 casus

339 1595 482 1634 habent
502 1596 543 1633 in
562 1596 668 1634 exitu
687 1595 842 1640 slmiles,
874 1595 948 1633 five
967 1595 1121 1648 paribus
1142 1597 1244 1648 paria
1265 1596 1487 1642 redduntur,
1520 1597 1592 1635 five
1619 1611 1742 1650 oppo-

340 1672 485 1700 nuntur
504 1663 705 1707 contraria,
737 1662 864 1714 suapte
884 1662 1018 1700 natura
1037 1663 1237 1717 numerosa
1257 1663 1358 1708 sunt,
1389 1664 1505 1701 etiam
1524 1664 1549 1701 fi
1572 1663 1672 1702 nihil
1692 1664 1745 1702 est

340 1727 487 1766 fac‘tum
507 1728 553 1765 de
573 1728 767 1765 industria.

397 1794 443 1832 In
476 1792 591 1845 hujus
623 1793 893 1831 concinnitatis
925 1794 1203 1833 consectatione
1238 1796 1427 1848 Gorgiam
1458 1794 1566 1833 fuifi'e
1597 1796 1742 1849 princi-

340 1874 431 1913 pem
465 1860 698 1912 accepimus,
735 1873 813 1910 quo
847 1859 893 1897 de
927 1874 1061 1912 genere
1082 1861 1147 1898 illa
1178 1861 1300 1898 nostra
1320 1862 1406 1899 sunt
1436 1863 1475 1899 in
1498 1862 1742 1900 Miloniana:

340 1927 406 1980 Est
425 1928 527 1971 enim,
546 1926 698 1978 judices,
729 1926 806 1965 haec
824 1941 890 1964 non
897 1927 1058 1979 scrzjvtffi
1064 1927 1137 1980 fid
1150 1937 1240 1964 nata
1259 1928 1314 1965 lex
1332 1946 1340 1971 ;
1374 1943 1478 1980 quam
1498 1943 1564 1966 non
1585 1928 1743 1972 dicimus,

339 1993 547 2045 accepimus,
578 1992 748 2044 legimus3
791 2007 917 2030 verum
949 2008 991 2031 ex
1015 2002 1153 2031 natura
1187 1993 1261 2045 ipsit
1291 1993 1523 2045 arripuimus,
1555 1994 1743 2044 hausimus,

340 2058 586 2110 expreſjimus;
617 2057 669 2095 ad
691 2072 795 2110 quam
815 2072 882 2096 non
902 2058 1005 2102 (ίοὲῗὶ,
1021 2058 1219 2111 sbdshtc‘lz'5
1251 2073 1318 2096 non
1339 2059 1505 2111 instituti,
1522 2058 1594 2111 std
1619 2059 1749 2097 imbuti

327 2125 467 2177 sumus.
528 2124 625 2162 Haec
645 2124 748 2161 enim
771 2123 859 2161 talia
878 2123 978 2168 sunt,
1011 2133 1066 2168 ut,
1103 2124 1193 2175 quia
1213 2123 1429 2162 referuntur
1447 2125 1493 2161 ad
1522 2137 1576 2168 ea,
1599 2124 1644 2161 ad
1665 2139 1748 2176 quae

341 2190 481 2227 debent
512 2189 654 2234 referri,
682 2189 944 2242 intelligamus
980 2205 1057 2228 non
1091 2190 1291 2242 quaefitum
1325 2190 1396 2228 effe
1431 2204 1650 2236 numerum,
1683 2191 1743 2228 sed

341 2255 529 2294 secutum.

398 2322 517 2372 Qod
545 2320 589 2357 fit
620 2321 714 2358 item
748 2321 789 2358 in
823 2323 1020 2359 contrariis
1043 2320 1277 2365 refe1·endis;
1310 2331 1353 2359 ut
1388 2321 1452 2358 illa
1474 2322 1572 2366 sunt,
1602 2320 1741 2373 quibus

342 2400 421 2426 non
441 2386 557 2424 modo
578 2387 776 2424 numerosa
796 2388 930 2431 oratio,
962 2387 1023 2424 sed
1045 2388 1160 2424 etiam
1182 2387 1322 2431 versus,
1344 2388 1522 2431 efficitur,

480 2454 587 2496 Eam,
607 2467 710 2504 quam
730 2452 823 2490 nihil
837 2454 992 2504 accrfizs,
1023 2453 1181 2490 damnas.

343 2518 571 2563 condemnas,
594 2518 757 2563 dixifi‘et,
777 2519 842 2570 qui
865 2517 1013 2556 versum
1036 2517 1202 2571 effugere
1222 2517 1409 2557 voluisset.
