2176 2912
641 186 918 226 LIBER
983 185 1346 224 PRIMUS.
1648 202 1698 241 29

295 287 403 326 omni
438 286 635 325 causarum
665 299 827 338 genere,
859 285 982 338 qualis
1016 285 1150 323 debeat
1182 285 1277 330 effe,
1319 285 1588 324 consideretur.

351 354 461 390 VIII.
486 352 627 390 Omnis
649 366 720 396 res,
743 366 828 404 quae
847 351 964 390 habet
984 352 1023 389 in
1046 351 1081 388 se
1098 351 1257 403 positam
1280 352 1319 389 in
1351 352 1518 390 dictione
1539 362 1603 392 aut
1623 354 1700 392 dis-

294 420 509 472 ceptatione
528 420 696 471 aliquam
717 419 1026 463 controversiam,
1044 427 1108 456 aut
1129 418 1234 463 facti,
1256 428 1320 457 aut
1342 420 1525 464 nominis,
1547 430 1611 458 aut
1630 435 1699 472 ge-

294 487 407 531 neris,
422 495 487 523 aut
501 486 659 523 actionis
676 486 876 523 continent
892 485 1157 537 quaestionem.
1181 486 1280 522 Eam
1296 485 1416 538 igitur
1435 485 1701 537 quaestionem,

293 566 340 590 ex
371 565 447 604 qua
477 551 586 590 causa
616 551 795 596 nascitur,
827 551 1144 590 constitutionem
1174 552 1425 604 appellamus.
1465 553 1702 592 Constitutio

292 618 345 656 est
364 620 490 671 prima
509 618 704 657 conflictio
724 619 919 656 causarum
941 632 988 656 ex
1019 618 1240 671 depulsione
1269 619 1495 657 intentionis
1517 619 1699 672 profecta,

292 683 368 722 hoc
388 686 534 730 m0d03
567 685 720 730 Fecisti,
752 699 829 723 non
849 684 940 730 feci,
971 694 1036 723 aut
1052 685 1139 736 jure
1158 684 1248 723 feci.
1297 686 1402 723 Cum
1423 684 1515 723 faeti
1541 696 1700 724 contro-

292 751 405 789 verfia
422 752 487 796 est,
519 752 704 804 quoniam
726 751 956 804 conjerfturis
989 752 1098 789 causa
1127 751 1315 796 firmatur,
1347 751 1572 790 constitutio
1603 766 1699 791 con-

286 817 481 868 jecturalis
503 818 729 871 appellatur.
763 819 868 855 Cum
889 827 1020 855 autem
1042 818 1226 862 nominis,
1249 819 1339 870 quia
1358 819 1414 856 vis
1433 818 1610 856 vocabuli
1631 819 1699 857 de-

291 883 459 922 finienda
478 885 602 923 verbis
624 884 690 929 est·,
720 884 945 923 constitutio
963 884 1160 922 definitiva
1188 886 1426 924 nominatur.
1470 887 1574 924 Cum
1595 900 1700 932 vero,

292 951 415 1002 qualis
437 951 481 989 fit
512 965 583 996 reS,
610 952 806 1004 quaeritur,
838 952 928 1003 quia
947 960 983 989 et
1005 951 1050 989 de
1072 952 1122 996 vi,
1145 961 1182 989 et
1203 951 1249 989 de
1269 965 1405 1004 genere
1426 953 1572 1004 negotii
1601 966 1699 990 con-

291 1017 468 1055 troverfia
497 1017 574 1062 est,
605 1018 829 1056 constitutio
859 1017 1045 1070 generalis
1079 1027 1248 1056 vocatur.
1310 1019 1364 1055 At
1395 1031 1487 1056 cum
1518 1018 1625 1056 causa
1651 1033 1701 1058 ex

290 1095 336 1120 eo
367 1084 520 1136 pendet,
553 1084 657 1135 quod
689 1097 766 1122 non
799 1093 863 1122 aut
897 1084 928 1121 is
960 1097 1068 1136 agere
1097 1084 1261 1128 videtur,
1293 1098 1410 1136 quem
1439 1094 1603 1137 oportet,
1634 1095 1702 1124 aut

292 1163 370 1187 non
403 1163 494 1187 cum
524 1163 583 1194 eo,
614 1151 775 1201 quicum
809 1159 973 1203 oportet,
1005 1160 1069 1188 aut
1100 1164 1178 1188 non
1206 1150 1306 1202 apud
1339 1163 1451 1202 quOS,
1483 1165 1562 1203 quo
1595 1160 1699 1189 tem-

292 1229 397 1267 pore,
439 1229 514 1268 qua
544 1216 652 1268 lege,
684 1230 762 1268 quo
792 1217 980 1261 crimine,
1023 1231 1099 1269 qua
1134 1230 1248 1269 poena
1278 1226 1444 1269 oportet,
1487 1218 1701 1256 transsativa

293 1282 435 1319 dicitur
474 1282 698 1320 constitutio
716 1298 724 1320 :
769 1284 857 1334 quia
884 1283 982 1320 aetio
1016 1283 1268 1321 transsationis
1299 1293 1335 1320 et
1377 1285 1700 1322 commutationis

292 1349 463 1400 indigere
488 1349 651 1386 videtur.
713 1351 844 1401 Atque
876 1348 1013 1386 harum
1035 1350 1205 1401 aliquam
1228 1350 1266 1386 in
1298 1363 1413 1387 omne
1433 1350 1550 1387 causae
1576 1364 1699 1402 genus

291 1415 467 1452 incedere
498 1414 642 1453 neceffe
663 1415 746 1453 est:
790 1429 879 1453 nam
911 1415 951 1452 in
986 1429 1104 1467 quam
1137 1429 1213 1452 non
1235 1416 1425 1459 inciderit,
1457 1416 1497 1453 in
1527 1429 1569 1453 ea
1597 1415 1700 1454 nihil

292 1481 362 1519 effe
382 1483 523 1535 poterit
544 1482 819 1520 controverfiae.
844 1482 971 1533 Qare
992 1495 1076 1520 eam
1098 1495 1144 1519 ne
1164 1481 1314 1519 causam
1337 1482 1495 1534 quidem
1516 1484 1702 1522 convenit

291 1549 430 1600 putari.

346 1618 406 1653 Ac
427 1614 516 1653 facti
538 1615 698 1668 quidem
718 1615 971 1653 controversia
1000 1616 1040 1653 in
1062 1615 1195 1653 omnia
1226 1625 1401 1667 tempora
1426 1615 1549 1668 potest
1569 1615 1698 1654 distri-

292 1682 372 1720 bui.
404 1683 525 1726 Nam,
541 1682 636 1734 quid
654 1681 800 1720 fastum
821 1683 879 1727 sit,
897 1682 1019 1735 potest
1034 1682 1168 1735 quaeri,
1186 1681 1261 1720 hoc
1279 1682 1420 1727 modo,
1447 1683 1699 1721 Occideritne

290 1750 452 1800 Ajacem
467 1749 638 1800 Ulyffes?
662 1750 727 1794 Et,
742 1749 838 1802 quid
853 1749 932 1794 fiat,
947 1748 1023 1787 hoc
1036 1749 1177 1794 modo3
1202 1750 1361 1787 Bonone
1375 1749 1506 1787 animo
1523 1749 1596 1787 fint
1609 1764 1699 1802 erga

293 1815 483 1866 populum
497 1816 724 1852 Romanum
739 1815 955 1867 Fregellani
971 1815 983 1852 ?
1007 1816 1073 1860 Et,
1089 1815 1184 1867 quid
1201 1814 1378 1853 futurum
1393 1815 1451 1860 fit,
1467 1814 1541 1853 hoc
1556 1816 1695 1861 modo3

293 1882 329 1918 Si
353 1879 628 1933 Carthaginem
663 1880 931 1932 reliquerimus
952 1881 1209 1926 incolumem,
1241 1895 1339 1919 num
1359 1882 1454 1934 quid
1476 1881 1520 1919 sit
1540 1882 1697 1920 incom-

292 1948 397 1984 modi
430 1947 474 1984 ad
497 1946 780 1998 rempublicam
802 1947 1105 1999 perventurum?
1138 1947 1324 1985 Nominis
1356 1948 1609 1986 controversia
1629 1948 1695 1993 est,

291 2030 383 2053 cum
405 2015 450 2052 de
471 2014 571 2053 faeto
591 2015 785 2060 convenit,
818 2024 855 2052 et
876 2015 1073 2067 quaeritur,
1091 2015 1144 2060 id,
1169 2015 1275 2067 quod
1288 2014 1433 2053 factum
1449 2016 1514 2060 est,
1529 2030 1607 2068 quo
1624 2031 1696 2054 no-

290 2082 395 2120 mine
414 2082 638 2134 appelletur.
663 2082 755 2132 Qo
775 2082 814 2119 in
835 2095 971 2134 genere
992 2081 1134 2119 necesse
1154 2081 1206 2119 est
1222 2081 1308 2119 ideo
1325 2083 1495 2120 nominis
1513 2082 1582 2120 effe
1599 2097 1695 2120 con-

290 2147 521 2191 troverfiam‚
541 2161 617 2184 non
639 2147 743 2199 quod
765 2147 810 2184 de
827 2161 864 2184 re
882 2147 958 2199 ipsa
975 2161 1051 2185 non
1068 2148 1285 2192 conveniat,
1306 2161 1382 2185 non
1405 2148 1509 2200 quod
1530 2148 1576 2185 de
1596 2147 1699 2186 facto

290 2227 366 2251 non
398 2213 556 2258 constet,
590 2213 650 2251 sed
682 2214 786 2265 quod
816 2214 870 2259 id,
902 2214 1007 2265 quod
1037 2213 1184 2251 factum
1216 2214 1274 2258 fit,
1306 2214 1409 2251 aliud
1441 2215 1505 2251 alii
1525 2215 1697 2252 videatur

289 2280 374 2325 effe,
396 2281 595 2318 etidcirco
611 2280 706 2317 alius
728 2280 802 2318 alio
822 2281 979 2318 nomine
999 2281 1039 2318 id
1058 2280 1237 2333 appellet.
1262 2281 1390 2331 Qare
1412 2281 1450 2318 in
1471 2279 1696 2332 hujusmodi

289 2347 492 2397 generibus
514 2346 729 2384 definienda
749 2360 804 2384 res
825 2347 895 2384 erit
916 2347 1056 2391 verbis,
1090 2356 1127 2384 et
1149 2347 1314 2384 breviter
1334 2347 1602 2390 describenda,
1637 2356 1694 2390 ut,

290 2412 315 2448 fi
336 2413 421 2463 quis
443 2412 589 2450 sacrum
609 2426 654 2450 ex
676 2412 824 2464 privato
837 2412 1073 2465 surripuerit,
1090 2421 1222 2450 utrum
1243 2411 1319 2457 fur,
1343 2426 1387 2449 an
1411 2413 1626 2463 sacrilegus,
1649 2413 1694 2449 fit

285 2478 515 2529 judicandus
536 2478 548 2515 ?
581 2479 686 2516 Nam
707 2478 746 2515 id
767 2492 859 2516 cum
880 2479 1076 2530 quaeritur,
1106 2479 1248 2516 necesse
1268 2480 1340 2516 erit
1360 2479 1518 2516 definire
1538 2489 1692 2515 utrum-

291 2557 380 2596 que,
411 2544 505 2596 quid
525 2544 570 2583 fit
599 2544 676 2591 fur,
708 2545 802 2598 quid
823 2545 1039 2598 sacrilegus,
1070 2554 1107 2584 et
1138 2544 1203 2583 sua'
1231 2545 1481 2597 descriptione
1501 2545 1693 2584 ostendere
