2176 2912
425 202 501 242 268
780 202 894 241 DE
970 201 1476 242 ORATORE

480 296 578 334 Haec
607 304 737 333 autem
767 295 807 335 in
841 295 1004 333 dicendo
1036 308 1114 334 non
1144 295 1373 333 extrinsecus
1404 293 1580 332 alicunde
1605 294 1818 346 quaerenda,

426 360 488 399 sed
507 375 554 399 ex
575 361 660 413 ipfis
674 361 878 400 visceribus
896 361 1012 399 causae
1030 360 1212 399 sumenda
1229 361 1329 399 sunt.
1354 360 1502 400 Idcirco
1518 369 1597 399 tota
1610 360 1718 398 causa
1732 374 1818 413 per-

426 436 568 465 tentata
587 437 700 480 atque
726 428 927 481 perspecta,
958 428 1052 466 locis
1079 428 1260 465 omnibus
1282 427 1446 465 inventis
1476 436 1589 479 atque
1614 427 1820 472 instructis,

425 493 741 531 confiderandum
761 493 827 538 est,
849 507 926 545 quo
947 493 1138 546 principio
1158 493 1203 530 sit
1229 493 1430 530 utendum.
1477 493 1537 530 Sic
1565 501 1603 530 et
1627 492 1739 530 facile
1759 506 1818 530 re-

426 559 605 611 perietur.
629 562 836 598 Sumentur
854 559 959 597 enim
976 559 1083 597 exiis
1102 559 1228 603 rebus,
1250 573 1334 610 quae
1354 567 1465 596 erunt
1485 558 1686 596 uberrimae
1705 559 1763 596 vel
1780 559 1821 596 in
1875 553 1878 554 ⁷

425 626 673 677 argumentis,
704 626 763 663 vel
784 627 823 662 in
843 626 889 662 iis
910 625 1094 676 partibus,
1125 624 1171 661 ad
1200 638 1292 675 quas
1314 623 1394 661 dixi
1420 624 1567 675 digredi
1586 624 1679 676 saepe
1705 638 1819 676 opor-

426 700 517 729 tere.
550 692 608 729 Ita
625 701 663 728 et
683 691 875 731 momenti
895 689 1042 742 aliquid
1061 689 1230 734 afferent,
1261 703 1354 727 cum
1374 699 1486 727 erunt
1505 703 1601 741 pene
1619 703 1666 727 ex
1685 690 1823 728 intima

427 755 641 794 defenfione
663 756 901 809 deprompta,
932 764 969 792 et
996 755 1190 808 apparebit
1209 768 1252 792 ea
1276 768 1354 793 non
1376 754 1493 793 modo
1520 768 1597 792 non
1620 754 1690 792 effe
1709 768 1822 794 com-

426 823 573 867 munia,
596 836 665 860 nec
682 823 722 860 in
742 823 830 860 alias
849 821 974 861 causas
992 821 1093 875 poffe
1110 821 1315 867 transferri,
1333 821 1393 859 sed
1407 821 1560 875 penitus
1577 835 1622 859 ex
1641 835 1682 859 ea
1700 822 1823 868 causa,

425 903 511 941 quae
531 898 617 927 tum
637 898 781 941 agatur,
802 887 1015 927 effloruisse.

482 955 673 993 LXXIX.
709 956 841 994 Omne
861 964 990 993 autem
1006 954 1244 1007 principium
1263 962 1328 992 aut
1348 954 1400 992 rei
1422 954 1554 999 totius,
1576 967 1660 1006 quae
1675 963 1822 1006 agetur,

427 1020 745 1073 significationem
759 1020 897 1059 habere
913 1021 1081 1065 debebit,
1099 1030 1164 1058 aut
1183 1021 1331 1058 aditum
1348 1020 1394 1058 ad
1408 1020 1559 1058 causam
1578 1028 1616 1057 et
1633 1020 1823 1058 munitio-

425 1099 530 1131 nem,
563 1095 628 1124 aut
658 1086 853 1139 quoddam
873 1095 1144 1124 ornamentum
1175 1094 1213 1123 et
1233 1085 1477 1138 dignitatem.
1518 1085 1589 1122 Sed
1611 1093 1762 1137 oportet
1781 1094 1825 1124 ut

426 1152 571 1191 aedibus
591 1166 633 1190 ac
655 1153 810 1206 templis
830 1152 1014 1191 vestibula
1033 1161 1071 1190 et
1091 1152 1229 1195 aditus,
1251 1151 1299 1188 fic
1320 1151 1437 1189 caufis
1457 1150 1646 1204 principia
1662 1164 1824 1203 propor-

426 1219 531 1257 tione
551 1232 693 1264 rerum,
717 1232 948 1272 praeponere.
1008 1219 1142 1270 Itaque
1162 1218 1202 1255 in
1221 1217 1344 1270 parvis
1365 1227 1478 1270 atque
1497 1218 1538 1255 in
1557 1216 1824 1269 frequentibus

424 1284 542 1323 causis
563 1285 610 1322 ab
630 1285 708 1338 ipsa
727 1299 767 1323 re
786 1285 838 1323 est
858 1285 1023 1323 exordiri
1043 1284 1137 1337 saepe
1152 1284 1412 1322 commodius.

481 1352 552 1390 Sed
569 1365 662 1390 cum
681 1352 753 1390 erit
772 1353 961 1390 utendum
981 1352 1186 1404 principio,
1211 1352 1333 1405 (quod
1345 1351 1573 1404 plerumque
1586 1350 1675 1402 erit)
1694 1359 1759 1388 aut
1778 1363 1826 1390 ex

426 1431 504 1463 reo,
535 1428 599 1457 aut
625 1432 673 1457 ex
698 1418 918 1464 adversario,
954 1428 1018 1457 aut
1037 1432 1083 1457 ex
1104 1432 1156 1464 re,
1187 1428 1252 1457 aut
1271 1432 1318 1457 ex
1348 1418 1416 1463 eis,
1447 1417 1547 1471 apud
1568 1430 1663 1469 quos
1684 1417 1824 1469 agitur,

426 1485 626 1523 sententias
648 1485 737 1523 duci
757 1485 904 1524 licebit.
956 1486 1017 1523 Ex
1039 1499 1116 1530 reo,
1150 1486 1248 1537 (reos
1275 1485 1441 1537 appello,
1472 1497 1640 1536 quorum
1666 1496 1727 1535 rea
1753 1483 1823 1535 est)

427 1565 511 1603 quae
541 1551 756 1604 fignificent
789 1552 915 1589 virum
946 1551 1108 1595 bonum,
1140 1565 1224 1604 quae
1254 1551 1468 1595 liberalem,
1505 1565 1590 1602 quae
1623 1549 1824 1588 calamito-

426 1617 525 1663 sum,
557 1631 641 1670 quae
661 1617 918 1656 misericordia
948 1617 1126 1669 dignum,
1157 1631 1241 1669 quae
1267 1618 1415 1655 valeant
1444 1626 1576 1654 contra
1595 1615 1728 1654 falsam
1748 1616 1825 1654 cri-

427 1684 696 1722 minationem.
742 1685 804 1722 Ex
824 1683 1044 1728 adversario,
1074 1683 1208 1721 iisdem
1229 1698 1275 1722 ex
1302 1684 1395 1721 locis
1422 1682 1498 1721 fere
1519 1683 1719 1721 contraria.
1763 1683 1826 1721 Ex

426 1763 479 1795 re,
511 1751 537 1788 s1
558 1750 736 1795 crudelis,
769 1749 794 1787 fi
815 1749 981 1794 infanda,
1018 1750 1042 1787 fi
1063 1758 1197 1802 praeter
1231 1750 1468 1802 opinionem,
1501 1749 1527 1787 fi
1558 1749 1767 1793 immerito,
1799 1748 1826 1787 fi

427 1816 574 1861 misera,
606 1817 632 1854 fi
664 1817 823 1868 ingrata,
855 1815 880 1853 fi
911 1816 1081 1868 indigna,
1113 1816 1139 1853 fi
1160 1829 1269 1861 nova,
1300 1816 1326 1854 fi
1358 1830 1442 1868 quae
1470 1815 1613 1853 restitui
1633 1815 1828 1867 sanarique

427 1895 505 1920 non
526 1882 650 1935 poffit.
702 1883 763 1920 Ex
783 1883 828 1919 iis
849 1891 991 1927 autem,
1022 1881 1123 1934 apud
1144 1895 1239 1934 quos
1270 1890 1414 1934 agetur,
1446 1890 1489 1919 ut
1509 1881 1726 1925 benevolos,
1758 1881 1826 1918 be-

426 1961 551 2000 neque
584 1948 841 1986 existimantes
872 1949 1083 1986 efficiamus
1100 1966 1111 1993 3
1157 1948 1262 2000 quod
1295 1947 1441 2000 agendo
1477 1947 1642 1985 efficitur
1671 1947 1825 1991 melius,

429 2028 546 2066 quam
567 2016 748 2068 rogando.
795 2015 863 2053 Est
883 2015 922 2053 id
942 2014 1101 2067 quidem
1122 2014 1163 2051 in
1192 2023 1312 2052 totam
1338 2014 1552 2051 orationem
1583 2011 1826 2050 confunden-

429 2080 538 2125 dum,
570 2096 639 2119 nec
667 2082 831 2120 minime
866 2082 905 2119 in
925 2091 1166 2125 extremam,
1198 2080 1260 2117 sed
1281 2089 1407 2117 tamen
1430 2079 1552 2117 multa
1572 2079 1760 2131 principia
1779 2091 1827 2117 ex

427 2160 474 2184 eo
491 2160 626 2199 genere
647 2149 872 2200 gignuntur.
920 2148 1026 2185 Nam
1046 2156 1083 2183 ct
1103 2155 1295 2184 attentum
1317 2154 1477 2184 monent
1508 2145 1636 2183 Graeci
1660 2154 1701 2182 ut
1716 2145 1826 2197 prin-

426 2213 530 2265 cipio
551 2211 736 2250 faciamus
751 2213 925 2264 judicem
941 2223 978 2250 ct
991 2211 1179 2256 docilem,
1202 2226 1286 2264 quae
1302 2211 1389 2249 sunt
1410 2211 1531 2255 utilia,
1547 2210 1606 2248 sed
1624 2224 1700 2248 non
1717 2211 1826 2262 prin-

426 2280 518 2331 cipii
549 2280 668 2331 magis
689 2280 853 2332 propria,
886 2293 1003 2331 quam
1030 2278 1264 2331 reliquarum
1294 2279 1489 2331 partium:
1522 2276 1692 2315 faciliora
1710 2277 1828 2314 etiam

428 2345 469 2382 in
491 2344 704 2397 principiis,
737 2345 840 2397 quod
860 2353 897 2382 et
916 2344 1050 2382 attenti
1073 2353 1156 2383 tum
1178 2345 1347 2382 maxime
1368 2344 1468 2389 sunt,
1497 2356 1590 2381 cum
1610 2343 1741 2381 omnia
1758 2355 1827 2380 ex-

427 2413 594 2464 pectant,
612 2420 649 2449 et
665 2411 806 2448 dociles
823 2411 944 2463 magis
962 2411 1080 2448 initiis
1094 2410 1163 2449 effe
1183 2409 1347 2463 poffunt.
1381 2409 1588 2448 Illustriora
1602 2408 1708 2446 enim
1725 2407 1826 2452 sunt,

428 2491 514 2529 quae
534 2477 574 2515 in
594 2477 806 2530 principiis,
837 2491 954 2529 quam
974 2491 1059 2532 quae
1077 2478 1118 2517 in
1147 2477 1285 2516 mediis
1312 2476 1444 2523 causis,
1470 2475 1664 2521 dicuntur,
1683 2483 1747 2513 aut
1766 2486 1827 2512 ar-

428 2543 598 2597 guendo,
620 2552 684 2583 aut
701 2542 921 2583 refellendo.³
