2176 2912
579 209 900 254 LIBER
977 210 1396 250 PRIMUS.
1627 228 1700 268 175

348 309 464 347 Hanc
484 308 564 345 v1m
584 306 610 344 fi
629 307 715 358 quis
745 304 950 349 existimat,
981 313 1046 341 aut
1064 305 1111 342 ab
1133 304 1193 349 iis,
1225 304 1293 356 qui
1319 305 1364 342 de
1386 306 1536 344 dicendi
1557 309 1700 346 ratione

292 375 531 427 scripserunt,
561 373 771 426 expofitam
805 371 888 417 effe,
920 380 984 409 aut
1017 385 1038 408 a
1071 384 1135 408 me
1168 370 1267 424 poffe
1294 373 1435 424 exponi
1470 382 1547 412 tam
1580 375 1698 420 brevi,

293 439 537 478 vehementer
570 448 666 477 errat
682 457 693 484 3
726 451 850 490 neque
883 437 1008 476 solum
1039 437 1278 475 inscientiam
1299 451 1439 483 meam,
1470 438 1530 476 sed
1563 453 1609 477 ne
1639 454 1698 477 re-

292 520 378 545 rum
399 507 557 560 quidem
578 506 900 559 magnitudinem,
919 503 1112 557 perspicit.
1159 504 1355 557 Equidem
1371 505 1493 551 vobis,
1515 508 1699 558 quoniam

291 572 343 610 ita
363 573 547 618 voluistis,
578 572 718 617 fontes,
741 571 842 609 unde
861 570 1076 616 hauriretis,
1107 580 1221 623 atque
1240 571 1376 609 itinera
1396 571 1472 624 ipsa
1502 572 1554 610 ita
1567 574 1698 624 putavi

291 638 360 676 effe
380 638 682 683 demonstranda,
704 651 781 676 non
802 646 845 674 ut
866 636 942 689 ipse
962 636 1041 674 dux
1061 636 1188 682 effem,
1213 637 1335 689 (quod
1355 647 1391 675 et
1412 637 1610 676 infinitum
1631 638 1697 684 est,

290 713 327 742 et
348 718 424 742 non
446 704 708 756 necessarium)
733 703 792 741 sed
820 712 862 740 ut
882 702 1221 740 commonstrarem
1253 712 1405 741 tantum
1425 704 1541 749 viam,
1570 714 1621 750 et,
1655 715 1698 743 ut

292 770 372 808 fieri
393 771 499 816 solet,
521 771 688 823 digitum
708 770 754 807 ad
774 768 898 807 fontes
920 769 1170 807 intenderem.

345 837 516 875 XLVII.
539 835 646 874 Mihi
668 849 768 879 vero,
792 835 920 886 inquit
941 835 1116 880 Mucius,
1139 835 1222 873 satis
1240 835 1424 888 superque
1444 836 1509 874 abs
1532 846 1567 874 te
1587 838 1695 876 vide-

290 910 351 939 tur
367 903 527 940 istorum
545 901 691 946 studiis,
714 901 739 938 fi
760 901 878 938 modo
901 901 986 938 sunt
1007 901 1173 946 studiofi,
1193 901 1263 939 effe
1282 901 1442 940 fastum.
1503 904 1623 948 Nam,
1653 914 1696 942 ut

289 969 483 1006 Socratem
503 967 617 1006 illum
638 967 794 1005 solitum
814 967 921 1004 aiunt
942 967 1078 1012 dicere,
1112 967 1327 1020 perfectum
1347 969 1416 1006 fibi
1437 983 1532 1020 opus
1553 969 1636 1014 effe,
1666 972 1695 1009 fi

288 1034 374 1085 quis
407 1034 490 1072 satis
524 1033 611 1072 effet
641 1034 854 1072 concitatus
886 1032 1151 1072 cohortatione
1183 1033 1246 1072 sua
1265 1034 1311 1072 ad
1341 1034 1510 1073 studium
1530 1037 1694 1089 cognos-

287 1100 429 1144 cendae,
451 1101 780 1153 percipiendaeque
799 1100 951 1138 virtutis
969 1118 980 1144 3
1016 1100 1175 1152 (quibus
1203 1101 1308 1138 enim
1329 1101 1368 1138 id
1398 1101 1616 1154 persuasum
1635 1103 1693 1141 es-

288 1165 354 1210 set,
386 1175 428 1203 ut
449 1165 546 1203 nihil
579 1166 739 1204 mallent
769 1166 804 1203 se
823 1165 906 1210 effe,
938 1179 1055 1218 quam
1075 1167 1197 1205 bonos
1218 1168 1330 1211 viros,
1359 1168 1404 1205 iis
1426 1168 1614 1221 reliquam
1634 1169 1696 1207 fa-

290 1231 405 1268 cilem
425 1231 494 1269 effe
524 1231 754 1282 do&rinam)
789 1231 838 1268 sic
859 1244 929 1283 ego
949 1231 1138 1283 intelligo,
1171 1233 1195 1270 fi
1217 1233 1255 1270 in
1273 1232 1367 1277 haec,
1403 1247 1487 1285 quae
1514 1233 1693 1286 patefecit

288 1297 458 1335 oratione
478 1297 543 1334 sua
563 1296 725 1342 Crassus,
757 1297 893 1334 intrare
912 1297 1122 1343 volueritis,
1157 1297 1342 1336 facillime
1358 1312 1424 1337 vos
1454 1300 1500 1337 ad
1521 1313 1575 1345 ea,
1607 1315 1692 1354 quae

286 1364 441 1415 cupitis,
462 1372 706 1416 perventuros
727 1363 773 1401 ab
794 1362 868 1400 hoc
889 1363 1009 1407 aditu,
1031 1364 1224 1416 januaque
1241 1363 1439 1416 patefacta.

342 1429 469 1467 Nobis
490 1443 592 1474 vero,
633 1430 760 1482 inquit
795 1429 1001 1482 Sulpicius,
1030 1429 1096 1467 ista
1127 1430 1211 1468 sunt
1250 1440 1422 1483 pergrata
1455 1445 1596 1484 perque
1621 1434 1690 1485 ju-

287 1496 438 1540 cunda,
481 1495 542 1533 sed
564 1509 684 1547 pauca
712 1496 828 1533 etiam
848 1495 1093 1546 requirimus,
1116 1496 1382 1547 imprimisque
1402 1510 1456 1541 ea,
1482 1512 1566 1549 quae
1582 1499 1692 1536 valde

288 1561 450 1599 breviter
480 1575 501 1599 a
535 1570 584 1606 te,
617 1561 754 1606 Crasse,
784 1561 830 1598 de
863 1560 942 1613 ipsa
971 1570 1048 1598 arte
1069 1561 1242 1613 percursa
1262 1561 1361 1607 sunt,
1393 1576 1484 1601 cum
1505 1564 1570 1602 illa
1590 1574 1627 1602 te
1653 1574 1692 1603 et

286 1638 363 1664 non
383 1635 639 1671 contemnere,
671 1636 708 1664 et
729 1625 910 1671 didicisse,
929 1626 1163 1665 confiterere.
1197 1628 1254 1665 Ea
1274 1627 1299 1664 fi
1329 1627 1444 1679 paulo
1467 1627 1580 1666 latius
1601 1630 1689 1668 dix-

286 1692 371 1736 eris,
407 1693 571 1745 expleris
606 1706 763 1731 omnem
798 1693 1102 1745 expectationem
1137 1694 1310 1731 diuturni
1345 1694 1515 1732 desiderii
1556 1696 1686 1734 nostri,

287 1757 392 1794 Nam
427 1771 543 1803 nunc,
575 1759 717 1810 quibus
758 1758 988 1796 studendum
1019 1759 1130 1796 rebus
1164 1759 1266 1804 effer,
1311 1761 1543 1813 accepimus,
1583 1761 1689 1814 quod

286 1823 409 1874 ipsum
430 1824 482 1861 est
502 1833 630 1862 tamen
651 1838 863 1876 magnum,
897 1824 957 1861 sed
985 1825 1060 1862 vias
1087 1839 1216 1863 earum
1248 1838 1391 1870 rerum,
1424 1827 1688 1881 rationemque

286 1890 465 1941 cupimus
483 1890 719 1942 cognoscere.

341 1956 449 2007 Qid
482 1956 521 2001 fi,
556 1957 681 2008 inquit
703 1955 865 2000 Craffus,
898 1956 1080 2008 quoniam
1102 1970 1186 2009 ego,
1218 1971 1296 2008 quo
1322 1957 1472 1996 facilius
1494 1972 1559 1998 vos
1585 1961 1688 2013 apud

285 2034 347 2057 me
369 2030 552 2066 tenerem,
584 2021 709 2060 vestrae
743 2021 870 2073 potius
897 2021 1098 2059 obsecutus
1133 2022 1217 2060 sum
1239 2022 1440 2068 voluntati,
1473 2037 1590 2076 quam
1621 2035 1686 2064 aut

284 2087 549 2125 consuetudini
583 2096 647 2125 aut
678 2097 820 2125 naturae
840 2101 947 2132 meae,
979 2088 1147 2140 petimus
1169 2088 1214 2125 ab
1235 2089 1423 2133 Antonio,
1456 2100 1498 2127 ut
1525 2104 1578 2136 ea,
1600 2106 1686 2144 quae

283 2154 469 2198 continet,
503 2167 626 2206 neque
646 2153 770 2191 adhuc
798 2153 974 2206 protulit,
1005 2167 1052 2192 ex
1082 2155 1224 2206 quibus
1258 2168 1381 2192 unum
1409 2156 1587 2199 libellum
1615 2159 1685 2197 fibi

283 2219 458 2256 excidiffe
486 2220 719 2271 jamdudum
754 2219 906 2272 questus
926 2220 992 2265 est,
1023 2221 1191 2273 explicet
1218 2221 1343 2266 nobis,
1374 2230 1411 2259 et
1438 2222 1502 2260 illa
1531 2224 1684 2262 dicendi

284 2285 459 2335 mysteria
477 2287 680 2323 enuntiet?
712 2287 769 2323 Ut
801 2286 961 2331 videtur,
993 2287 1120 2339 inquit
1152 2288 1367 2340 Sulpicius:
1401 2302 1489 2326 nam
1510 2291 1684 2334 Antonio

283 2351 445 2395 dicente,
476 2352 592 2389 etiam
613 2352 705 2404 quid
727 2361 769 2389 tu
788 2353 995 2405 intelligas,
1025 2353 1244 2392 sentiemus.
1291 2355 1386 2392 Peto
1406 2356 1536 2407 igitur,
1555 2357 1681 2408 inquit

284 2416 447 2460 Crassus,
483 2430 503 2454 a
524 2426 574 2462 te,
609 2419 791 2469 quoniam
813 2418 851 2456 id
885 2419 1011 2464 nobis,
1039 2421 1201 2464 Antoni,
1237 2419 1462 2459 hominibus
1483 2423 1521 2459 id
1546 2422 1678 2466 aetatis,

282 2483 404 2521 oneris
439 2483 485 2520 ab
519 2482 660 2521 horum
681 2484 977 2523 adolescentium
1012 2485 1143 2524 studiis
1171 2487 1397 2538 imponitur,
1430 2497 1471 2525 ut
1497 2499 1676 2540 expona8‚

282 2549 376 2602 quid
391 2550 435 2588 iis
457 2550 503 2588 de
523 2550 649 2596 rebus,
672 2563 764 2603 quas
783 2565 803 2590 a
823 2560 859 2590 te
876 2552 994 2604 quaeri
1012 2552 1131 2598 vides,
1153 2548 1300 2592 sentias.
