2176 2912
546 192 867 233 LIBER
943 189 1361 228 PRIMUS.
1616 202 1667 244 57

258 300 299 331 et
317 287 526 344 propositio
549 286 750 339 perspicua
774 283 828 322 est
845 298 854 322 ι
887 296 1004 335 quare
1025 291 1159 321 neutra
1179 295 1336 335 quoque
1357 281 1505 334 indiget
1525 295 1665 335 appro-

260 357 427 395 batione.
473 354 535 391 Ex
555 350 617 390 his
637 351 821 389 omnibus
852 349 951 387 illud
971 348 1219 402 perspicuum
1248 348 1315 392 est,
1349 347 1668 400 approbationem

259 432 346 461 tum
366 419 538 473 adjungi,
570 427 658 457 tum
685 431 763 456 non
784 416 957 469 adjungi.
1000 417 1062 454 Ex
1084 429 1163 468 quo
1193 414 1454 468 cognoscitur,
1483 427 1607 465 neque
1628 415 1668 452 in

258 487 533 542 propositione,
556 499 681 537 neque
701 485 742 522 in
763 482 1019 536 assumptione
1039 482 1232 520 contineri
1252 480 1585 534 approbationem,
1607 481 1669 518 sed

259 563 464 606 utramque
490 552 556 590 suo
576 552 664 589 loco
683 550 859 604 positam,
891 550 973 587 vim
994 549 1115 594 suam,
1147 558 1334 601 tanquam
1353 555 1500 585 certam
1520 555 1558 584 et
1577 561 1667 599 pro-

259 621 398 674 priam,
415 619 604 658 obtinere.
649 618 769 670 Qod
788 618 814 656 fi
835 618 887 655 ita
905 616 972 661 est,
1003 615 1212 654 commode
1232 615 1364 668 partiti
1382 613 1469 654 sunt
1495 613 1569 659 illi,
1602 613 1670 666 qui

257 688 300 726 in
320 687 495 740 quinque
515 694 640 739 partes
660 684 937 723 distribuerunt
958 683 1351 736 argumentationem.

316 754 506 806 Qinque
527 752 614 791 sunt
633 751 753 804 igitur
771 760 896 805 partes
917 751 998 802 ejus
1019 749 1380 803 argumentationis,
1412 761 1498 801 quae
1523 761 1591 801 per
1610 760 1669 785 ra-

259 820 555 859 tiocinationem
575 819 769 857 tractatur.
830 817 1059 870 Propofitio,
1090 830 1157 870 per
1187 829 1305 869 quam
1326 816 1434 853 locus
1456 815 1487 852 is
1508 814 1673 853 breviter

259 887 483 940 exponitur,
498 899 545 924 ex
562 898 641 938 quo
656 884 712 923 vis
734 874 862 923 omnis
883 893 1038 937 oportet
1053 892 1206 921 emanet
1222 881 1540 921 ratiocinationis.
1574 882 1671 920 Pro-

261 953 461 1006 positionis
481 951 723 1006 approbatiO,
753 965 822 1005 per
842 965 962 1004 quam
982 951 1036 995 id,
1059 950 1165 1003 quod
1183 950 1349 988 breviter
1365 948 1585 1002 expositum
1605 947 1671 992 est,

262 1020 476 1058 rationibus
495 1019 733 1058 affirmatum
754 1018 994 1072 probabilius
1013 1027 1052 1056 et
1072 1016 1240 1070 apertius
1257 1015 1315 1054 fit.
1348 1015 1585 1068 Affumptio,
1608 1028 1675 1067 per

263 1099 382 1138 quam
403 1086 457 1130 id,
480 1085 586 1137 quod
602 1099 650 1123 ex
670 1084 929 1138 propositione
949 1084 996 1123 ad
1010 1082 1292 1122 ostendendum
1312 1081 1494 1135 pertinet,
1515 1080 1673 1119 affumi-

266 1161 343 1190 tur.
376 1152 660 1204 Affumptionis
676 1151 916 1205 approbatio,
939 1165 1006 1205 per
1022 1163 1141 1204 quam
1161 1150 1216 1195 id,
1234 1150 1341 1202 quod
1353 1149 1591 1201 assumptum
1607 1147 1673 1191 est,

264 1218 479 1256 rationibus
500 1218 725 1256 affirmatur.
765 1218 1016 1272 Complexio,
1039 1231 1106 1271 per
1125 1231 1245 1270 quam
1264 1216 1320 1262 id,
1343 1215 1450 1269 quod
1469 1214 1677 1253 conficitur

263 1297 314 1322 ex
333 1284 444 1322 omni
457 1285 805 1337 argumentatione,
835 1285 1001 1323 breviter
1020 1284 1243 1337 exponitur.
1276 1284 1375 1335 Qae
1397 1282 1583 1336 plurimas
1604 1280 1676 1319 ha·-

266 1351 332 1390 bet
351 1351 635 1403 argumentatio
651 1360 791 1404 partes,
808 1365 851 1389 ea
867 1351 1014 1390 constat
1033 1364 1080 1389 ex
1098 1350 1159 1388 his
1177 1350 1352 1402 quinque
1372 1349 1560 1402 partibus.
1607 1350 1675 1386 Se-

264 1417 393 1456 cunda
411 1416 465 1454 est
484 1417 774 1470 quadripartita.
811 1419 947 1456 Tertia
967 1417 1169 1470 tripartita.
1230 1416 1335 1454 Dein
1354 1414 1549 1468 bipartita,
1571 1413 1679 1466 quod

265 1483 307 1521 in
327 1483 580 1521 controverfia
599 1482 665 1521 est.
698 1483 761 1521 De
782 1495 1012 1536 unaquaque
1032 1491 1139 1535 parte
1158 1481 1282 1535 potest
1301 1480 1419 1520 alicui
1438 1481 1559 1519 videri
1575 1479 1678 1533 poffe

266 1550 643 1603 argumentationem
662 1550 875 1589 confistere.

322 1617 559 1657 XXXVIII.
592 1617 743 1655 Eorum
766 1617 900 1670 igitur,
923 1629 1008 1669 quae
1028 1614 1216 1660 constant,
1248 1614 1428 1667 exempla
1457 1625 1647 1667 ponemus
1666 1628 1675 1651 ε

266 1681 425 1728 horum,
448 1670 534 1736 quae
554 1683 672 1721 dubia
686 1683 788 1728 sunt,
821 1684 984 1722 rationes
1006 1682 1224 1720 afferemus.
1269 1680 1598 1733 Qinquepartita
1617 1693 1678 1717 ar-

269 1750 512 1801 gumentatio
528 1749 580 1787 est
596 1747 820 1801 hujusmodi
834 1768 845 1794 3
870 1750 1021 1788 Omnes
1040 1749 1157 1801 lege8‚
1175 1747 1341 1800 judices,
1359 1746 1405 1784 ad
1421 1745 1680 1783 commodum

270 1815 492 1866 reipublicae
521 1814 660 1852 referre
680 1824 847 1867 oportet,
870 1824 908 1852 et
935 1828 994 1852 eas
1014 1828 1062 1853 ex
1090 1815 1257 1852 utilitate
1277 1812 1496 1856 communi,
1531 1825 1608 1849 non
1631 1824 1679 1848 ex

270 1880 478 1932 scriptione
497 1894 582 1932 quae
603 1880 642 1917 in
664 1880 784 1918 literis
805 1881 871 1925 est,
893 1881 1147 1932 interpretari.
1199 1881 1256 1918 Ea
1276 1880 1382 1917 enim
1402 1879 1545 1916 virtute
1565 1886 1603 1915 et
1621 1876 1677 1914 sa-

271 1946 417 1999 pientia
436 1947 598 1998 majores
620 1946 737 1984 nostri
757 1945 930 1992 fuerunt,
959 1956 1003 1984 ut
1023 1947 1063 1984 in
1085 1946 1236 1998 legibus
1258 1945 1467 1982 scribendis
1489 1943 1586 1982 nihil
1610 1943 1679 1981 fibi

271 2013 390 2058 aliud,
408 2013 477 2050 nisi
489 2013 652 2051 salutem
672 2022 787 2066 atque
804 2013 1014 2051 utilitatem
1031 2012 1268 2064 reipublicae,
1287 2020 1558 2064 proponerent.
1592 2010 1678 2048 Ne-

273 2093 347 2132 que
367 2079 472 2117 enim
491 2080 573 2133 ipfi,
592 2080 698 2133 quod
718 2079 874 2125 obesset,
897 2079 1060 2118 scribere
1081 2079 1284 2122 volebant;
1317 2087 1369 2122 et,
1392 2077 1418 2115 fi
1439 2076 1678 2130 scripsissent,

273 2159 364 2183 cum
381 2145 469 2183 effet
489 2146 748 2190 intellectum,
767 2146 1011 2198 repudiatum
1034 2146 1080 2183 iri
1097 2145 1223 2197 legem
1240 2144 1523 2196 intelligebant.
1548 2143 1680 2182 Nemo

273 2211 380 2248 enim
400 2211 502 2263 leges
522 2211 656 2264 legum
677 2211 786 2249 causa
806 2211 921 2249 salvas
938 2211 1009 2248 effe
1030 2211 1126 2255 vult,
1157 2210 1219 2248 sed
1241 2209 1476 2262 reipublicae,
1508 2208 1614 2260 quod
1634 2222 1680 2245 ex

275 2277 426 2330 legibus
445 2291 581 2315 omnes
603 2278 835 2331 respublicas
852 2278 1001 2331 optime
1022 2287 1159 2329 putant
1176 2276 1443 2314 administrari.
1478 2277 1610 2326 Qam
1631 2274 1680 2312 ob

281 2357 363 2381 rem
383 2344 503 2396 igitur
522 2344 622 2397 leges
645 2345 779 2382 servari
795 2354 961 2397 oportet,
976 2344 1021 2381 ad
1042 2357 1126 2381 eam
1147 2343 1298 2381 causam
1314 2343 1453 2395 scripta
1472 2342 1603 2380 omnia
1620 2342 1678 2378 in—

278 2411 473 2461 terpretari
486 2412 667 2450 convenit
679 2430 692 2456 ;
714 2410 789 2449 hoc
805 2411 871 2455 est,
891 2411 1076 2463 quoniam
1093 2410 1313 2463 reipublicae
1329 2410 1526 2452 servimus,
1544 2422 1589 2445 ex
1607 2407 1680 2444 rei-

279 2475 445 2527 publicae
479 2478 689 2529 commodo
705 2487 821 2530 atque
842 2477 1009 2516 utilitate
1029 2477 1130 2529 leges
1152 2478 1461 2529 interpretemur.
1514 2475 1619 2512 Nam
1642 2483 1683 2508 ut

278 2555 324 2579 ex
346 2542 538 2580 medicina
558 2542 657 2581 nihil
678 2552 829 2596 oportet
850 2552 983 2597 putare
1002 2542 1301 2597 proficisci,'nifi
1322 2542 1426 2594 quod
1446 2540 1492 2578 ad
1512 2537 1681 2590 corporis

332 2609 370 2645 T
382 2622 405 2646 0
418 2620 469 2646 M.
503 2609 535 2647 I.
1093 2609 1135 2647 H
