2176 2912
472 226 552 278 406
819 222 950 261 DE
1064 221 1537 262 CLARIS

470 329 614 364 autem,
647 317 717 371 qui
750 315 827 355 fuit
847 315 1122 355 Demosthenis
1143 316 1278 356 sororis
1298 315 1417 363 filius,
1452 326 1491 355 et
1516 317 1705 356 orationes
1733 317 1878 371 scripsit

469 387 631 439 aliquot,
663 394 700 422 et
730 397 861 422 earum
893 397 1021 422 rerum
1051 382 1264 429 historiam,
1306 398 1391 437 quae
1423 393 1530 422 erant
1563 384 1730 424 Athenis
1760 385 1876 438 ipsius

469 462 578 491 aetate
597 452 721 505 gestae,
754 464 833 489 non
853 459 933 489 tam
963 449 1159 496 historico,
1196 464 1314 503 quam
1341 451 1505 489 oratorio
1525 465 1662 504 genere
1688 451 1875 505 perscrip-

469 520 529 558 fit.
576 520 631 558 At
651 517 814 557 Charisii
833 517 917 556 vult
939 517 1120 570 Hegesias
1141 516 1212 555 effe
1232 517 1382 563 fimilis,
1418 518 1524 570 isque
1544 518 1579 556 se
1598 519 1651 556 ita
1670 528 1778 572 putat
1799 520 1875 556 At-
1904 555 1907 556 ⁷

469 587 611 631 ticum,
643 595 687 624 ut
712 598 819 623 veros
849 584 936 622 illos
967 598 1042 636 prae
1071 584 1107 622 se
1126 597 1223 636 pene
1242 584 1402 637 agrestes
1429 593 1553 637 putet.
1613 587 1669 623 At
1699 585 1793 638 quid
1827 585 1878 623 est

470 663 553 692 tam
573 652 753 696 stastum,
785 661 866 689 tam
885 651 1101 695 minutum,
1132 659 1213 688 tam
1243 651 1283 688 in
1317 650 1408 703 ipsa,
1439 664 1558 703 quam
1583 660 1713 689 tamen
1743 652 1877 690 conse-

469 721 616 774 quitur,
652 718 912 757 concinnitate
938 716 1114 769 puerile?
1146 717 1372 755 Atticorum
1403 717 1543 755 similes
1578 717 1649 755 effe
1682 718 1875 756 volumus.

471 788 650 839 Optime.
684 786 830 822 Suntne
851 783 970 835 igitur
990 782 1018 820 ii
1048 782 1175 821 Attici
1208 783 1405 821 oratores?
1438 784 1538 836 Qis
1570 797 1707 837 negare
1727 783 1877 836 potest?

470 855 557 892 Hos
579 852 793 890 imitamur.
854 850 947 901 Qo
967 848 1099 894 modo,
1131 850 1199 902 qui
1225 850 1313 888 sunt
1333 858 1371 888 et
1402 849 1502 888 inter
1532 850 1568 888 se
1600 850 1810 895 diffimiles,
1841 860 1880 888 et

470 921 637 958 aliorum
656 919 668 955 ?
701 915 993 968 Thucydidem,
1015 916 1158 968 inquit,
1180 916 1394 955 imitamur.
1435 917 1612 969 Optime,
1634 917 1660 955 fi
1681 916 1878 955 historiam

470 987 645 1030 scribere,
678 998 756 1023 non
778 983 803 1022 fi
835 982 961 1022 causas
995 983 1135 1028 dicere,
1171 983 1363 1036 cogitatis.
1405 982 1659 1036 Thucydides
1679 984 1785 1022 enim
1818 998 1877 1021 re-

471 1068 559 1092 rum
581 1052 770 1104 gestarum
804 1049 1075 1102 pronuntiator
1095 1049 1273 1094 smeerus,
1307 1058 1345 1088 et
1363 1051 1516 1102 grandis
1537 1051 1654 1088 etiam
1671 1049 1771 1088 fuit:
1803 1049 1878 1088 hoc

470 1119 617 1158 forense
648 1116 971 1156 concertatorium
996 1115 1182 1167 judiciale
1202 1129 1280 1154 non
1311 1117 1484 1154 tractavit
1514 1129 1661 1169 genus:
1692 1116 1879 1154 orationes

471 1196 616 1231 autem,
648 1197 741 1237 quas
775 1182 1016 1235 interposuit,
1062 1182 1214 1234 (multae
1247 1182 1354 1220 enim
1387 1182 1492 1235 sunt)
1535 1195 1595 1220 eas
1623 1196 1695 1236 ego
1729 1182 1880 1222 laudare

473 1253 574 1291 soleo
589 1270 601 1297 ς
634 1251 778 1289 imitari
804 1262 929 1302 neque
962 1248 1114 1302 poflim,
1159 1248 1186 1287 fi
1212 1248 1331 1287 velim
1346 1267 1359 1294 ;
1405 1262 1476 1287 nec
1507 1249 1627 1287 velim
1657 1247 1821 1293 fortaffe,
1852 1249 1879 1286 fi

471 1319 624 1373 pofiim.
685 1319 757 1361 Ut,
801 1317 828 1355 s1
859 1316 945 1369 quis
982 1316 1146 1355 Falerno
1179 1315 1271 1354 vino
1300 1315 1523 1361 delectetur,
1554 1316 1616 1354 sed
1646 1329 1692 1354 eo
1725 1329 1795 1354 nec
1828 1316 1882 1354 ita

472 1399 587 1429 novo,
619 1393 663 1422 ut
684 1383 871 1436 proximis
895 1382 1129 1420 Consulibus
1152 1392 1285 1420 natum
1316 1382 1436 1427 velit;
1469 1395 1540 1420 nec
1571 1381 1696 1420 rursus
1730 1382 1784 1420 ita
1813 1395 1879 1420 ve-

472 1461 563 1496 tere,
595 1460 639 1489 ut
658 1449 882 1503 Opimium,
914 1459 979 1486 aut
1004 1449 1194 1487 Anicium
1228 1443 1438 1487 Consulem
1458 1457 1614 1501 quaerat.
1674 1447 1800 1501 Atqui
1829 1461 1881 1486 eae

471 1528 572 1557 notae
593 1518 680 1556 sunt
699 1517 872 1569 optimae.
932 1515 1085 1554 Credo:
1119 1516 1181 1554 sed
1213 1516 1334 1554 nimia
1350 1515 1512 1554 vetustas
1545 1529 1615 1554 nec
1634 1514 1750 1554 habet
1779 1528 1879 1560 eam,

472 1599 590 1638 quam
611 1584 834 1636 quaerimus,
856 1581 1094 1626 suavitatem,
1126 1595 1194 1619 nec
1215 1582 1365 1634 estjam
1386 1581 1470 1619 sane
1495 1581 1719 1619 tolerabilis,
1766 1581 1880 1620 Num

472 1652 593 1705 igitur
616 1650 685 1703 qui
704 1648 780 1688 hoc
801 1648 949 1693 sentiat,
980 1648 1006 1686 fi
1038 1648 1070 1686 is
1090 1658 1221 1701 potare
1239 1648 1347 1693 velit,
1379 1648 1425 1686 de
1459 1648 1564 1686 dolio
1596 1648 1668 1687 fibi
1697 1647 1879 1686 haurien-

473 1719 569 1756 dum
602 1717 739 1770 putet?
773 1715 973 1753 Minime:
1006 1714 1069 1752 sed
1089 1714 1282 1767 quandam
1303 1715 1479 1768 sequatur
1499 1725 1662 1754 aetatem.
1714 1715 1775 1753 Sic
1808 1728 1880 1767 ego

472 1785 553 1823 istis
588 1783 814 1827 censuerim,
846 1791 883 1820 et
916 1795 1055 1820 novam
1087 1781 1196 1819 istam
1229 1782 1330 1834 quasi
1353 1782 1398 1819 de
1430 1782 1556 1820 musto
1585 1796 1627 1820 ac
1654 1782 1740 1820 lacu
1760 1780 1879 1820 fervi-

473 1852 564 1890 dam
594 1851 823 1894 orationem,
854 1848 1109 1901 fugiendam3
1148 1862 1217 1886 nec
1254 1848 1362 1886 illam
1392 1849 1611 1901 praeclaram
1633 1848 1878 1900 Thucydidis

473 1918 794 1960 nimisveterem,
826 1925 1011 1967 tanquam
1032 1915 1263 1953 Anicianam
1286 1924 1430 1960 notam,
1462 1915 1777 1967 persequendam.
1811 1915 1879 1966 Ip-

473 1985 508 2022 se
529 1985 633 2022 enim
654 1983 921 2035 ThucydideS,
944 1983 970 2020 sl
991 1983 1175 2035 posterius
1196 1982 1341 2028 fuiffet,
1373 1982 1500 2020 multo
1531 1982 1717 2020 maturior
1737 1980 1877 2026 fuiffet,

473 2061 510 2089 et
531 2052 677 2090 mitior.

519 2117 748 2155 LXXXIV.
781 2114 1086 2154 Demosthenem
1107 2115 1227 2168 igitur
1246 2115 1460 2152 imitemur.
1495 2114 1531 2151 O
1555 2113 1607 2151 dii
1630 2113 1744 2152 boni!
1768 2113 1876 2166 quid,

475 2182 615 2235 quaeso,
638 2195 707 2220 nos
734 2182 840 2219 aliud
859 2182 1023 2233 agimus,
1055 2190 1120 2218 aut
1141 2181 1234 2233 quid
1255 2180 1358 2217 aliud
1378 2189 1556 2233 optamus
1574 2181 1587 2217 ?
1620 2182 1673 2218 At
1693 2193 1770 2218 non
1787 2179 1879 2218 affe·
1930 2202 1934 2204 -

473 2250 648 2303 quimus.
708 2248 773 2286 Isti
805 2248 911 2285 enim
942 2247 1120 2285 videlicet
1141 2247 1265 2285 Attici
1300 2247 1429 2292 nostri,
1461 2247 1567 2299 quod
1600 2247 1750 2292 volunt,
1786 2246 1879 2285 affe-

473 2323 659 2368 quuntur.
709 2313 775 2352 Ne
796 2312 893 2350 illud
914 2312 1072 2365 quidem
1101 2312 1339 2364 intelligunt,
1372 2326 1450 2350 non
1470 2313 1588 2351 modo
1609 2313 1662 2350 ita
1681 2313 1878 2352 memoriae

472 2381 673 2435 proditum
693 2379 778 2424 effe,
808 2379 869 2417 sed
902 2379 955 2416 ita
975 2377 1118 2416 neceffc
1138 2377 1260 2423 fuiffc,
1292 2392 1385 2417 cum
1407 2378 1686 2417 Demosthenes
1707 2379 1877 2417 diCturus

474 2447 576 2492 esset,
608 2456 651 2484 ut
671 2445 890 2490 concursus,
923 2445 1102 2483 audiendi
1123 2444 1244 2489 causa,
1277 2458 1324 2483 ex
1345 2454 1424 2483 tota
1455 2445 1606 2484 Graecia
1626 2444 1784 2483 fierent:
1823 2446 1878 2482 At

475 2528 567 2552 curn
588 2513 646 2551 isti
666 2513 790 2553 Attici
811 2513 960 2558 dicunt,
992 2526 1070 2551 non
1091 2512 1208 2551 modo
1228 2526 1248 2550 a
1268 2526 1418 2558 corona,
1442 2513 1565 2565 (quod
1584 2513 1636 2552 est
1655 2512 1780 2565 ipsum
1799 2511 1877 2550 mi-

474 2580 648 2634 serabile)
668 2580 729 2619 sed
748 2580 864 2620 etiam
884 2580 931 2620 ab
951 2579 1142 2620 advocatis
1156 2578 1441 2634 relinquuntur.
1470 2581 1599 2632 Qare
1612 2579 1638 2618 fi
1658 2578 1826 2632 anguste,
1840 2586 1879 2616 et
