2176 2912
731 155 1445 195 ORNAT13R113US.
1712 167 1786 208 gffl

388 257 472 287 toto
502 261 638 302 genere
667 249 916 301 perurbanus.
973 249 1090 287 Meus
1122 257 1249 287 autem
1283 249 1436 300 aequalis
1465 250 1539 286 Cn.
1564 248 1787 300 Pompeius,

388 316 447 352 vir
466 315 511 352 ad
531 315 661 352 omnia
680 314 829 352 summa
849 324 973 358 natus,
1007 315 1191 366 majorem
1221 315 1375 352 dicendi
1394 313 1558 366 gloriam
1587 312 1788 357 habuiss‘et,

388 380 457 417 nifi
478 393 568 417 eum
600 380 754 431 majoris
785 380 916 432 gloriae
936 380 1126 432 cupiditas
1147 380 1192 417 ad
1214 380 1368 418 bellicas
1395 379 1523 417 laudes
1545 378 1787 417 abstraxisset.

388 445 481 483 Erat
513 446 682 483 oratione
703 445 788 483 satis
822 445 997 498 amplus;
1031 459 1111 484 rem
1144 446 1352 499 prudenter
1373 445 1547 489 videbat,
1580 446 1676 482 aetio
1701 458 1789 482 vero

388 511 467 562 ejus
488 510 667 556 habebat,
698 522 736 549 et
757 512 795 550 in
817 525 908 550 voce
928 525 1116 565 magnum
1143 512 1398 565 splendorem,
1431 520 1468 549 et
1488 511 1529 549 in
1550 521 1660 549 motu
1683 511 1789 548 sum-

388 590 494 615 mam
514 578 756 630 dignitatem.

442 642 585 680 Noster
603 643 698 681 item
718 643 872 696 aequalis
893 645 946 682 D.
970 644 1132 689 Silanus,
1164 644 1321 682 vitricus
1344 653 1446 689 tuus,
1481 643 1594 682 studii
1615 643 1681 681 ille
1701 643 1789 695 qui-

389 708 478 746 dem
498 707 636 747 habuit
656 722 734 747 non
762 710 950 755 multum,
984 709 1045 748 sed
1076 711 1280 755 acuminis,
1311 720 1349 748 et
1375 711 1556 749 orationis
1587 710 1686 748 satis.
1735 711 1802 762 Q

389 775 611 828 Pompeius,
643 777 693 813 A.
713 775 831 821 filius,
849 776 918 828 qui
936 775 1164 828 Bithynicus
1185 778 1307 815 didus
1324 777 1388 821 est,
1412 777 1569 815 biennio
1585 790 1702 829 quarn
1721 789 1791 814 nos

387 838 537 878 fortaffe
568 841 704 892 major,
735 840 888 878 summo
919 841 1043 879 studio
1077 842 1244 887 dicendi,
1276 842 1477 894 multaque
1511 843 1695 887 doetrina,
1728 843 1790 880 in-

389 905 564 943 credibili
597 905 725 943 labore
745 916 859 958 atque
889 906 1086 951 industria,
1118 909 1223 959 quod
1254 907 1347 945 scire
1365 908 1516 960 poffum
1532 927 1543 952 ς
1575 907 1652 946 fuit
1685 909 1794 947 enim

388 984 560 1017 mecum,
591 981 630 1009 et
649 985 742 1010 cum
762 972 825 1010 M.
849 972 983 1010 Pisone
1013 986 1104 1010 cum
1135 973 1318 1018 amicitia,
1354 983 1441 1012 tum
1467 973 1613 1019 studiis,
1644 975 1790 1013 exerci-

387 1037 671 1090 tationibusque
700 1039 941 1090 conjunctus.
1002 1039 1134 1091 Hujus
1155 1040 1253 1078 aitio
1284 1052 1362 1078 non
1382 1039 1467 1078 satis
1494 1041 1793 1079 commendabat

388 1104 601 1142 orationem
616 1122 628 1148 ς
659 1104 700 1142 in
730 1102 802 1142 hac
827 1104 933 1142 enim
953 1104 1039 1143 satis
1071 1114 1149 1144 erat
1168 1105 1302 1159 copiae,
1333 1106 1374 1144 in
1405 1105 1482 1144 ulla
1500 1115 1631 1145 autern
1651 1106 1791 1160 leporis

387 1182 538 1221 parum.

444 1236 537 1274 Erat
568 1236 649 1288 ejus
685 1235 839 1288 aequalis
860 1237 905 1275 P.
928 1238 1157 1283 Autronius,
1188 1251 1281 1277 voce
1310 1247 1501 1291 peracuta,
1537 1247 1651 1291 atque
1679 1252 1790 1292 mag-

387 1315 449 1347 na,
479 1316 550 1340 nec
581 1302 653 1340 alia
683 1316 721 1340 re
754 1303 833 1340 ulla
863 1303 1088 1355 probabilis.
1138 1305 1192 1342 Et
1211 1305 1261 1343 L.
1285 1305 1468 1343 octavius
1489 1305 1690 1349 Reatinus,
1723 1305 1791 1356 qui

388 1382 482 1408 cum
500 1369 642 1408 multas
668 1370 751 1421 jam
771 1369 896 1407 causas
918 1370 1074 1415 diceret,
1105 1370 1317 1409 adolescens
1337 1371 1390 1409 est
1423 1379 1613 1410 mortuus.
1673 1371 1710 1409 Is
1731 1380 1789 1410 ta-

387 1449 479 1474 men
503 1435 549 1473 ad
582 1435 790 1474 dicendum
820 1436 997 1474 veniebat
1024 1436 1146 1489 magis
1167 1437 1355 1482 audacter,
1392 1451 1510 1489 quam
1538 1446 1698 1490 parate„
1737 1438 1792 1476 Et

388 1502 437 1540 C.
462 1502 651 1547 Stalenus‚
683 1502 750 1554 qui
783 1502 819 1540 se
848 1502 926 1554 ipse
952 1502 1208 1555 adoptaverat,
1240 1510 1277 1540 et
1304 1503 1351 1540 de
1380 1503 1530 1541 Staieno
1559 1503 1711 1541 AElium
1730 1502 1790 1542 fe-

386 1576 501 1613 cerat,
532 1567 680 1606 fervido
700 1568 883 1620 quodam,
914 1577 952 1605 et
970 1568 1176 1621 petulanti,
1206 1577 1244 1606 et
1269 1567 1413 1606 furioso
1443 1582 1581 1622 genere
1610 1569 1787 1615 dicendi;

385 1635 493 1686 quod
526 1634 616 1687 quia
649 1634 785 1672 multis
819 1643 973 1687 gratum
1007 1644 1099 1679 erat,
1130 1644 1168 1673 et
1194 1635 1439 1688 probabatur,
1470 1635 1715 1673 adscendisset
1743 1636 1790 1674 ad

386 1699 564 1745 honores,
586 1700 655 1738 nifi
675 1701 716 1738 in
736 1699 904 1738 facinore
924 1700 1126 1739 manifesto
1146 1700 1399 1753 deprehensus
1419 1715 1549 1754 poenas
1569 1701 1722 1754 legibus
1751 1711 1790 1739 et

383 1766 534 1817 judicio
552 1765 721 1804 dediffet.

443 1831 593 1869 LXIX.
625 1831 775 1869 Eodem
796 1841 968 1885 tempore
990 1833 1037 1870 C.
1060 1842 1097 1870 et
1118 1834 1165 1871 L.
1197 1833 1353 1885 Caepasii
1374 1832 1505 1871 fratres
1525 1832 1696 1878 fuerunt,
1719 1834 1788 1886 qui

387 1897 512 1936 mult-21
542 1897 668 1950 openi,
703 1897 828 1950 ignoti
859 1897 1035 1936 homines
1069 1907 1107 1936 et
1139 1900 1339 1952 repentini,
1377 1900 1590 1950 Qasstores
1617 1899 1788 1937 celeriter

386 1962 477 2001 faeti
497 1963 598 2008 sunt,
621 1963 813 2016 oppidano
834 1965 1003 2016 quodam
1023 1973 1060 2002 et
1080 1965 1278 2003 incondito
1298 1978 1434 2017 genere
1454 1965 1620 2003 dicendi.
1652 1965 1785 2003 Adda-

387 2044 473 2069 mus
494 2029 572 2068 huc
592 2031 722 2075 etiam,
752 2044 798 2068 ne
818 2045 935 2082 quem
956 2031 1128 2069 vocalem
1149 2031 1361 2084 praeteriiffe
1383 2031 1592 2076 videamur,
1616 2032 1663 2069 C.
1689 2031 1784 2070 Cos-

387 2096 547 2134 conium
569 2095 828 2141 Calidianum,
861 2097 929 2148 qui
956 2097 1064 2134 nullo
1095 2097 1286 2140 acumine,
1320 2110 1404 2134 eam
1425 2106 1553 2135 tamen
1579 2096 1786 2135 verborum

385 2163 552 2214 copiam,
574 2162 600 2200 fi
616 2176 732 2214 quam
753 2162 930 2208 habebat,
952 2164 1143 2216 praebebat
1161 2163 1307 2216 populo
1327 2177 1418 2201 cum
1439 2163 1562 2202 multa
1582 2164 1784 2202 concursa-

389 2227 506 2271 tione,
538 2241 756 2280 magnoque
777 2229 956 2267 clamore.
1007 2229 1126 2281 Qod
1145 2229 1249 2267 idem
1270 2228 1432 2267 faciebat
1454 2230 1678 2281 QArrius,
1717 2229 1783 2281 qui
1830 2264 1835 2269 .

387 2290 464 2329 fuit
484 2292 546 2329 M.
571 2293 687 2330 Craffi
705 2294 806 2345 quasi
827 2294 1081 2333 secundarius.
1115 2297 1151 2334 Is
1166 2295 1346 2334 omnibus
1367 2295 1545 2348 exemplo
1566 2295 1679 2333 debet
1698 2294 1784 2337 efl‘e,

389 2367 579 2410 quantum
607 2359 645 2396 in
680 2358 751 2397 hac
772 2361 864 2399 urbe
884 2362 1025 2414 polleat
1052 2362 1268 2400 multorum
1289 2362 1442 2400 obedire
1464 2361 1641 2413 tempori,
1677 2359 1782 2397 mul-

389 2433 596 2476 torumque
617 2425 675 2462 vel
695 2424 834 2465 honori
850 2428 907 2466 vel
929 2428 1099 2480 periculo
1120 2427 1267 2467 servire.
1290 2429 1367 2466 His
1387 2429 1491 2465 enim
1507 2427 1633 2470 rebus,
1648 2425 1782 2463 infimo

471 2496 685 2535 ToM.L
1338 2498 1483 2553 ⁸odd
