2176 2912
392 274 445 312 60
641 263 1544 308 DEINVVENTIONE

393 378 487 404 cum
502 362 598 401 viro.
637 362 727 400 Hoc
744 360 770 399 fi
787 359 885 398 nolis
907 358 1060 403 inferre,
1081 367 1120 396 et
1140 356 1277 396 inferas
1294 356 1333 395 id
1354 357 1459 409 quod
1479 357 1661 409 sequitur,
1685 357 1796 394 Fecit

395 432 514 484 igitur
537 428 725 467 incestum
739 446 750 471 3
782 436 819 465 et
839 425 1068 464 concluseris
1088 424 1463 477 argumentationem
1492 424 1530 462 et
1559 423 1798 477 perspicuam

396 495 540 549 fugeris
560 493 887 546 complexionem.

454 563 585 613 Qare
619 560 659 597 in
690 558 816 610 longis
851 555 1265 610 argumentationibUS‚
1305 569 1354 594 ex
1387 554 1709 593 conductionibus
1736 561 1802 591 aut
1824 589 1828 590 ⁷

400 640 447 666 ex
467 624 658 664 contrario
678 623 886 675 complesti
906 631 1079 674 oportet:
1104 622 1143 659 in
1160 620 1339 658 brevibus
1356 621 1396 658 id
1417 620 1557 664 solum,
1579 619 1685 671 q‘uod
1705 631 1801 656 con-

402 693 547 736 ficitur,
578 703 791 742 exponere:
823 689 864 726 in
885 689 945 732 iis,
968 689 1008 725 in
1029 688 1170 740 quibus
1195 688 1319 724 exitus
1340 686 1560 738 perspicuus
1581 685 1649 729 est,
1669 683 1802 722 conse-

402 758 558 797 cutione
579 756 649 794 uti.
683 756 720 793 Si
740 755 809 807 qui
827 762 958 791 autem
977 766 1023 790 ex
1040 765 1116 790 una
1129 765 1285 804 quoque
1306 760 1410 804 parte
1430 751 1623 803 putabunt
1637 750 1805 788 constare

404 821 794 876 argumentationem,
825 828 1006 872 poterunt
1026 818 1164 862 dicere,
1195 817 1289 870 saepe
1309 816 1393 855 satis
1414 816 1485 854 effe
1511 815 1587 854 hoc
1606 816 1724 856 modo
1744 828 1803 853 ar-

405 888 741 943 gumentationem
761 885 883 924 facere
898 904 910 931 3
943 885 1143 937 Qoniam
1160 883 1321 937 peperit,
1351 896 1444 921 cum
1464 883 1546 921 viro
1565 881 1779 920 concubuit
1791 898 1805 925 ;

407 969 498 994 nam
531 953 608 992 hoc
629 953 775 992 nullius
796 965 920 1004 neque
951 950 1251 1004 approbationis,
1281 962 1406 1002 neque
1437 948 1717 1001 assumptionis,
1749 946 1808 985 vel

406 1023 488 1073 ejus
509 1019 808 1073 approbationis,
830 1031 955 1070 neque
973 1016 1255 1070 complexionis
1276 1015 1459 1068 indigere.
1497 1015 1568 1053 Sed
1589 1014 1699 1052 nobis
1722 1026 1807 1051 am-

408 1087 598 1139 biguitate
613 1085 783 1124 nominis
799 1084 978 1122 videntur
991 1097 1126 1121 errare.
1144 1083 1251 1120 Nam
1266 1081 1548 1135 argumentatio
1563 1080 1721 1119 nomine
1733 1091 1812 1116 uno

410 1166 468 1191 res
490 1153 581 1191 duas
608 1151 809 1204 fignificat,
839 1150 927 1188 ideo
945 1149 1052 1202 quod
1070 1158 1108 1187 et
1127 1149 1331 1187 inventum
1351 1148 1522 1200 aliquam
1546 1147 1586 1185 in
1610 1159 1691 1185 rem
1720 1157 1810 1197 pro-

412 1219 538 1257 babile
557 1226 623 1256 aut
642 1216 891 1255 necessarium
911 1215 1193 1268 argumentatio
1216 1223 1388 1258 vocatur,
1419 1222 1457 1250 et
1482 1214 1563 1264 ejus
1584 1211 1732 1249 inventi
1751 1223 1812 1247 ar-

411 1284 574 1323 tificiosa
593 1282 793 1336 expolitio⁴
854 1282 1022 1334 Qando
1041 1282 1161 1334 igitur
1179 1278 1374 1333 proferent
1407 1277 1555 1330 aliquid
1575 1275 1812 1329 hujusmodi,

414 1351 614 1401 Qoniam
634 1348 796 1402 peperit,
818 1361 910 1386 cum
930 1348 1012 1386 viro
1031 1346 1259 1390 concubuit,
1292 1345 1496 1383 inventum
1512 1342 1721 1396 proferent,
1738 1354 1818 1380 non

407 1416 700 1469 expolitionem.
733 1415 817 1453 Nos
838 1424 968 1472 autem
989 1414 1035 1452 de
1049 1412 1301 1466 expolitionis
1314 1411 1486 1464 partibus
1506 1409 1720 1462 loquimur.

472 1482 581 1519 XLI.
615 1479 731 1519 Nihil
751 1480 871 1532 igitur
886 1480 932 1518 ad
947 1476 1048 1518 hanc
1067 1492 1148 1517 rem
1163 1478 1258 1516 ratio
1274 1477 1340 1515 illa
1358 1476 1588 1529 pertinebit3
1611 1484 1726 1527 atque
1744 1472 1817 1511 hac

416 1547 672 1590 distinetione,
691 1546 764 1583 alia
779 1558 949 1596 quoque,
971 1559 1056 1596 quae
1075 1544 1309 1581 videbuntur
1323 1543 1475 1580 officere
1494 1540 1587 1579 huic
1604 1540 1817 1594 partitioni,

418 1612 741 1666 propulsabimuS‚
773 1610 798 1648 fi
833 1611 902 1662 qui
936 1620 1000 1649 aut
1030 1609 1329 1662 affumptionem
1359 1607 1566 1660 aliquando
1596 1607 1683 1645 tolli
1716 1605 1820 1659 poffe

419 1687 571 1731 putent,
602 1686 667 1715 aut
698 1676 1011 1729 propositionem.
1073 1676 1171 1727 Qae
1201 1675 1227 1712 fi
1261 1674 1356 1726 quid
1386 1673 1502 1711 habet
1530 1673 1729 1726 probabile
1755 1680 1820 1709 aut

420 1743 680 1787 necessarium,
713 1755 871 1794 quoquo
898 1742 1015 1780 modo
1035 1750 1322 1779 commmoveat
1342 1740 1556 1778 auditorem
1589 1738 1731 1777 neceffe
1751 1737 1818 1775 est.

422 1810 541 1861 Qod
562 1810 586 1847 fi
608 1809 732 1846 solum
754 1808 806 1853 id,
838 1808 944 1860 quod
962 1809 1166 1846 inventum
1185 1807 1251 1851 est,
1283 1807 1523 1860 spe-staretur,
1549 1819 1591 1843 ac
1608 1803 1729 1849 nihil,
1743 1816 1822 1856 quo

422 1877 533 1928 pacto
565 1876 783 1912 tractaretur
813 1873 853 1911 id
883 1874 988 1925 quod
1017 1873 1106 1911 effet
1139 1873 1418 1924 excogitatum,
1461 1869 1615 1909 referret
1632 1888 1643 1915 ς
1675 1882 1822 1921 nequa-

423 1953 542 1992 quam
563 1948 715 1992 tantum
734 1939 834 1976 inter
854 1938 1025 1976 summos
1046 1946 1209 1977 oratores
1230 1947 1267 1975 et
1288 1936 1499 1975 mediocres
1532 1934 1703 1974 interesse
1723 1932 1823 1973 exis-

425 2006 640 2043 timaretur.

481 2072 634 2109 Variare
654 2081 784 2109 autem
804 2071 1018 2109 orationem
1034 2081 1266 2122 magnopere
1281 2067 1476 2120 oportebit
1490 2085 1501 2111 ς
1513 2111 1520 2115 -
1534 2080 1622 2104 narn
1641 2065 1825 2104 omnibus

426 2137 466 2174 in
487 2138 599 2175 rebus
613 2137 825 2175 similitudo
844 2136 896 2174 est
912 2135 1090 2174 satietatiS
1111 2145 1246 2173 mater.
1294 2133 1338 2172 Id
1354 2133 1436 2171 fieri
1457 2133 1613 2185 poterit,
1635 2131 1661 2170 fi
1682 2144 1759 2169 non
1777 2130 1826 2168 fi-

428 2204 573 2241 militer
594 2204 740 2256 semper
759 2203 1020 2255 ingrediamur
1041 2203 1081 2240 in
1102 2201 1491 2254 argumentationem.
1530 2199 1636 2237 Nam
1653 2198 1828 2251 primum

426 2271 608 2309 omnium
628 2271 831 2323 generibus
852 2270 938 2322 ipfis
966 2269 1196 2322 distinguere
1216 2268 1398 2307 convenit
1417 2266 1647 2310 orationem,
1664 2264 1740 2303 hoc
1760 2263 1827 2309 est,

428 2347 515 2375 tum
531 2338 754 2375 inductione
774 2337 845 2381 uti,
864 2346 949 2375 tum
971 2336 1274 2374 ratiocinatione.
1306 2334 1458 2374 Deinde
1476 2334 1514 2371 in
1532 2333 1610 2386 ipsa
1621 2344 1829 2385 argumen-

429 2405 573 2442 tatione
594 2417 672 2442 non
693 2403 841 2456 semper
859 2417 879 2441 a
910 2404 1166 2456 propositione
1188 2403 1370 2455 incipere,
1400 2415 1469 2440 nec
1490 2400 1637 2453 semper
1657 2399 1831 2451 quinque

430 2471 602 2523 partibus
629 2471 749 2516 abuti,
792 2484 916 2523 neque
947 2471 1080 2508 eadem
1112 2470 1256 2508 ratione
1287 2469 1511 2521 partitiones
1542 2466 1737 2519 expolire3
1770 2463 1832 2502 sed

430 2547 517 2575 tum
542 2538 589 2575 ab
624 2537 876 2590 assumptione
896 2538 1065 2590 incipere
1085 2537 1190 2581 licet,
1223 2545 1308 2574 tum
1340 2535 1386 2573 ab
1415 2533 1689 2587 approbatione
1716 2531 1831 2569 alter-

431 2614 529 2650 utra,
548 2613 632 2643 tum
655 2604 815 2658 utraque
830 2623 842 2651 3
876 2613 961 2645 tum
981 2604 1071 2652 hoc,
1094 2613 1179 2645 tum
1199 2603 1269 2644 illo
1288 2616 1424 2658 genere
1443 2600 1740 2656 complexioniS,
1759 2597 1830 2638 uti.
