2176 2912
485 213 560 239 222
800 202 922 241 DE
1027 203 1577 242 ORATORE

483 293 646 331 secunda
665 306 840 340 acumen,
864 295 973 332 tertia
993 296 1087 340 vim,
1118 296 1311 334 desiderat.
1363 297 1469 334 Nam
1489 294 1564 333 hoc
1585 293 1727 333 necesse
1747 294 1813 340 est,
1835 303 1881 332 ut

482 359 528 403 is,
550 360 618 411 qui
637 360 748 399 nobis
768 361 916 399 causam
933 362 1215 413 adjudicaturus
1233 363 1292 407 fit,
1319 371 1383 400 aut
1402 361 1652 399 inclinatione
1671 360 1882 399 voluntatis

482 425 716 478 propendeat
745 426 784 464 in
818 441 901 472 noS,
938 437 1004 465 aut
1037 426 1261 466 defenfionis
1293 428 1527 481 argumentis
1561 427 1783 470 adducatur,
1815 434 1881 463 aut

482 491 603 528 animi
623 493 864 543 permotione
885 503 1055 545 cogatur.
1090 494 1160 531 Sed
1181 494 1366 545 quoniam
1386 494 1452 531 illa
1472 506 1569 545 pars,
1596 493 1637 530 in
1657 505 1733 544 qua
1753 505 1880 535 rerum

481 555 650 607 ipsarum
670 557 874 608 explicatio
905 572 947 595 ac
982 557 1146 595 defensio
1169 559 1286 610 posita
1304 558 1369 602 est,
1397 558 1549 595 videtur
1579 571 1738 595 omnem
1764 555 1880 608 hujus

481 622 630 674 generis
651 623 752 674 quasi
785 623 997 661 doetrinam
1020 623 1230 668 continere,
1266 623 1312 660 de
1332 636 1374 659 ea
1399 623 1573 674 primum
1593 623 1813 674 loquemur,
1843 630 1883 659 et

481 701 603 742 pauca
622 688 809 726 dicemus,
834 689 958 726 Pauca
977 688 1083 726 enim
1104 688 1203 734 sunt,
1225 702 1309 741 quae
1331 688 1398 725 usu
1410 689 1493 740 jam
1515 689 1684 732 tractata,
1697 696 1733 726 et
1750 688 1881 725 animo

481 753 585 805 quasi
605 753 743 791 habere
763 762 891 791 notata
914 754 1125 792 videamur.

537 819 670 857 XXX.
702 820 762 856 Ac
783 819 853 857 tibi
876 819 1058 872 sapienter
1078 820 1267 864 monenti,
1290 821 1338 858 L.
1362 819 1501 865 Craffe,
1523 819 1688 857 libenter
1707 818 1881 857 assentie-

482 897 584 928 mur,
618 893 660 922 ut
681 885 916 937 singularum
937 885 1132 923 causarum
1159 885 1404 930 defenfiones,
1439 898 1531 937 quas
1558 885 1679 922 solent
1712 884 1884 937 magistri

482 950 609 1002 pueris
626 950 782 994 tradere,
798 951 1059 1003 relinquamus
1072 970 1084 996 3
1107 952 1319 1004 aperiamus
1332 960 1461 988 autem
1477 964 1518 988 ea
1533 951 1669 1003 capita,
1680 950 1780 988 unde
1793 963 1881 987 om-

482 1015 542 1053 nis
562 1015 608 1052 ad
628 1030 785 1054 omnem
805 1026 842 1054 et
860 1017 1024 1062 causam,
1043 1027 1080 1055 et
1095 1017 1306 1055 orationem
1321 1017 1527 1069 disputatio
1542 1016 1710 1054 ducitur,
1742 1016 1883 1067 Neque

483 1081 604 1127 enim,
636 1082 785 1134 quoties
807 1084 968 1121 verbum
988 1084 1143 1136 aliquod
1169 1083 1222 1121 est
1241 1083 1486 1121 scribendum
1512 1082 1637 1126 nobis,
1672 1081 1782 1118 toties
1802 1082 1882 1133 ejus

482 1148 589 1185 verbi
610 1148 728 1186 literae
748 1148 835 1187 sunt
854 1150 1087 1201 cogitatione
1108 1148 1378 1201 conquirendae
1391 1166 1404 1193 ς
1435 1161 1503 1185 nec
1525 1147 1675 1200 quoties
1693 1146 1799 1184 causa
1821 1147 1883 1184 di-

483 1212 603 1249 cenda
622 1212 687 1258 est,
720 1214 830 1252 toties
863 1214 909 1252 ad
941 1215 1022 1266 ejus
1054 1214 1171 1252 causae
1203 1213 1360 1267 seposita
1389 1221 1613 1266 argumenta
1640 1211 1783 1250 revolvi
1814 1225 1883 1250 nos

482 1287 635 1330 oportet
653 1294 661 1317 :
698 1279 758 1317 sed
779 1279 919 1318 habere
946 1289 1068 1318 certos
1089 1280 1209 1325 locos,
1237 1281 1320 1332 qui,
1342 1288 1386 1318 ut
1404 1279 1523 1317 literae
1542 1279 1589 1317 ad
1608 1278 1770 1318 verbum
1790 1278 1885 1316 scri-

485 1345 671 1391 bendum,
694 1346 742 1384 fic
763 1346 822 1384 illi
842 1347 888 1385 ad
907 1347 1058 1385 causam
1078 1347 1359 1400 explicandam,
1381 1346 1505 1385 statim
1528 1354 1744 1384 occurrant.

540 1412 610 1450 Sed
631 1412 674 1450 hi
693 1413 769 1451 loci
790 1414 823 1451 ei
844 1413 1004 1452 demum
1024 1414 1163 1452 oratori
1194 1413 1362 1467 prodeffe
1390 1412 1555 1466 possunt,
1581 1412 1649 1464 qui
1679 1411 1732 1449 est
1761 1411 1883 1449 versa-

483 1488 545 1516 tus
566 1480 606 1516 in
627 1480 753 1524 rebus,
784 1480 843 1517 vel
873 1480 953 1524 usu,
985 1494 1104 1532 quem
1133 1490 1217 1518 aetas
1239 1480 1405 1531 denique
1426 1479 1561 1523 affert;
1593 1479 1652 1516 vel
1673 1478 1882 1523 auditione,

484 1554 522 1585 et
542 1547 789 1598 cogitatione,
813 1559 895 1597 quac
916 1546 1039 1583 studio
1060 1555 1097 1583 et
1118 1545 1318 1597 diligentia
1337 1546 1533 1598 praecurrit
1554 1553 1717 1582 aetatem.
1777 1545 1887 1583 Nam

486 1610 510 1649 fi
529 1620 570 1649 tu
583 1610 682 1649 mihi
699 1612 874 1664 quamvis
890 1611 1085 1649 eruditum
1103 1610 1306 1649 hominem
1326 1611 1542 1655 adduxeris,
1564 1611 1738 1663 quamvis
1758 1624 1885 1648 acrem

485 1687 523 1715 et
543 1687 702 1715 acutum
721 1678 761 1715 in
783 1677 999 1729 cogitando,
1036 1677 1210 1729 quamvis
1231 1677 1276 1714 ad
1296 1676 1623 1729 pronuntiandum
1644 1676 1892 1728 expeditum,

485 1743 511 1782 fi
532 1744 603 1782 erit
622 1744 726 1781 idem
746 1744 786 1781 in
807 1743 1081 1781 consuetudine
1108 1743 1288 1787 civitatis,
1320 1743 1359 1781 in
1380 1743 1582 1795 exemplis,
1613 1743 1652 1779 in
1684 1742 1883 1787 institutis,

486 1809 525 1845 in
548 1809 721 1846 moribus
740 1822 782 1845 ac
804 1808 1066 1846 voluntatibus
1087 1808 1234 1845 civium
1262 1807 1416 1845 suorum
1437 1806 1586 1859 hospes,
1615 1820 1692 1844 non
1712 1807 1886 1845 multum

486 1875 521 1912 ei
542 1875 616 1912 loci
637 1874 845 1926 proderunt
866 1874 938 1918 illi,
961 1888 1006 1912 ex
1027 1874 1167 1926 quibus
1188 1883 1413 1926 argumenta
1432 1882 1677 1926 promuntur.
1724 1873 1894 1910 Subacto

487 1939 587 1978 mihi
608 1939 763 1992 ingenio
784 1954 878 1992 opus
900 1940 966 1983 est,
1003 1949 1044 1977 ut
1065 1953 1154 1992 agro
1185 1954 1261 1978 non
1292 1939 1407 1977 semel
1438 1947 1553 1983 arato,
1585 1938 1647 1975 sed
1666 1946 1817 1981 novato,
1848 1947 1886 1974 et

487 2008 634 2051 iterato,
663 2021 741 2059 quo
760 2007 935 2044 meliores
967 2005 1084 2043 foetus
1105 2005 1215 2058 poffit
1235 2014 1272 2042 et
1291 2005 1508 2057 grandiores
1529 2004 1650 2041 edere.
1710 2002 1887 2041 Subactio

488 2082 616 2110 autem
636 2073 686 2110 est
708 2072 808 2116 usuc,
826 2072 986 2117 auditio,
1008 2072 1135 2115 lectio,
1158 2071 1288 2109 literae.

544 2139 603 2175 Ac
624 2136 794 2188 primum
818 2146 992 2174 naturam
1013 2136 1130 2173 causa:
1151 2135 1290 2180 videat,
1313 2148 1397 2188 quae
1418 2148 1617 2186 nunquam
1638 2134 1742 2171 latet.
1786 2134 1890 2172 Fac-⁷
1937 2175 1940 2177 ,

488 2212 624 2241 tumne
645 2202 701 2247 fit,
730 2211 944 2253 quaeratur5
976 2215 1037 2245 an,
1068 2199 1192 2252 Qale
1214 2201 1283 2245 sit3
1316 2215 1376 2245 an,
1404 2200 1522 2251 Qod
1550 2213 1691 2237 nomen
1718 2198 1884 2237 habeat:

489 2282 567 2321 quo
600 2268 804 2320 perspedto,
831 2267 956 2304 statim
991 2266 1157 2304 occurrit
1189 2266 1347 2303 naturali
1375 2265 1539 2318 quadam
1567 2265 1779 2318 prudentia,
1809 2278 1888 2303 non

489 2333 550 2373 his
571 2333 900 2377 subdufflonffius,
932 2346 1024 2384 quas
1045 2332 1105 2370 isti
1125 2332 1279 2376 docent,
1308 2332 1402 2384 quid
1428 2330 1540 2370 faciat
1560 2331 1723 2376 causam,
1754 2331 1793 2368 id
1819 2331 1886 2376 est,

490 2414 567 2452 quo
598 2399 745 2436 sublato
781 2398 1031 2435 controverfia
1064 2398 1155 2435 stare
1188 2411 1264 2435 non
1286 2397 1418 2450 poffit:
1451 2397 1601 2441 deinde,
1634 2396 1727 2449 quid
1761 2396 1889 2433 veniat

489 2465 755 2518 injudichun,
788 2464 892 2517 quod
924 2464 985 2502 isti
1021 2463 1225 2516 ficjubent
1245 2477 1409 2516 quaerere
1425 2481 1437 2509 3
1470 2461 1670 2502 Interfecit
1703 2461 1885 2514 Opimius
