2176 2912
523 186 841 227 LIBER
917 185 1332 226 PRIMUS.
1561 193 1633 246 165

295 280 403 331 Qin
431 288 472 316 tu
502 279 622 330 igitur
650 277 743 315 facis
768 277 886 322 idem,
918 277 1046 330 inquit
1077 279 1255 323 Scaevola,
1287 279 1392 331 quod
1422 279 1576 327 faceres,
1607 284 1633 321 fi

238 345 279 383 in
310 346 477 398 aliquam
499 345 677 389 domum,
716 344 872 396 plenam
892 354 1208 383 ornamentorum
1229 346 1351 390 illam,
1375 348 1543 386 venisses.
1594 350 1631 387 Si

236 425 278 449 ea
297 412 464 464 sepofita,
487 420 531 448 ut
555 411 666 456 dicis,
701 410 830 455 essent,
867 420 987 463 tuque
1007 411 1115 449 valde
1134 412 1325 464 spectandi
1345 414 1507 465 cupidus
1527 415 1631 460 effes,

236 491 313 515 non
338 477 529 514 dubitares
563 490 694 529 rogare
724 476 945 521 dominum,
977 486 1020 514 ut
1038 476 1200 530 proferri
1225 478 1392 529 juberet,
1424 480 1631 531 praesertim

235 542 261 580 fi
281 542 369 580 effet
389 541 587 580 familiaris
604 557 612 580 :
645 542 821 580 fimiliter
841 556 944 580 nunc
965 552 1069 595 petes
1090 556 1111 580 a
1131 543 1273 588 Craffo,
1306 554 1349 581 ut
1373 557 1457 582 eam
1478 547 1632 598 copiam

233 619 549 647 ornamentorum
570 609 739 653 suorum,
760 622 879 660 quam
899 609 1154 647 constructam
1175 623 1252 647 uno
1273 610 1312 648 in
1331 610 1430 656 loco,
1448 613 1549 664 quali
1566 627 1632 665 per

234 674 474 712 transennam
496 683 762 726 praetereuntes
783 674 942 712 strictim
963 674 1193 727 aspeximus,
1225 676 1264 713 in
1293 676 1422 715 lucem
1447 677 1629 730 proferat,

233 750 270 777 et
291 740 356 778 suo
377 740 547 792 quidque
567 739 654 778 loco
675 739 855 778 collocet.

288 806 374 858 Ego
407 819 508 850 vero,
539 806 667 857 inquit
698 806 827 849 Cotta,
869 819 888 842 a
922 815 959 843 te
989 815 1093 858 peto,
1125 807 1312 846 Scaevola:
1349 822 1412 846 me
1442 810 1561 855 enim,
1592 820 1631 849 et

231 869 337 908 hunc
365 871 583 922 Sulpicium
604 869 769 922 impedit
788 870 913 922 pudor
943 871 989 908 ab
1010 870 1171 910 homine
1197 873 1628 926 omniumrgraviffimo,

231 938 298 988 qui
328 950 448 989 genus
479 935 704 988 hujusmodi
738 936 1004 989 disputationis
1036 938 1181 991 semper
1207 941 1492 992 contempserit,
1531 942 1628 988 haec,

230 1017 314 1055 quae
335 1003 393 1041 isti
413 1003 566 1041 forfitan
587 1017 795 1056 puerorum
817 1003 1006 1043 elementa
1026 1005 1237 1051 videantur,
1253 1007 1465 1058 exquirere.
1499 1010 1570 1047 Sed
1587 1020 1630 1048 tu

229 1070 341 1107 nobis
377 1070 435 1114 da,
468 1071 645 1114 Scaevola,
676 1079 714 1107 et
747 1069 901 1123 perfice,
933 1080 976 1108 ut
997 1071 1146 1109 Craffus
1176 1071 1272 1117 haec,
1305 1086 1390 1124 quae
1410 1076 1627 1121 coaretavit,

229 1145 267 1172 et
288 1135 508 1189 peranguste
536 1135 678 1174 refersit
703 1136 745 1174 in
775 1137 947 1176 oratione
980 1137 1056 1183 sua,
1087 1138 1220 1177 dilatet
1253 1139 1379 1185 nobis,
1411 1151 1524 1193 atque
1558 1155 1627 1180 ex·-

229 1202 364 1254 plicet.

285 1270 370 1321 Ego
402 1268 637 1315 mehercule,
668 1271 796 1324 inquit
817 1272 992 1318 Mucius,
1019 1282 1126 1311 antea
1145 1273 1262 1311 vestra
1281 1275 1404 1327 magis
1424 1274 1499 1314 hoc
1520 1277 1627 1314 causa

227 1336 419 1380 volebam,
451 1351 568 1389 quam
590 1351 699 1376 mea:
732 1352 856 1390 neque
886 1339 991 1377 enim
1015 1349 1206 1392 tantopere
1225 1339 1325 1378 hanc
1349 1354 1368 1377 a
1389 1341 1517 1380 Craffo
1548 1342 1625 1380 dis-

228 1403 466 1454 putationem
488 1402 756 1448 defiderabam,
788 1415 1022 1457 quantopere
1051 1407 1131 1457 ejus
1164 1406 1202 1443 in
1224 1406 1340 1444 causlS
1366 1408 1537 1446 oratione
1556 1409 1624 1446 de-

226 1468 357 1506 lector.
402 1469 522 1507 Nunc
543 1483 644 1513 vero,
682 1470 819 1515 Craffe,
851 1484 936 1508 mea
967 1485 1122 1523 quoque
1156 1473 1272 1510 etiam
1307 1474 1414 1510 causa
1443 1487 1550 1527 rogo,
1583 1484 1625 1513 ut

227 1536 411 1587 quoniam
430 1544 581 1573 tantum
602 1535 789 1574 habemus
809 1537 893 1581 otii,
924 1547 1114 1588 quantum
1129 1539 1281 1590 jamdiu
1303 1540 1413 1577 nobis
1431 1554 1508 1580 non
1529 1555 1625 1579 con-

226 1602 329 1654 tigit,
356 1616 404 1640 ne
424 1603 586 1654 graveris
608 1602 841 1641 exaedificare
861 1603 901 1641 id
921 1617 1031 1656 opus,
1063 1606 1166 1656 quod
1187 1605 1395 1644 instituisti.
1441 1608 1625 1647 Formam

225 1669 330 1706 enim
345 1670 461 1707 totius
480 1670 624 1722 negotii
641 1670 821 1722 opinione
840 1671 1040 1723 majorem,
1056 1672 1336 1725 melioremque
1349 1674 1482 1719 vide03
1506 1688 1625 1727 quam

225 1733 470 1772 vehementer
490 1735 624 1787 probo.

259 1799 450 1838 XXXVI.
473 1801 698 1844 Enimvero,
714 1801 841 1853 inquit
855 1802 1018 1847 Craffus,
1036 1804 1165 1841 mirari
1179 1804 1264 1842 satis
1285 1818 1361 1843 non
1378 1818 1491 1857 queo,
1506 1806 1622 1844 etiam

226 1874 262 1902 te
282 1864 377 1910 haec,
414 1866 591 1911 Scaevola,
623 1866 841 1912 defiderare,
874 1881 957 1919 quae
979 1882 1103 1920 neque
1134 1883 1206 1922 ego
1232 1880 1357 1917 teneo,
1391 1872 1448 1909 uti
1478 1872 1520 1916 ii,
1553 1873 1621 1924 qui

224 1931 389 1976 docent3
423 1945 545 1983 neque
564 1932 651 1970 sunt
671 1933 752 1984 ejus
772 1934 935 1985 generis,
968 1944 1024 1978 ut,
1056 1934 1081 1972 fi
1115 1936 1263 1988 optime
1292 1946 1474 1982 tenerem,
1507 1939 1622 1991 digna

220 1997 339 2036 effent
359 1998 425 2036 ista
445 1998 638 2050 sapientia,
653 2012 695 2036 ac
717 2000 792 2037 tuis
812 2000 979 2038 auribus.
1019 2003 1083 2039 An
1105 2012 1160 2046 tu,
1184 2003 1312 2054 inquit
1333 2003 1412 2048 ille,
1433 2004 1459 2041 fi
1480 2004 1525 2042 de
1542 2005 1620 2043 istis

221 2064 499 2102 communibus
534 2074 571 2102 et
612 2066 819 2118 pervagatis
854 2067 918 2104 vix
960 2066 1052 2105 huic
1095 2070 1193 2106 aetati
1230 2069 1462 2108 audiendum
1494 2079 1619 2123 putas,

223 2130 390 2167 etiamne
425 2130 489 2168 illa
520 2132 711 2184 negligere
742 2132 952 2184 poffumus,
996 2148 1080 2185 quae
1122 2144 1163 2171 tu
1194 2136 1332 2173 oratori
1361 2136 1622 2188 cognoscenda

219 2194 289 2233 effe
310 2196 450 2240 dixisti,
483 2197 528 2235 de
550 2199 691 2236 naturis
712 2197 936 2244 hominum,
972 2200 1017 2239 de
1039 2201 1226 2246 moribus,
1259 2202 1304 2239 de
1325 2203 1537 2240 rationibus
1557 2203 1618 2247 iis,

223 2261 364 2312 quibus
396 2261 602 2300 hominum
624 2274 771 2302 mentes
801 2274 838 2302 et
869 2266 1132 2311 incitarentur,
1163 2277 1200 2305 et
1233 2268 1542 2320 reprimerentur,
1573 2268 1619 2306 de

223 2325 390 2372 historia,
423 2328 468 2365 de
497 2330 734 2381 antiquitate,
772 2332 817 2369 de
838 2332 1164 2371 administratione
1184 2335 1417 2387 reipublicae,
1453 2335 1618 2386 denique

223 2392 269 2429 de
291 2393 415 2431 nostro
436 2393 515 2445 ipso
529 2395 614 2446 jure
634 2396 738 2434 civili
758 2398 769 2434 ?
803 2398 916 2435 Hanc
937 2399 1041 2436 enim
1062 2413 1133 2451 ego
1159 2413 1318 2440 omnem
1339 2400 1549 2444 scientiam,
1580 2409 1617 2437 et

223 2458 375 2510 copiam
397 2472 521 2498 rerum
544 2462 583 2498 in
607 2471 669 2499 tua
689 2464 890 2514 prudentia
916 2464 1081 2503 sciebam
1112 2466 1251 2510 ineffe3
1284 2467 1323 2504 in
1353 2467 1508 2504 oratoris
1530 2478 1616 2503 vero

223 2524 477 2565 instrumento
495 2535 572 2565 tam
593 2527 735 2566 lautam
757 2529 1031 2583 supellectilem
1052 2545 1252 2583 nunquam
1273 2532 1453 2569 videram.
