2176 2912
371 279 424 318 90
624 268 738 307 DE
811 268 1522 308 INVENTIONE

370 356 471 394 male
490 356 597 408 geffit
618 357 721 395 bello
746 358 896 396 Punico
916 358 1096 402 secundo,
1123 372 1215 397 cum
1236 358 1415 397 tribunus
1438 359 1560 411 plebis
1581 357 1683 404 esset,
1706 358 1770 397 in-

370 423 452 461 vito
472 422 616 467 senatu,
638 432 675 460 et
695 425 857 462 omnino
877 433 1010 461 contra
1038 424 1278 462 voluntatem
1304 425 1485 463 omnium
1516 425 1769 478 optimatum,

371 502 438 540 per
458 487 684 527 seditionem
704 490 749 527 ad
767 490 959 542 populum
979 491 1106 542 legem
1126 491 1311 543 agrariam
1330 489 1489 529 ferebat.
1526 491 1647 530 Hunc
1664 499 1771 543 pater

369 555 457 592 suus
478 556 691 593 concilium
711 556 835 608 plebis
869 555 1078 594 habentem
1108 557 1154 594 de
1185 557 1334 610 templo
1363 557 1547 596 deduxit:
1579 556 1771 595 arceffitur

372 621 592 672 majestatis.
638 622 809 659 Intentio
842 622 908 666 est,
944 622 1187 674 Majestatem
1208 623 1395 667 minuisti,
1425 623 1530 676 quod
1565 623 1770 661 tribunum
1829 616 1832 617 ⁷

372 686 497 739 plebis
518 687 564 724 de
583 687 731 739 templo
749 687 951 725 deduxisti.
973 688 1158 740 Depulfio
1174 689 1239 732 est,
1263 689 1356 726 Non
1377 689 1502 726 minui
1520 688 1767 741 majestatem.

374 753 545 804 Qaestio
557 753 622 797 est,
633 753 924 804 Majestatemne
936 754 1122 790 minuerit
1137 754 1149 790 ?
1168 754 1298 797 Ratio,
1314 755 1359 791 In
1375 754 1502 792 filium
1514 755 1634 799 enim,
1652 767 1771 806 quam

373 818 564 857 habebam
580 819 820 871 potestatem,
838 832 881 856 ea
901 818 987 856 usus
1008 819 1106 857 sum.
1140 819 1316 857 Rationis
1337 819 1561 863 infirmatio,
1575 821 1630 857 At
1648 819 1772 864 enim²

373 885 442 937 qui
460 885 581 937 patria
600 884 797 937 potestate,
820 882 895 922 hoc
916 884 982 929 est,
1005 885 1150 937 privata
1169 885 1348 937 quadam,
1378 885 1623 923 tribunitiam
1643 883 1770 937 potes-

373 958 508 995 tatem,
530 948 606 988 hoc
626 949 692 994 est,
708 949 843 1002 populi
864 949 1090 1002 potestatem
1108 949 1291 995 infirmat,
1308 951 1452 988 minuit
1472 950 1502 988 is
1519 950 1771 1002 majestatem.

373 1016 570 1066 Judicatio
590 1016 657 1060 est,
681 1016 889 1054 Minuatne
908 1016 939 1053 is
961 1016 1210 1068 majestatem,
1232 1017 1300 1069 qui
1320 1017 1360 1054 in
1381 1016 1624 1055 tribunitiam
1643 1016 1771 1069 potes-

374 1091 493 1119 tatem
514 1082 634 1134 patria
654 1082 834 1135 potestate
855 1091 997 1121 utatur.
1057 1083 1120 1121 Ad
1140 1082 1239 1122 hanc
1261 1083 1545 1135 judicationem
1565 1096 1773 1136 argumen-

374 1149 536 1186 tationes
557 1161 692 1186 omnes
712 1147 836 1186 afferri
857 1149 1065 1201 oportebit.

428 1216 504 1259 Ac,
526 1228 573 1253 ne
593 1215 679 1267 quis
701 1213 799 1252 forte
825 1216 1029 1253 arbitretur
1050 1229 1117 1253 nos
1145 1230 1222 1254 non
1247 1215 1462 1267 intelligere
1482 1215 1597 1252 aliam
1617 1227 1775 1266 quoque

374 1280 542 1318 incidere
562 1281 877 1319 constitutionem
898 1281 937 1318 in
958 1280 1057 1318 hanc
1077 1281 1242 1325 eausam,
1273 1294 1358 1318 eam
1385 1293 1454 1317 nos
1485 1288 1634 1332 partem
1654 1279 1775 1317 solam

376 1346 579 1391 sumimus,
594 1347 633 1384 in
652 1360 727 1398 qua
742 1356 929 1399 praecepta
945 1347 1055 1385 nobis
1069 1347 1191 1385 danda
1206 1346 1306 1384 sunt.
1329 1346 1527 1384 Omnibus
1543 1354 1672 1383 autem
1685 1358 1774 1398 par-

374 1412 478 1450 tibus
498 1411 574 1450 hoc
595 1412 634 1450 in
662 1413 762 1450 libro
788 1412 1002 1464 explicatis,
1025 1413 1150 1464 quivis
1171 1413 1280 1451 omni
1300 1412 1340 1450 in
1365 1411 1485 1456 causa,
1516 1412 1542 1449 fi
1570 1410 1776 1463 diligenter

375 1478 559 1522 attendet,
581 1491 716 1515 omnes
746 1478 893 1515 videbit
913 1478 1203 1516 constitutiones
1224 1487 1262 1516 et
1292 1491 1423 1516 earum
1442 1487 1580 1530 partes,
1608 1485 1646 1514 et
1676 1489 1774 1515 con-

375 1543 582 1587 troversias,
604 1543 630 1581 fi
652 1557 735 1595 quae
755 1542 854 1580 forte
874 1543 914 1581 in
935 1557 994 1581 eas
1011 1544 1183 1581 incident
1201 1558 1208 1582 :
1233 1557 1323 1581 nam
1343 1543 1389 1580 de
1408 1543 1591 1581 omnibus
1612 1541 1773 1594 perscri-

375 1609 527 1647 bemus.
573 1610 727 1647 Primus
759 1623 850 1661 ergo
883 1609 1108 1648 accusatoris
1136 1610 1243 1648 locus
1265 1609 1317 1647 est
1346 1610 1426 1661 ejus
1448 1609 1632 1654 nominis,
1663 1609 1773 1660 cujus

376 1676 422 1712 de
454 1676 490 1713 vi
512 1676 708 1727 quaerstur,
740 1675 864 1713 brevis
895 1684 932 1713 et
958 1685 1085 1728 aperta
1114 1686 1151 1713 et
1181 1690 1227 1713 ex
1257 1675 1466 1713 hominum
1488 1675 1670 1728 opinione
1704 1675 1773 1712 de·-

377 1740 516 1785 finitio,
539 1740 623 1779 'hoc
643 1741 788 1786 modo;
821 1741 1062 1792 Majestatem
1095 1742 1283 1786 minuere,
1314 1742 1367 1779 est
1395 1742 1441 1779 de
1476 1742 1676 1794 dignitate,
1708 1749 1774 1778 aut

375 1807 646 1859 amplitudine,
678 1817 742 1845 aut
772 1808 955 1860 potestate
985 1808 1135 1860 populi,
1165 1818 1230 1845 aut
1256 1822 1405 1853 eorum,
1437 1808 1578 1860 quibus
1606 1807 1775 1860 populus

377 1873 601 1926 potestatem
622 1874 741 1918 dedit,
773 1874 918 1926 aliquid
939 1874 1129 1927 derogare.
1177 1876 1267 1912 Hoc
1289 1875 1337 1912 fic
1359 1875 1522 1912 breviter
1542 1874 1774 1926 expositum,

377 1940 554 1992 pluribus
574 1939 697 1978 verbis
715 1940 767 1977 est
787 1950 823 1977 et
840 1940 1051 1978 rationibus
1065 1940 1390 1985 confirmandum,
1407 1950 1445 1977 et
1466 1941 1517 1978 ita
1529 1939 1613 1984 effe,
1629 1949 1671 1977 ut
1689 1939 1773 1977 des-

378 2004 567 2056 cripseris,
604 2004 896 2043 ostendendum.
931 2006 1062 2044 Postea
1092 2007 1137 2043 ad
1168 2006 1220 2051 id,
1252 2006 1356 2057 quod
1390 2005 1596 2049 definieris,
1626 2004 1774 2042 fastum

377 2071 472 2122 ejus,
504 2071 572 2123 qui
598 2071 848 2117 accusabitur,
880 2072 1085 2124 adjungere
1113 2073 1334 2124 oportebit3
1366 2081 1404 2109 et
1429 2085 1477 2109 ex
1497 2084 1555 2115 e0,
1586 2070 1691 2122 quod
1711 2070 1772 2108 os-

379 2137 543 2175 tenderis
569 2137 654 2182 effe,
685 2139 792 2176 verbi
820 2138 941 2183 causa,
973 2138 1215 2190 Majcstatem
1236 2138 1426 2182 minuere,
1457 2137 1606 2181 docere,
1640 2137 1773 2174 adver-

380 2195 517 2241 sarium
539 2203 773 2255 majestatem
809 2204 1012 2248 minuiffe3
1045 2214 1082 2241 et
1115 2203 1221 2242 hunc
1251 2204 1383 2242 locum
1418 2212 1545 2241 toturn
1570 2202 1774 2240 communi

380 2269 466 2306 loco
487 2269 728 2314 confirmare,
763 2284 828 2322 per
849 2284 966 2322 quem
988 2270 1100 2322 ipsius
1119 2269 1208 2308 faeti
1235 2270 1426 2315 atrocitas,
1457 2278 1522 2307 aut
1548 2269 1773 2321 indignitas,

381 2345 444 2373 aut
465 2337 627 2374 omnino
648 2336 775 2389 culpa,
798 2351 888 2374 cum
910 2338 1174 2390 indignatione
1195 2348 1390 2389 augeatur.

436 2403 523 2440 Post
543 2403 614 2440 erit
635 2403 863 2441 infirmanda
883 2404 1178 2442 adversariorum
1199 2404 1414 2457 descriptio.
1447 2404 1504 2441 Ea
1518 2412 1646 2441 autem
1664 2402 1774 2441 infir-

382 2469 566 2514 mabitur,
598 2470 623 2507 fi
644 2468 733 2507 falsa
753 2470 1086 2508 demonstrabitur.
1119 2471 1210 2509 Hoc
1225 2484 1271 2508 ex
1287 2470 1469 2523 opinione
1485 2469 1694 2508 hominum
1711 2469 1774 2507 su-

382 2544 524 2581 metur,
555 2550 661 2581 cum,
704 2537 1035 2588 quemadmodum
1062 2546 1100 2575 et
1134 2537 1274 2589 quibus
1308 2538 1346 2575 in
1381 2538 1493 2575 rebus
1525 2536 1703 2574 homines
1735 2537 1777 2585 in

381 2602 656 2642 consuetudine
687 2603 889 2650 scribendi,
922 2613 986 2642 aut
1006 2604 1284 2643 sermocinandi
1316 2617 1360 2642 eo
1386 2604 1503 2643 verbo
1534 2604 1592 2642 uti
1618 2603 1775 2648 soleant,
