2176 2912
495 221 571 274 368
850 218 981 257 DE
1095 218 1567 258 CLARIS

491 313 583 366 ipsa,
620 325 696 349 non
723 311 788 350 illa
821 311 980 363 quidem
1005 310 1283 362 elegantiffimo
1305 311 1504 356 sermone3
1538 312 1666 364 itaque
1696 310 1899 365 diligenter

491 378 677 431 loquendi
696 377 807 415 laude
827 377 947 415 caruit
966 392 975 415 :
1007 390 1131 428 neque
1162 386 1291 415 tamen
1311 378 1364 415 est
1383 378 1595 415 admodum
1617 378 1815 430 inquinate
1836 378 1896 416 lo-

491 453 629 488 cutus3
662 443 723 481 sed
743 442 823 488 illa,
852 457 936 495 quae
957 442 1109 495 proprie
1129 442 1210 480 laus
1231 444 1386 481 oratoris
1408 443 1460 480 est
1480 443 1520 480 in
1540 444 1690 481 verbis:
1724 457 1813 481 nam
1832 444 1896 496 ip-

491 511 577 549 sum
597 510 736 549 Latine
755 510 876 561 loqui,
897 509 949 546 est
966 508 1064 546 illud
1085 509 1260 560 quidem,
1282 519 1325 547 ut
1343 509 1456 562 paulo
1476 519 1562 547 ante
1582 509 1676 554 dixi,
1698 510 1737 547 in
1759 523 1905 562 magna¹

491 577 602 616 laude
620 576 871 630 ponendum;
904 575 965 613 sed
986 588 1063 613 non
1084 584 1163 612 tam
1182 574 1245 612 sua
1264 575 1410 627 sponte,
1441 589 1559 627 quam
1580 576 1684 627 quod
1704 576 1756 614 est
1775 590 1796 613 a
1812 576 1898 628 ple-

492 644 617 697 risque
651 643 894 695 negleffitum:
938 654 1015 678 non
1042 641 1148 678 enim
1175 650 1254 678 tam
1287 641 1512 694 praeclarum
1546 642 1599 679 est
1625 642 1718 679 scire
1745 643 1897 687 Latine,

492 725 611 763 quam
632 719 742 761 turpe
764 707 905 745 nescire
917 725 928 752 3
961 719 1088 758 neque
1108 715 1188 744 tam
1208 706 1248 744 id
1264 706 1364 745 mihi
1385 707 1542 745 oratoris
1563 708 1670 752 boni,
1701 721 1820 759 quam
1839 708 1898 745 ci-

490 778 547 815 vis
569 774 739 813 Romani
760 773 963 826 propr-ium
984 772 1145 811 videtur.
1194 772 1266 810 Sed
1286 782 1414 811 tamen
1436 773 1632 811 Antonius
1655 773 1695 810 in
1716 773 1839 811 verbis
1860 781 1898 811 et

491 842 694 895 eligendis,
728 842 871 893 (neque
901 840 942 878 id
972 839 1100 892 ipsum
1130 848 1211 877 tam
1238 839 1378 893 leporis
1413 839 1534 884 causa,
1561 853 1680 892 quam
1700 839 1896 892 ponderis)

492 918 531 947 et
563 906 813 951 collocandis,
844 914 882 943 et
915 903 1256 958 comprehenfione
1294 905 1569 950 devinciendis,
1612 904 1712 943 nihil
1743 919 1820 943 non
1853 904 1900 943 ad

492 976 695 1019 rationem,
718 983 755 1011 et
776 982 960 1025 tanquam
980 972 1027 1009 ad
1056 980 1177 1010 artem
1209 972 1423 1025 dirigebat3
1450 986 1582 1010 verum
1615 972 1741 1010 multo
1774 971 1898 1024 magis

492 1041 568 1080 hoc
589 1042 693 1079 idem
713 1041 754 1078 in
775 1039 1047 1077 sententiarum
1067 1040 1302 1077 ornamentis
1323 1048 1361 1077 et
1380 1038 1767 1077 conformationibus.
1806 1040 1898 1090 Qo

492 1122 629 1162 genere
650 1108 740 1160 quia
769 1106 916 1159 praestat
936 1106 1119 1144 omnibus
1141 1104 1437 1150 Demosthenes,
1468 1105 1612 1142 idcirco
1630 1118 1651 1142 a
1670 1105 1790 1142 doffis
1811 1118 1897 1142 ora-

493 1184 624 1213 torum
643 1173 696 1212 est
715 1173 893 1226 princeps
914 1172 1124 1224 judicatus.
1173 1169 1347 1220 Σχήματα
1365 1172 1471 1209 enim
1492 1185 1576 1224 quae
1595 1180 1733 1209 vocant
1754 1171 1898 1216 Graeci,

493 1254 535 1279 ea
555 1241 725 1279 maxime
746 1248 883 1277 ornant
902 1248 1091 1276 oratorem
1109 1256 1120 1282 ;
1151 1251 1270 1289 eaque
1290 1251 1367 1276 non
1388 1248 1468 1276 tam
1489 1238 1528 1276 in
1548 1237 1673 1276 verbis
1693 1237 1897 1290 pingendis

491 1307 637 1345 habent
657 1306 820 1359 pondus,
853 1318 971 1357 quam
991 1305 1030 1342 in
1048 1303 1315 1342 illuminandis
1336 1304 1545 1343 sententiis.

548 1373 784 1412 XXXVIII.
817 1372 888 1409 Sed
909 1385 1001 1409 cum
1021 1369 1102 1408 haec
1124 1383 1263 1423 magna
1279 1372 1319 1408 in
1340 1371 1527 1416 Antonio,
1549 1380 1636 1409 tum
1653 1370 1750 1408 aftio
1766 1370 1898 1423 fingu-

491 1440 580 1478 laris
599 1455 607 1478 :
642 1454 725 1492 quae
743 1439 768 1477 fi
789 1438 986 1490 partienda
998 1437 1050 1475 est
1068 1438 1106 1474 in
1126 1437 1276 1490 gestum
1289 1448 1404 1490 atque
1419 1451 1568 1482 vocem,
1590 1437 1714 1490 gestus
1727 1446 1803 1475 erat
1821 1450 1899 1474 non

493 1506 607 1544 verba
626 1505 861 1558 exprimens,
884 1503 944 1541 secl
960 1517 1053 1541 cum
1070 1502 1265 1541 sententiis
1286 1517 1515 1556 congruens.
1548 1504 1708 1548 Manus,
1729 1501 1898 1547 humeri,

492 1572 620 1614 latera,
642 1569 830 1621 supplosio
850 1568 972 1620 pedis,
987 1568 1115 1613 status,
1138 1567 1312 1612 inceffus,
1333 1569 1536 1620 omnisque
1556 1578 1686 1606 motus
1704 1582 1795 1605 curn
1812 1581 1898 1605 ver-

494 1637 568 1681 bis,
604 1633 872 1685 sententiisque
890 1632 1158 1676 consentiens3
1190 1646 1266 1670 vox
1285 1647 1525 1685 permanens,
1556 1646 1688 1670 verum
1717 1632 1900 1670 subrauca

497 1702 656 1741 natura:
689 1701 751 1739 sed
782 1699 856 1738 hoc
877 1699 1018 1737 vitium
1038 1697 1131 1736 huic
1150 1699 1217 1736 uni
1248 1699 1288 1736 in
1309 1700 1458 1737 bonum
1489 1700 1670 1737 vertebat.
1718 1699 1899 1737 Habebat

495 1770 601 1808 enim
615 1768 741 1807 flebile
757 1767 942 1820 quiddam
959 1767 997 1804 in
1014 1765 1368 1817 conquestionibus,
1383 1775 1596 1819 aptumque
1612 1779 1703 1803 cum
1719 1765 1765 1803 ad
1781 1765 1899 1803 fidem

495 1835 726 1879 faciendam,
750 1843 834 1871 tum
854 1833 899 1870 ad
920 1831 1221 1870 misericordiam
1242 1832 1565 1870 commovendam
1584 1847 1593 1870 ε
1627 1841 1669 1870 ut
1690 1845 1823 1869 verum
1838 1832 1899 1869 vi-

495 1902 646 1940 deretur
676 1901 716 1937 in
747 1898 822 1937 hoc
852 1899 964 1943 illud,
995 1898 1100 1950 quod
1121 1897 1426 1936 Demosthenem
1447 1897 1577 1936 ferunt
1595 1899 1642 1943 ei,
1674 1897 1741 1950 qui
1763 1897 1899 1949 quaefi-

494 1967 600 2006 vifl‘et
621 1966 715 2019 quid
735 1966 908 2020 primum
934 1964 1025 2003 effet
1045 1965 1085 2003 in
1104 1964 1280 2010 dicendo,
1308 1965 1496 2003 adtionem
1510 1982 1522 2008 ;
1558 1965 1653 2016 quid
1672 1963 1898 2008 secundum,

495 2033 600 2071 idem
616 2052 627 2078 ς
660 2043 697 2071 et
716 2032 822 2070 idem
841 2031 1015 2075 tertium,
1039 2030 1277 2082 respondisse.
1309 2030 1433 2068 Nulla
1452 2043 1508 2067 res
1525 2029 1645 2081 magis
1666 2037 1838 2080 penetrat
1858 2029 1898 2066 in

493 2099 659 2143 animos,
689 2099 828 2150 eosque
862 2097 988 2150 fingit,
1019 2096 1175 2141 format,
1207 2096 1325 2134 fleetit
1341 2114 1353 2141 3
1386 2095 1551 2148 talesque
1584 2103 1749 2133 oratores
1778 2094 1899 2133 videri

492 2164 603 2209 facit,
625 2165 754 2217 quales
775 2164 843 2217 ipsi
864 2163 899 2202 se
918 2162 1038 2201 videri
1056 2162 1203 2200 volunt.

549 2231 662 2273 Huic
697 2229 761 2267 alii
796 2242 927 2282 parem
965 2227 1035 2266 effe
1068 2228 1258 2273 dicebant,
1300 2227 1365 2266 alii
1394 2228 1674 2280 anteponebant
1705 2227 1752 2265 L.
1787 2227 1899 2266 Cras-

495 2297 596 2335 sum.
648 2295 751 2335 Illud
772 2294 931 2348 quidem
959 2303 1061 2332 certe
1079 2306 1214 2332 omnes
1235 2294 1287 2332 ita
1315 2294 1556 2346 judicabant,
1588 2293 1785 2332 neminem
1814 2293 1898 2338 este,

497 2363 582 2415 qui,
612 2361 754 2399 horum
785 2361 968 2398 alterutro
994 2369 1167 2412 patrono,
1197 2359 1423 2413 cujusquam
1457 2359 1656 2413 ingenium
1676 2359 1897 2412 requireret.

499 2427 710 2480 Equidem,
751 2439 972 2480 quanquam
1007 2426 1181 2465 Antonio
1211 2434 1362 2465 tantum
1397 2426 1540 2471 tribuo,
1571 2434 1760 2479 quantum
1790 2425 1900 2478 supra

498 2495 594 2539 dixi,
612 2503 740 2532 tamen
760 2492 886 2532 Craffo
902 2491 1000 2531 nihil
1017 2493 1140 2531 statuo
1159 2491 1239 2532 fieri
1255 2491 1414 2546 potuisse
1430 2491 1648 2546 perfeffius.
1682 2492 1774 2531 Erat
1789 2490 1896 2529 sum-

498 2574 563 2601 ma
581 2560 758 2614 gravitas,
778 2568 856 2599 erat
870 2572 962 2598 cum
982 2558 1165 2614 gravitate
1178 2558 1336 2612 jundtus
1355 2557 1595 2604 facetiarum,
1616 2566 1655 2604 et
1673 2555 1898 2597 urbanitatis
