2176 2912
445 202 526 254 246
803 198 919 240 DE
995 197 1504 239 ORATORE

445 296 491 351 cst
510 296 547 335 in
571 303 608 334 te
622 307 636 333 .·
665 301 714 339 et,
746 291 920 348 quidquid
934 291 978 348 est
1004 294 1103 333 vocis
1131 307 1174 333 ac
1201 293 1349 347 linguae,
1380 307 1476 333 omne
1507 293 1544 333 in
1570 292 1671 347 istum
1688 294 1850 348 turpgfffl-

446 373 541 403 mum
560 360 745 401 calumnia>
765 359 929 414 quaestum
948 359 1135 413 contulisti.
1187 357 1244 399 ‘Tu
1262 360 1370 400 lucem
1389 360 1541 414 aspicere
1558 361 1664 400 audes
1680 362 1700 401 ἓ
1730 371 1772 401 tu
1790 362 1852 402 hos

445 428 615 468 intueri?
643 437 687 467 tu
705 427 742 466 in
753 427 858 480 foro,
879 435 920 466 tu
941 427 977 466 in
997 426 1096 471 urbe,
1115 436 1157 465 tu
1175 426 1212 465 in
1231 427 1364 466 civium
1383 426 1442 481 effe
1461 429 1640 482 conspeeiu
1654 428 1674 467 ἓ
1694 439 1737 468 tu
1756 428 1852 468 illam

444 505 637 540 mortuam,
668 504 712 533 tu
731 494 900 546 imagines
919 495 1023 546 ipsos,
1042 507 1110 532 non
1123 493 1364 547 perhorrescis
1377 494 1397 532 ἓ
1427 494 1553 548 quibus
1571 509 1638 533 non
1659 495 1752 535 modo
1768 495 1851 534 im·-

446 561 580 606 tandis‚
597 561 669 614 fid
683 575 725 599 ne
741 560 946 600 collocandis
959 560 1107 614 quidem,
1130 560 1200 599 tibi
1216 561 1324 599 ullum
1344 562 1454 599 locum
1474 561 1655 615 reliquisti.

509 628 620 666 LVI.
653 627 726 665 Sed
745 625 828 664 haec
848 626 1003 678 tragica,
1024 635 1140 677 atque
1160 626 1289 663 divina
1306 640 1315 664 ι
1349 625 1473 663 faceta
1491 636 1621 665 autem
1641 636 1679 665 et
1709 628 1851 667 urbana

446 692 744 731 innumerabilia
773 702 820 731 ex
852 704 928 729 una
957 691 1142 729 concione
1175 691 1420 729 meministis,
1471 692 1558 729 Nec
1589 692 1695 730 enim
1714 694 1852 732 concio

446 761 569 812 major
598 771 773 811 unquam
807 757 898 802 fuit,
928 771 999 796 nec
1029 757 1132 810 apud
1162 757 1355 811 populum
1385 758 1533 811 gravior
1563 759 1696 804 oratio,
1733 772 1853 811 quam

444 824 511 878 huj
519 838 561 864 us
582 834 716 864 contra
734 825 927 878 collegam
945 824 987 863 in
1009 824 1179 863 Censura
1197 838 1333 877 nuper,
1355 838 1478 878 neque
1497 825 1626 878 lepore
1647 833 1686 863 et
1704 825 1852 865 festivi-

445 899 522 930 tate
541 892 747 931 conditior.
793 893 925 944 Qare
945 891 1030 936 tibi,
1054 890 1217 935 Antoni,
1248 899 1459 944 utrumque
1477 891 1665 938 affentior,
1685 901 1725 931 et
1743 891 1852 931 mul-

445 967 534 997 tum
552 957 706 997 facetias
737 958 778 997 in
812 957 977 996 dicendo
1006 957 1174 1010 prodeffe
1207 957 1315 1010 saepe,
1347 967 1384 995 et
1409 971 1469 996 eas
1500 967 1578 996 arte
1597 958 1707 996 nullo
1731 957 1854 997 modo

445 1024 549 1077 poffe
565 1025 689 1063 tradi:
722 1033 760 1063 et
790 1024 888 1062 illud
908 1024 1067 1077 quidem
1088 1023 1268 1068 admiror,
1300 1024 1469 1062 te1110bis
1490 1024 1530 1062 in
1550 1037 1595 1062 eo
1619 1037 1758 1076 genere
1777 1023 1850 1062 tti-

447 1090 565 1129 buiffe
585 1099 754 1136 tanturn,
785 1100 824 1130 et
843 1104 921 1130 non
941 1089 1057 1143 hujus
1086 1091 1137 1128 rei
1157 1104 1312 1144 quoque
1331 1090 1518 1144 palmam,
1550 1098 1594 1128 ut
1613 1099 1851 1135 caeterarum,

447 1157 577 1197 Craffo
592 1158 779 1197 detuliffe.

500 1224 611 1262 Tum
643 1224 854 1269 Antonius,
885 1237 955 1277 ego
979 1236 1074 1261 vero
1105 1224 1158 1261 ita
1172 1222 1362 1268 feciffem,
1392 1222 1536 1276 inquit,
1562 1222 1853 1262 nistinterdum

445 1287 486 1326 in
507 1287 583 1328 hoc
604 1288 732 1328 Crasso
752 1289 914 1342 paulum
934 1289 1159 1327 inviderem.
1192 1288 1301 1327 Nam
1320 1287 1390 1327 effe
1400 1289 1584 1341 *quamvis
1604 1287 1777 1327 facetum
1791 1297 1853 1327 at-

445 1367 522 1407 que
537 1356 694 1401 salsum,
725 1369 804 1394 non
835 1356 953 1394 nimis
979 1355 1032 1394 est
1058 1355 1309 1409 perseipsum
1337 1355 1595 1393 :invidendum
1608 1374 1621 1401 5
1645 1354 1729 1400 sed,
1750 1368 1853 1394 ‘cum

446 1423 642 1461 omnium
640 1422 693 1461 fis
713 1419 994 1462 venustiffimus
1015 1431 1053 1460 et
1073 1422 1358 1468 urbaniffimus,
1377 1423 1561 1462 omnium
1589 1420 1854 1475 graviffimum

435 1497 484 1526 'et
502 1487 778 1527 severiffimum
796 1499 847 1527 et
855 1490 939 1535 effe,
967 1498 1009 1528 et
1028 1490 1162 1534 videri,
1193 1489 1299 1542 quod
1317 1488 1378 1527 isti
1397 1489 1564 1543 contigit
1579 1489 1666 1534 uni,
1685 1487 1734 1527 jd
1748 1487 1854 1528 mihi

436 1554 512 1592 'vix
531 1553 735 1594 ferendum
754 1555 967 1593 videbatur.

503 1621 586 1659 Hic
619 1635 712 1660 cum
742 1621 910 1660 arrififfet
941 1621 1020 1674 ipse
1053 1620 1217 1666 Crassus,
1242 1629 1437 1666 -attamen,
1475 1622 1610 1674 inquit
1640 1620 1851 1667 Antonius,

437 1698 541 1725 cum
575 1696 697 1725 artem
719 1686 801 1725 ‘effe
834 1686 1073 1731 facetiarum,
1104 1687 1202 1737 Juli,
1232 1700 1402 1740 negares,
1444 1687 1621 1740 aperuisti
1649 1686 1851 1740 quiddam,

446 1753 552 1806 quod
585 1754 889 1807 praecipiendum
922 1753 1125 1792 videretur.
1184 1753 1333 1792 Haberi
1367 1754 1474 1792 enim
1500 1754 1628 1792 dixisti
1663 1754 1854 1793 rationem

446 1828 621 1872 oportere
640 1818 866 1866 hominum,
889 1820 956 1865 rei,
973 1820 1179 1873 temporis,
1200 1833 1249 1858 ne
1268 1820 1363 1873 quid
1378 1821 1496 1873 jocus
1515 1820 1563 1858 de
1580 1820 1764 1873 gravitate
1783 1819 1852 1857 de-

436 1895 619 1938 ·oerperet
634 1905 646 1932 5
678 1887 785 1940 quod
805 1887 963 1940 quidem
983 1887 1024 1925 in
1052 1887 1188 1940 primis
1218 1901 1239 1925 a
1259 1886 1395 1926 *Crasso
1414 1886 1602 1925 observari
1628 1886 1734 1925 solet.
1778 1885 1854 1933 ‘Sed

438 1948 522 1990 1hoc
541 1962 779 2006 praeceptum
800 1964 802 1966 ’
809 1953 1185 2007 praetermittendum
1216 1953 1269 1992 est
1288 1952 1527 1998 facetiarum,
1553 1967 1650 1991 >cum
1670 1951 1730 1990 his
1744 1950 1853 1990 nihil

448 2031 543 2071 opus
566 2020 632 2059 fit:
666 2033 733 2059 nos
755 2030 883 2059 autem
903 2021 1104 2074 quomodo
1125 2030 1292 2066 utamur,
1310 2033 1402 2058 cum
1423 2033 1518 2072 opus
1538 2020 1596 2064 s1t,
1614 2019 1849 2071 quaerimus;

438 2095 491 2123 *ut
512 2086 551 2123 in
571 2087 840 2133 adversarium,
862 2098 900 2126 et
921 2089 1104 2133 maxime,
1123 2088 1209 2140 -fiej
1218 2101 1258 2125 us
1279 2087 1439 2125 stultitia
1458 2086 1599 2140 poterit
1618 2085 1750 2139 agitari
1768 2104 1779 2130 3
1811 2085 1849 2123 in

439 2152 582 2191 testem
603 2154 779 2200 stultum,
811 2155 1014 2208 cupidum,
1045 2154 1183 2200 levem,
1211 2155 1237 2192 fi
1268 2153 1380 2192 facile
1400 2152 1576 2193 homines
1598 2152 1765 2192 audituri
1791 2152 1848 2191 vi-

448 2218 655 2257 debuntur.

505 2286 683 2323 Omnino
714 2287 971 2339 probabiliora
1005 2287 1105 2332 sunt,
1137 2298 1221 2338 qua:
1241 2286 1396 2325 laceffiti
1416 2287 1597 2331 dicimus,
1629 2299 1747 2338 quam
1767 2298 1843 2338 qua·

448 2353 614 2403 priores:
647 2366 736 2391 nam
756 2363 793 2391 et
814 2354 959 2406 ingenii
986 2354 1157 2392 celeritas
1189 2355 1308 2405 major
1337 2353 1402 2399 est,
1435 2367 1519 2406 quae
1540 2362 1692 2406 apparet
1712 2352 1751 2389 in
1773 2351 1844 2389 res-

448 2419 666 2470 pondendo,
697 2429 734 2457 et
753 2419 1005 2459 humanitatis
1025 2420 1077 2458 est
1098 2419 1297 2473 responsio.
1344 2420 1535 2458 Videmus
1553 2419 1661 2457 enim
1681 2417 1842 2471 quieturi

448 2484 572 2530 fuiss'c,
604 2486 671 2523 nisi
704 2486 865 2524 essemus
894 2487 1075 2531 laceffiti,
1108 2496 1150 2525 ut
1185 2488 1223 2525 in
1246 2487 1311 2525 ista
1330 2487 1408 2540 ipsa
1438 2488 1624 2525 concione
1645 2484 1742 2523 nihil
1772 2483 1844 2522 fere

447 2551 596 2591 dictum
618 2553 669 2592 est
689 2552 736 2592 ab
757 2552 846 2599 hoc,
869 2554 973 2607 quod
994 2554 1154 2607 quidem
1174 2554 1334 2593 facetius
1354 2555 1504 2593 dietum
1524 2553 1728 2597 videretur,
1746 2549 1850 2605 quod
