2176 2912
388 265 444 317 78
632 260 1557 303 DEINVVENTIONE

394 357 462 401 tio,
493 366 558 394 aut
577 355 772 399 recusatio,
795 353 981 393 conficere
1001 353 1126 392 debet.
1188 354 1233 391 In
1248 353 1420 405 judiciis,
1443 354 1537 406 quid
1557 368 1711 406 aequum
1732 356 1788 400 sit,

394 422 600 474 quaeritur:
622 422 662 459 in
683 420 1081 464 demonstrationibus,
1113 420 1208 471 quid
1227 418 1428 458 honestum
1447 435 1456 457 :
1489 421 1528 458 in
1545 420 1787 459 deliberatio-

393 488 522 532 nibus,
546 497 589 525 ut
608 501 676 525 nos
697 488 936 529 arbitramur,
968 486 1062 537 quid
1078 484 1281 523 honestum
1302 486 1344 523 fit
1364 496 1401 523 et
1421 486 1514 538 quid
1534 486 1641 524 utile.
1685 487 1791 525 Nam

394 554 520 591 caeteri
540 553 715 591 utilitatis
738 552 853 590 modo
874 551 992 589 finem
1007 551 1047 589 in
1066 550 1252 589 suadendo
1271 561 1308 589 et
1327 551 1367 589 in
1383 551 1624 591 dissuadendo
1652 552 1791 605 exponi
1838 595 1842 597 ,

394 628 566 671 oportere
586 619 755 656 arbitrati
774 618 874 656 sunt.

450 686 630 737 Qorum
658 685 775 736 igitur
801 696 985 735 generum
1015 683 1106 721 fines
1137 693 1174 720 et
1210 683 1332 720 exitus
1364 684 1495 721 diverfi
1528 684 1626 728 sunt,
1657 696 1792 722 eorum

394 764 580 807 praecepta
614 754 747 791 eadem
781 753 850 791 effe
884 767 961 790 non
990 752 1153 805 possunt.
1196 753 1337 803 Neque
1368 766 1471 790 nunc
1505 752 1579 791 hoc
1609 753 1790 797 dicimus,

394 834 472 858 non
492 819 638 857 easdem
666 819 830 856 incidere
850 818 1164 856 constitutiones:
1196 827 1445 855 veruntamen
1472 819 1590 856 oratio
1616 819 1792 870 quaedam

395 899 442 923 ex
461 886 539 938 ipso
561 885 636 922 fine
654 893 691 922 et
711 897 846 936 genere
866 884 982 922 causae
1003 883 1179 927 nascitur,
1201 897 1285 935 quae
1302 884 1487 935 pertineat
1507 883 1552 921 ad
1571 884 1656 921 vitae
1670 883 1791 921 alicu-

390 951 455 1002 jus
476 949 852 993 demonstrationem,
873 958 938 987 aut
958 949 1003 986 ad
1030 948 1222 986 sententiae
1241 949 1463 986 diffionem.
1525 950 1653 999 Qare
1673 961 1789 990 nunc,

396 1016 437 1053 in
458 1015 691 1068 exponendis
713 1015 987 1059 controverfiis,
1021 1016 1059 1052 in
1076 1014 1249 1066 judiciali
1269 1027 1404 1066 genere
1420 1013 1614 1052 causarum
1633 1024 1670 1052 et
1694 1027 1792 1066 prae-

395 1092 597 1134 ceptorum
617 1081 859 1118 versabimur.
907 1081 968 1118 Ex
989 1094 1066 1132 quo
1083 1081 1261 1132 pleraque
1281 1081 1321 1118 in
1342 1089 1472 1118 caetera
1491 1093 1645 1131 quoque
1665 1079 1791 1117 causa-

396 1160 484 1184 rum
514 1159 651 1198 genera
669 1145 784 1183 simili
813 1146 1009 1197 implicata
1028 1145 1276 1183 controversia
1309 1145 1414 1182 nulla
1444 1158 1536 1182 cum
1567 1144 1792 1182 difficultate

395 1211 667 1250 transferentur
684 1225 692 1248 :
725 1211 806 1263 post
825 1220 953 1248 autem
969 1211 1166 1263 separatim
1188 1210 1234 1248 de
1254 1210 1408 1261 reliquis
1430 1210 1615 1247 dicemus.

451 1279 572 1316 Nunc
592 1291 612 1315 a
629 1277 873 1329 coniceturali
892 1277 1162 1315 constitutione
1189 1275 1488 1327 proficiscemur,
1521 1276 1630 1326 cujus
1660 1287 1793 1312 exem-

396 1344 509 1396 plum
524 1344 568 1381 s1t
584 1342 658 1381 hoc
671 1343 898 1395 expolitum.
924 1344 968 1380 In
982 1343 1115 1380 itinere
1130 1341 1289 1393 quidam
1306 1340 1610 1393 proficiscentem
1627 1340 1673 1378 ad
1690 1354 1792 1379 mer-

396 1420 526 1448 catum
547 1410 752 1461 quendam,
773 1419 811 1447 et
831 1409 959 1446 secum
979 1409 1221 1460 aliquantum
1241 1421 1495 1445 nummorum
1518 1405 1719 1451 ferentem,
1741 1406 1794 1445 est

396 1476 617 1513 comitatus.
662 1476 766 1513 Cum
787 1473 876 1519 hoc,
908 1483 951 1512 ut
971 1473 1048 1511 fere
1079 1474 1136 1518 fit,
1169 1474 1208 1510 in
1226 1474 1285 1510 via
1305 1473 1517 1510 sermonem
1536 1471 1715 1515 contulit,
1747 1485 1793 1510 ex

397 1554 476 1592 quo
504 1540 649 1578 factum
669 1540 733 1583 est,
765 1549 808 1576 ut
840 1539 937 1576 illud
966 1540 1037 1576 iter
1056 1536 1280 1576 familiaribs
1302 1537 1422 1575 facere
1452 1537 1605 1575 vellent.
1665 1538 1793 1588 Qiare

395 1620 489 1645 cum
519 1606 558 1643 in
580 1605 771 1657 quandam
790 1605 981 1642 tabernam
998 1604 1244 1648 divertissent,
1275 1603 1388 1641 simul
1409 1617 1556 1641 coenare
1590 1611 1628 1640 et
1662 1603 1702 1640 in
1723 1616 1789 1641 eo-

397 1672 488 1712 dem
509 1672 594 1708 loco
615 1671 796 1710 somnum
816 1683 949 1722 capere
969 1670 1187 1708 voluerunt.
1248 1669 1402 1707 Coenati
1422 1668 1696 1706 discubuerunt
1715 1669 1792 1707 ibi-

397 1738 501 1775 dem.
546 1739 681 1789 Caupo
701 1746 829 1774 autem
854 1737 961 1787 (nam
982 1737 1034 1773 ita
1053 1736 1195 1773 dicitur
1210 1735 1292 1788 post
1312 1736 1529 1779 inventum,
1548 1749 1640 1772 cum
1657 1735 1696 1772 in
1717 1735 1793 1772 alio

399 1803 591 1841 maleficio
623 1802 876 1855 deprehensus
897 1802 1002 1854 esset)
1035 1815 1127 1839 cum
1161 1801 1275 1839 illum
1307 1801 1485 1845 alterum,
1517 1801 1696 1839 videlicet
1726 1801 1794 1852 qui

398 1883 582 1908 nummos
603 1867 772 1913 haberet,
804 1868 1137 1912 animadvertifl‘et‚
1160 1869 1291 1911 nostu,
1319 1867 1520 1919 postquam
1542 1867 1628 1904 illos
1654 1867 1792 1904 arffius

393 1936 491 1986 jam,
530 1943 571 1983 ut
603 1933 660 1977 fit,
696 1947 741 1970 ex
768 1933 981 1972 lassitudine
1009 1933 1176 1970 dormire
1202 1932 1325 1977 sensu,
1357 1931 1528 1976 acceffit3
1576 1941 1613 1969 et
1639 1932 1793 1970 alterius

398 2013 546 2044 eorum,
579 2000 645 2050 qui
678 2000 752 2037 fine
774 1999 945 2037 nummis
966 2008 1057 2043 erat,
1089 1999 1262 2051 gladium
1290 2011 1407 2050 prope
1427 1998 1642 2049 appositum
1673 2011 1693 2035 e
1727 2010 1792 2034 va·

401 2065 491 2117 gina
509 2065 655 2108 eduxit,
678 2075 715 2101 et
732 2065 844 2102 illum
866 2065 1030 2101 alterum
1050 2064 1206 2107 occidit,
1226 2076 1408 2100 nummos
1430 2062 1598 2104 abstulit,
1620 2061 1794 2112 gladium

399 2139 604 2167 cruentum
629 2131 667 2167 in
687 2131 862 2182 vaginam
883 2129 1110 2172 recondidit,
1131 2128 1207 2180 ipse
1228 2128 1299 2165 sese
1322 2128 1361 2165 in
1382 2127 1526 2164 lestum
1547 2126 1658 2164 suum
1686 2140 1789 2163 rece-

400 2197 470 2248 pit.
504 2196 573 2233 Ille
589 2206 732 2238 autem,
754 2197 862 2246 cujus
883 2195 1011 2246 gladio
1026 2194 1164 2231 occisio
1184 2202 1260 2230 erat
1280 2192 1389 2236 faeta,
1411 2192 1537 2230 multo
1558 2202 1642 2229 ante
1664 2192 1792 2229 lucem

399 2261 571 2304 surrexit,
594 2262 780 2298 comitem
801 2260 915 2297 illum
936 2260 1048 2297 suum
1066 2260 1285 2297 inclamavit
1305 2258 1419 2295 semel
1439 2267 1475 2295 et
1496 2257 1642 2310 saepius.
1674 2257 1794 2295 Illum

399 2327 534 2364 somno
564 2326 798 2378 impeditum
820 2338 895 2362 non
918 2324 1138 2376 respondere
1159 2323 1412 2361 existimavit:
1446 2322 1523 2375 ipse
1552 2322 1726 2374 gladium
1756 2332 1793 2360 et

399 2401 544 2435 caetera,
567 2405 651 2442 quae
672 2391 799 2428 secum
820 2390 1010 2434 attulerat,
1026 2389 1200 2433 sustulit;
1233 2389 1331 2427 solus
1349 2387 1540 2441 profectus
1561 2387 1625 2425 est.
1659 2389 1793 2440 Caupo

401 2470 479 2494 non
515 2456 640 2493 multo
675 2455 757 2508 post
788 2455 1042 2492 conclamavit
1072 2453 1274 2492 hominem
1306 2453 1376 2491 effe
1402 2453 1587 2497 occisum,
1629 2462 1667 2490 et
1700 2466 1792 2491 cum

398 2521 626 2575 quibusdam
647 2521 895 2560 diversoribus
912 2520 1040 2565 illum,
1072 2520 1138 2572 qui
1159 2529 1243 2558 ante
1263 2520 1414 2564 exierat,
1446 2519 1701 2571 consequitur.
1748 2519 1793 2557 In
