2176 2912
692 199 1358 246 ORATORUM.
1651 228 1729 270 545

329 305 510 332 DONARI
562 306 794 335 VIRTUTIS
847 309 986 343 ERGO,
1039 311 1531 358 BENEVOLENTIAEQJE,
1585 325 1721 361 QUAM

328 371 457 398 ERGA
492 372 712 400 POPULUM
744 364 1101 404 ATHENIENSEM
1135 381 1377 411 HABERET.

379 426 505 464 Hunc
535 427 660 479 igitur
688 428 990 482 Ctesiphontem
1019 431 1282 485 injudicium
1301 437 1466 478 adduxit
1496 440 1719 491 AEschines,

323 491 431 544 quod
453 502 589 531 contra
610 493 715 547 leges
736 495 954 549 scripfiffet,
983 506 1028 536 ut
1049 508 1089 537 et
1108 500 1327 541 rationibus
1350 517 1429 543 non
1451 506 1581 546 relatis
1604 523 1718 548 coro-

322 570 372 594 na
391 557 615 605 donaretur,
647 570 686 599 et
708 570 752 599 ut
773 563 813 600 in
837 562 1004 609 theatro,
1035 574 1075 603 et
1095 567 1203 618 quod
1224 567 1272 606 de
1291 569 1436 608 virtute
1457 572 1556 624 ejus,
1588 584 1627 612 et
1648 575 1718 613 be-

322 615 559 670 nevolentia,
600 625 694 664 falsa
728 628 958 681 scripfiffet;
1003 633 1193 684 quoniam
1229 635 1517 676 Demosthenes
1554 652 1626 678 nec
1661 642 1719 678 vir

321 688 448 729 bonus
471 691 576 737 effet,
609 706 680 731 nec
701 694 800 732 bene
820 696 985 734 meritus
1008 697 1055 736 de
1076 698 1248 738 civitate.
1291 701 1415 741 Causa
1435 704 1515 756 ipsa
1535 704 1720 746 abhorret

320 755 389 792 illa
421 758 584 809 quidem
611 772 631 796 a
660 758 833 799 formula
861 762 1158 802 consuetudinis
1190 766 1354 806 nostrae:
1388 768 1450 806 sed
1483 770 1537 808 est
1557 785 1714 826 magna.

319 820 456 860 Habet
477 824 585 862 enim
606 835 644 863 et
665 826 800 879 legum
821 828 1186 881 interpretationem
1215 832 1302 872 satis
1324 844 1479 873 acutam
1499 837 1541 874 in
1563 848 1715 877 utram-

319 900 397 938 que
419 898 583 940 partem‚
615 900 654 929 et
674 893 909 931 meritorum
931 896 973 932 in
995 897 1284 949 rempublicam
1306 903 1606 943 contentionem
1628 906 1716 944 sane

316 965 490 1004 gravem.
523 957 662 1009 Itaque
683 959 794 996 causa
814 959 892 998 fuit
909 960 1105 1008 AEschini,
1125 965 1314 1016 quoniam
1336 966 1416 1019 ipse
1436 982 1456 1005 a
1473 969 1712 1010 Demosthe-

315 1031 365 1056 ne
397 1020 488 1059 effet
520 1024 660 1075 capitis
696 1025 912 1072 accusatus,
944 1028 1053 1080 quod
1083 1029 1323 1082 legationem
1355 1035 1569 1074 ementitus
1605 1037 1710 1084 esset,

315 1095 360 1122 ut
394 1087 611 1127 ulciscendi
645 1092 803 1130 inimici
835 1094 960 1139 causa,
998 1096 1160 1134 nomine
1195 1098 1481 1151 Ctefiphontis,
1507 1103 1711 1155 judicium

314 1150 424 1191 fieret
446 1153 493 1192 de
513 1154 641 1201 factis,
672 1156 857 1211 famaque
886 1160 1183 1202 Demosthenis.
1235 1164 1332 1203 Non
1354 1167 1462 1206 enim
1484 1177 1563 1207 tam
1584 1172 1711 1210 multa

314 1218 417 1257 dixit
437 1220 484 1258 de
505 1222 723 1262 rationibus
745 1239 824 1263 non
846 1226 992 1273 relatis,
1016 1242 1135 1281 quam
1157 1229 1205 1268 de
1225 1244 1285 1276 eo,
1307 1233 1415 1285 quod
1435 1234 1532 1274 civis
1554 1236 1707 1291 impro-

314 1285 403 1330 bus,
435 1297 479 1325 ut
499 1289 691 1341 optimus,
724 1291 902 1332 laudatus
934 1294 1036 1335 effet.
1097 1296 1216 1336 Hanc
1248 1299 1419 1339 multam
1447 1301 1654 1343 AEschines
1687 1319 1708 1343 a

312 1353 568 1406 Ctesiphonte
588 1358 705 1409 petiit
725 1359 984 1411 quadriennio
1004 1371 1093 1400 ante
1120 1363 1303 1418 Philippi
1331 1366 1566 1408 Macedonis
1596 1384 1706 1410 mor-

310 1427 422 1458 tem:
456 1421 519 1459 sed
546 1423 749 1474 judicium
769 1425 917 1465 factum
947 1428 1000 1465 est
1029 1428 1182 1481 aliquot
1209 1432 1319 1470 annis
1346 1433 1446 1486 post,
1478 1436 1706 1476 Alexandro

302 1485 387 1536 jam
423 1488 556 1525 Afiam
587 1498 771 1529 tenente:
804 1493 851 1530 ad
886 1493 992 1546 quod
1018 1495 1220 1546 judicium
1254 1500 1466 1539 concursus
1502 1502 1650 1542 dicitur
1684 1519 1705 1542 e

307 1560 391 1588 tota
422 1552 576 1592 Graecia
605 1555 729 1594 faetus
759 1557 845 1596 effe.
899 1559 1009 1610 Qid
1037 1561 1145 1599 enim
1178 1572 1244 1600 aut
1278 1572 1357 1602 tam
1386 1566 1605 1613 visendum,
1637 1580 1705 1608 aut

304 1617 547 1658 audiendum
586 1620 679 1667 fuit,
726 1637 845 1676 quam
885 1625 1134 1665 summorum
1169 1637 1369 1668 oratorum
1404 1632 1445 1670 in
1484 1636 1704 1686 graviffima

304 1684 430 1729 causa,
463 1696 656 1732 accurata,
687 1698 727 1726 et
749 1690 975 1730 inimicitiis
997 1693 1153 1732 incensa
1173 1698 1377 1735 contentio
1396 1699 1409 1735 ?

361 1750 547 1802 Qorurn
568 1766 642 1805 ego
661 1755 856 1794 orationes
879 1757 920 1802 fi,
945 1767 989 1796 ut
1008 1758 1133 1812 spero,
1155 1761 1209 1799 ita
1230 1763 1459 1815 expreffem,
1484 1766 1699 1808 virtutibus

303 1823 418 1853 utens
440 1816 603 1855 illorum
625 1821 829 1867 omnibus,
862 1823 903 1860 id
923 1823 990 1869 est,
1023 1825 1240 1873 sententiis,
1270 1838 1309 1867 et
1329 1843 1462 1869 earum
1485 1831 1637 1884 figuris,
1660 1845 1699 1874 et

303 1895 434 1920 rerum
454 1883 605 1931 ordine,
638 1887 754 1926 verba
775 1889 1006 1942 persequens
1029 1902 1202 1939 eatenus,
1234 1904 1277 1932 ut
1298 1909 1341 1933 ea
1361 1911 1440 1935 non
1463 1898 1699 1941 abhorreant

301 1961 322 1985 a
341 1962 451 1987 more
484 1950 628 1997 nostro,
664 1953 769 2006 (quae
800 1955 826 1993 fi
858 1970 878 1993 e
903 1957 1053 1996 Graecis
1075 1960 1208 1997 omnia
1241 1963 1423 2000 conversa
1454 1978 1532 2003 non
1565 1977 1695 2014 erunt,

300 2023 432 2053 tamen
463 2025 506 2054 ut
526 2018 679 2068 generis
709 2020 883 2072 ejusdem
905 2022 993 2068 fint,
1025 2024 1333 2079 elaboravimus)
1367 2030 1441 2067 erit
1471 2032 1617 2084 regula,
1650 2034 1697 2072 ad

300 2094 420 2133 quam
449 2095 587 2121 eorum
624 2085 844 2139 dirigantur
878 2091 1085 2136 orationes,
1118 2092 1187 2144 qui
1214 2094 1350 2132 Attice
1381 2096 1519 2135 volunt
1551 2098 1693 2138 dicere.

300 2147 373 2184 Sed
393 2147 440 2186 de
462 2150 576 2188 nobis
600 2151 704 2191 satis.
763 2155 993 2208 Aliquando
1020 2158 1126 2196 enim
1149 2158 1380 2199 AEschinem
1401 2162 1530 2215 ipsum
1554 2165 1694 2205 Latine

297 2213 497 2254 dicentem
519 2217 738 2259 audiamus.

376 2479 501 2520 ΤοΜ.
535 2482 568 2520 1.
1040 2470 1044 2473 ’
1250 2492 1283 2530 Ζ
1316 2506 1338 2530 2
1369 2507 1391 2531 Z
