2176 2912
632 179 954 219 LIBER
1031 180 1446 222 PRIMUS.
1676 201 1746 239 ³71

399 273 531 312 XLII.
565 272 712 312 Omnia
731 271 823 317 fere,
853 285 939 324 quae
960 271 1047 310 sunt
1067 273 1245 311 conclusa
1266 288 1369 313 nunc
1400 276 1560 321 artibus,
1591 278 1751 331 dispersa

343 349 383 378 et
403 340 574 392 diffipata
593 338 792 391 quondam
812 338 971 377 fuerunt
989 354 998 377 t
1032 348 1075 377 ut
1097 341 1135 378 in
1158 341 1335 385 Muficis‚
1368 344 1535 387 numeri,
1567 354 1604 381 et
1625 358 1748 389 voceS,

344 415 382 444 et
400 406 537 444 modi:
568 406 610 444 in
631 405 870 450 Geometria,
902 405 1148 451 lineamenta,
1181 405 1330 452 formae‚
1364 408 1574 453 intervalla,
1597 412 1749 463 magni-

342 472 521 511 tudines:
553 472 594 510 in
613 471 843 524 Astrologia,
875 471 959 510 caeli
989 473 1198 517 converfio,
1230 483 1350 518 ortus,
1373 474 1517 518 obitus,
1547 477 1751 528 motusque

339 537 507 578 siderum
525 553 534 577 :
567 539 608 577 in
643 538 936 583 Grammaticis,
977 548 1178 591 poetarum
1214 541 1470 593 pertractatio,
1505 539 1750 580 historiarum

341 606 528 657 cognitiO,
547 605 753 645 verborum
775 605 1050 658 interpretatio,
1065 607 1340 659 pronuntiandi
1361 608 1520 659 quidam
1542 607 1653 646 sonus
1670 623 1677 646 ε
1711 609 1751 646 in

340 669 414 709 hac
433 671 599 724 denique
620 671 698 724 ipsa
726 671 871 710 ratione
901 671 1069 716 dicendi,
1099 673 1329 725 excogitare,
1360 687 1505 717 ornare,
1537 673 1749 726 disponere,

344 738 574 783 meminiffe,
620 751 742 790 agere,
790 738 921 790 ignota
954 738 1152 789 quondam
1186 740 1385 784 omnibus,
1431 749 1469 778 et
1501 739 1639 778 diffusa
1677 740 1752 778 late

342 804 584 850 videbantur.
630 801 821 843 Adhibita
839 802 893 840 est
913 803 1032 855 igitur
1061 818 1119 842 ars
1139 806 1316 857 quaedam
1336 805 1568 844 extrinsecus
1599 820 1646 845 ex
1676 807 1751 844 alio

340 882 478 921 genere
497 869 681 921 quodam,
713 868 819 920 quod
839 868 908 908 fibi
928 878 1058 913 totum
1079 869 1307 924 Philosophi
1326 872 1534 916 assumunt,
1563 886 1647 924 quae
1668 885 1750 910 rem

340 934 575 979 difi‘olutam,
599 934 867 987 divulsamque
899 935 1197 988 conglutinaret,
1229 946 1267 974 et
1297 938 1440 976 ratione
1467 937 1632 990 quadam
1653 951 1748 979 con-

339 1000 552 1053 stringeret.

396 1067 454 1105 Sit
472 1081 563 1120 ergo
583 1067 624 1105 in
646 1068 734 1119 jure
760 1067 868 1106 civili
888 1067 976 1123 finis
996 1066 1077 1113 hic,
1109 1067 1308 1122 legitimae,
1329 1079 1445 1122 atque
1466 1069 1608 1109 usi-tatae
1628 1070 1668 1108 in
1690 1083 1748 1107 re-

342 1132 413 1170 bus
433 1133 628 1186 caufisque
646 1134 808 1178 civium,
838 1134 1110 1186 aequabilitatis
1144 1135 1392 1176 conservatio.
1439 1137 1550 1176 Turn
1571 1136 1659 1174 sunt
1677 1150 1749 1174 no·-

338 1199 453 1237 tanda
473 1213 622 1252 genera,
657 1208 695 1237 et
714 1200 761 1238 ad
780 1208 931 1239 certum
947 1214 1157 1240 numerum
1178 1203 1490 1255 paucitatemque
1511 1203 1720 1241 revocanda
1738 1216 1747 1239 z

342 1266 481 1318 (genus
503 1275 633 1304 autem
653 1266 706 1304 est
725 1266 779 1310 id,
797 1266 903 1318 quod
923 1266 980 1305 sui
999 1267 1140 1306 ssmiles
1160 1270 1440 1308 communione
1460 1269 1641 1322 quadam,
1663 1269 1747 1322 spe-

338 1332 400 1370 cie
418 1341 549 1371 autern
565 1332 798 1377 differentes,
817 1333 908 1372 duas
929 1342 994 1372 aut
1012 1334 1138 1386 plures
1156 1335 1430 1388 complectitur
1449 1345 1571 1388 partes
1587 1351 1596 1374 ε
1625 1345 1748 1389 partes

339 1408 471 1437 autem
490 1399 592 1445 sunt,
614 1413 699 1452 quae
719 1400 924 1452 generibus
940 1400 1005 1445 iis,
1026 1413 1074 1439 ex
1095 1402 1238 1453 quibus
1257 1411 1451 1447 emanant,
1471 1402 1745 1458 subjiciuntur)

338 1466 562 1518 omniaque,
585 1480 669 1518 quae
690 1466 776 1505 sunt
796 1466 855 1504 vel
875 1480 1061 1519 generum
1081 1468 1137 1506 vel
1161 1469 1330 1521 partium
1350 1470 1522 1514 nomina,
1551 1471 1748 1510 definitio-

339 1532 472 1577 nibus,
493 1545 613 1584 quam
634 1532 714 1570 vim
735 1531 914 1577 habeant,
936 1533 988 1570 est
1003 1534 1315 1590 exprimendum.
1348 1535 1417 1573 Est
1434 1536 1541 1574 enim
1557 1536 1746 1583 definitio,

337 1611 471 1637 earum
491 1612 633 1644 rerum,
655 1613 741 1651 quae
762 1598 848 1638 sunt
868 1599 948 1651 ejus
967 1600 1019 1638 rei
1040 1601 1215 1653 propriae,
1236 1615 1355 1653 quam
1373 1601 1531 1641 definire
1550 1604 1747 1650 volumus,

341 1664 480 1710 brevis,
500 1674 539 1702 et
556 1665 846 1718 circumscripta
866 1666 1042 1718 quaedam
1062 1667 1286 1720 explicatio.

397 1731 516 1770 Hisce
545 1745 617 1784 ego
651 1733 763 1770 rebus
798 1733 975 1785 exempla
1005 1733 1267 1786 adjungerem,
1299 1735 1381 1780 nifi,
1413 1736 1514 1788 apud
1540 1750 1636 1789 quos
1663 1737 1747 1778 haec

341 1796 544 1836 haberetur
563 1799 697 1843 oratio,
729 1812 939 1836 cernerem.
999 1800 1120 1838 Nunc
1140 1801 1387 1854 complecitar,
1420 1803 1524 1854 quod
1551 1805 1745 1857 proposui,

340 1863 461 1902 brevi.
507 1863 544 1902 Si
564 1864 670 1902 enim
687 1873 752 1902 aut
773 1864 872 1903 mihi
893 1864 1017 1903 facere
1037 1866 1202 1911 licuerit,
1225 1868 1330 1919 quod
1345 1869 1497 1919 jamdiu
1518 1872 1661 1923 cogito,
1681 1882 1746 1910 aut

339 1929 434 1968 alius
456 1929 646 1982 quispiam
668 1940 747 1975 aut,
776 1945 842 1970 me
862 1932 1066 1984 impeditO,
1089 1934 1300 1985 occuparit,
1319 1944 1397 1979 aut,
1414 1945 1585 1981 mortu0,
1604 1937 1743 1976 effece-

340 1996 403 2041 rit,
431 2006 474 2034 ut
492 1997 667 2049 primum
695 2011 810 2036 omne
824 1999 889 2050 jus
909 1999 1022 2036 civile
1041 2000 1081 2036 in
1103 2013 1240 2051 genera
1261 2000 1419 2053 digerat,
1451 2015 1536 2054 quae
1558 2017 1746 2057 perpauca

340 2062 426 2102 sunt
438 2081 450 2109 5
481 2063 621 2103 deinde
641 2078 775 2103 eorum
795 2079 981 2118 generum
1003 2066 1104 2117 quasi
1126 2067 1301 2118 quaedam
1324 2068 1502 2108 membra
1522 2070 1740 2122 dispertiat;

339 2138 425 2168 turn
455 2131 649 2184 propriam
671 2132 855 2184 cujusque
876 2133 955 2170 vim
976 2133 1200 2171 definitione
1229 2134 1394 2172 declaret
1410 2153 1420 2179 ;
1453 2135 1660 2187 perfectam
1680 2153 1740 2176 ar·

338 2206 419 2235 tem
433 2197 532 2248 juris
553 2198 677 2236 civilis
697 2196 903 2243 habebitis,
933 2200 1057 2252 magis
1079 2214 1259 2252 magnam
1282 2211 1395 2253 atque
1417 2202 1588 2249 uberem,
1623 2219 1741 2256 quam

337 2260 540 2300 difficilem
559 2271 674 2315 atque
694 2263 910 2303 obscuram.
942 2266 1073 2316 Atque
1092 2266 1236 2303 interea
1255 2275 1398 2312 tamen,
1421 2268 1516 2306 dum
1536 2267 1632 2313 haec,
1655 2283 1740 2322 quae

338 2327 498 2380 dispersa
517 2328 618 2374 sunt,
646 2340 850 2383 coguntur,
872 2332 931 2370 vel
962 2332 1096 2384 paffim
1117 2333 1207 2371 licet
1225 2343 1461 2387 carpentem,
1493 2344 1531 2373 et
1550 2335 1738 2388 colligen-

339 2403 419 2432 tem
440 2394 624 2447 undique,
647 2397 896 2449 replerijusta
910 2399 1009 2450 juris
1031 2399 1154 2436 civilis
1171 2399 1340 2438 scientia.

398 2461 550 2499 XLIII.
585 2462 728 2501 Nonne
748 2464 898 2510 videtis,
931 2466 1103 2517 equitem
1130 2467 1371 2512 Romanum,
1405 2466 1607 2504 hominem
1645 2480 1736 2504 acu-

338 2525 482 2566 tiffimo
501 2528 682 2568 omnium
702 2530 874 2583 ingenio,
904 2531 966 2569 sed
995 2532 1160 2570 minime
1191 2533 1333 2571 cacteris
1361 2533 1505 2570 artibus
1526 2532 1735 2577 eruditum,

970 2598 1005 2635 Y
1039 2610 1059 2635 2
