2176 2912
553 190 1354 230 LIBERPRIMUS.
1640 211 1695 250 47

279 280 518 321 distribuitur
530 279 570 317 in
584 279 655 317 tria
669 292 821 332 genera,
836 278 1058 332 publicum,
1074 292 1300 323 commune,
1316 278 1517 332 singulare.
1551 283 1691 321 Publi-

278 361 369 386 cum
383 344 552 397 estquod
567 344 700 382 civitas
723 344 895 382 universa
915 345 1043 397 aliqua
1063 345 1109 382 de
1131 344 1239 382 causa
1259 343 1494 397 frequentat,
1527 357 1569 385 ut
1590 348 1688 394 ludi,

279 414 357 451 dies
370 411 500 456 festus,
524 410 688 449 bellum.
721 412 961 455 Commune,
984 411 1090 463 quod
1102 411 1244 449 accidit
1256 412 1441 449 omnibus
1458 412 1594 452 eodem
1612 414 1692 453 fere

277 489 466 531 tempore,
499 487 541 515 ut
568 477 708 522 meffis,
739 477 948 522 vindemia,
980 477 1096 522 calor,
1128 476 1266 530 frigus.
1329 477 1528 530 Singulare
1560 490 1691 519 autem

277 545 344 589 est,
375 543 481 596 quod
500 543 629 595 aliqua
648 543 695 580 de
715 543 825 580 causa
843 544 1028 596 privatim
1049 543 1143 581 solet
1163 543 1280 580 alicui
1302 543 1488 589 accidere,
1524 554 1566 583 ut
1587 560 1689 599 nup-

279 611 354 655 tice,
385 608 631 654 sacrificium,
663 607 796 654 funus,
827 610 1069 654 convivium,
1101 609 1274 647 somnus.

333 676 482 716 Modus
519 685 650 714 autem
685 676 752 721 est,
792 676 833 714 in
867 690 961 729 quo,
1002 676 1337 729 quemadmodum
1374 686 1412 714 et
1448 692 1527 730 quo
1561 679 1693 718 animo

278 743 426 782 fastum
446 742 505 787 fit,
527 742 726 795 quaeritur.
773 743 869 794 Ejus
890 751 1014 796 partes
1037 742 1124 780 sunt
1140 742 1346 796 prudentia
1360 753 1398 780 et
1412 744 1690 796 imprudentia.

280 809 498 849 Prudentiae
528 818 659 846 autem
686 808 782 846 ratio
814 809 1000 860 quaeritur
1030 822 1077 846 ex
1109 809 1169 853 iis,
1202 822 1287 861 quae
1314 809 1431 854 clam,
1463 809 1605 862 palam,
1638 812 1690 857 vi,

279 875 514 930 persuasione
539 873 689 913 fecerit.
726 863 1008 927 'Imprudentia
1028 884 1159 913 autem
1181 875 1221 912 in
1241 877 1515 928 purgationem
1536 877 1692 916 confer-

279 952 356 987 tur,
384 942 494 994 cujus
514 950 639 994 partes
661 940 749 978 sunt
768 941 982 986 inscientia,
1004 941 1124 986 casus,
1146 941 1340 979 neceffitas
1353 960 1366 986 ς
1398 950 1436 979 et
1456 942 1497 980 in
1518 942 1691 982 affeffio-

279 1022 370 1046 nem
387 1008 523 1052 animi,
551 1006 628 1045 hoc
644 1007 710 1052 est,
739 1007 972 1052 molestiam,
994 1007 1249 1052 iracundiam,
1271 1021 1459 1053 amorem,
1484 1018 1522 1046 et
1542 1018 1689 1055 caetera,

280 1088 365 1127 quae
384 1075 425 1112 in
446 1073 562 1112 fimili
583 1087 722 1126 genere
742 1074 950 1112 versantur.

335 1140 552 1178 Facultates
573 1140 675 1185 sunt,
696 1150 761 1178 aut
781 1140 924 1193 quibus
945 1139 1098 1178 facilius
1119 1140 1178 1186 fit,
1200 1149 1265 1179 aut
1282 1140 1359 1178 fine
1380 1141 1523 1193 quibus
1544 1141 1694 1195 aliquid

280 1206 422 1244 confici
443 1219 521 1244 non
541 1206 679 1258 potest.

336 1272 533 1310 XXVIII.
566 1272 810 1323 Adjund'tum
849 1282 980 1310 autem
1020 1274 1177 1325 negotio
1202 1273 1251 1328 ‘id
1290 1273 1538 1326 intelligitur,
1586 1276 1693 1327 quod

281 1340 420 1391 majus,
434 1347 473 1376 et
488 1338 593 1391 quod
610 1339 754 1384 minus,
769 1348 808 1376 et
823 1339 928 1391 quod
944 1339 1067 1377 fimile
1083 1340 1156 1377 erit
1169 1340 1204 1377 ei
1221 1340 1378 1392 negotio
1392 1354 1471 1392 quo
1487 1341 1533 1378 de
1549 1343 1690 1394 agitur,

280 1413 319 1442 et
338 1404 444 1457 quod
460 1417 567 1457 aeque
583 1417 788 1457 magnum,
810 1414 848 1443 et
864 1405 969 1457 quod
989 1405 1242 1450 contrarium,
1264 1414 1302 1443 et
1318 1405 1424 1457 quod
1440 1405 1688 1459 disparatum,

281 1479 319 1509 et
339 1484 474 1524 genuS,
497 1479 535 1508 et
554 1483 653 1523 pars,
676 1479 714 1508 et
734 1479 907 1509 eventuS.

337 1537 484 1589 Majus,
524 1545 562 1574 et
594 1537 740 1581 minus,
771 1545 809 1574 et
847 1549 954 1589 aeque
986 1550 1189 1589 magnum,
1226 1549 1273 1575 ex
1307 1537 1345 1574 vi
1380 1545 1418 1575 et
1449 1550 1497 1575 ex
1528 1552 1693 1577 numero

281 1612 319 1640 et
356 1616 403 1641 ex
440 1602 565 1655 figura
602 1603 764 1655 negotii,
805 1602 901 1641 ficut
939 1617 986 1640 ex
1014 1602 1154 1640 statura
1188 1603 1375 1655 corporis,
1417 1604 1689 1645 confideratur.

282 1669 417 1707 Simile
454 1678 586 1707 autem
624 1682 671 1706 ex
706 1668 829 1721 specie
864 1668 1116 1721 comparabili
1132 1687 1144 1713 3
1188 1669 1448 1722 comparabile
1479 1680 1609 1709 autem
1644 1684 1692 1710 ex

282 1734 513 1773 conferenda
532 1744 647 1787 atque
667 1734 917 1773 affimulanda
934 1744 1067 1773 natura
1081 1734 1294 1786 judicatur.
1347 1736 1600 1775 Contrarium
1621 1737 1689 1782 est,

283 1800 388 1852 quod
408 1800 576 1851 politum
596 1801 636 1837 in
663 1813 802 1851 genere
828 1800 974 1837 diverso
998 1800 1044 1838 ab
1071 1800 1223 1845 eodem,
1255 1800 1319 1838 cui
1350 1802 1588 1840 contrarium
1620 1802 1693 1840 effe

283 1865 439 1910 dicitur,
471 1865 688 1917 plurimum
709 1864 833 1908 distat,
866 1874 908 1902 ut
929 1864 1051 1916 frigus
1072 1865 1203 1910 calori,
1235 1866 1322 1903 vitae
1342 1879 1462 1904 mors.
1508 1867 1690 1920 Dispara-

283 1940 369 1968 tum
390 1940 519 1968 autem
541 1930 593 1967 est
612 1930 652 1967 id
678 1930 782 1982 quod
803 1930 848 1967 ab
870 1929 998 1982 aliqua
1017 1943 1055 1967 re
1075 1944 1143 1983 per
1162 1931 1446 1983 oppositionem
1473 1934 1688 1984 negationis

284 1997 486 2049 separatur,
508 1995 584 2033 hoc
600 1996 718 2033 modo
726 2013 737 2040 ς
768 1995 907 2048 sapere,
930 2005 967 2034 et
983 2010 1060 2033 non
1077 1996 1216 2048 sapere.
1260 1997 1395 2034 Genus
1412 1997 1463 2034 est
1480 1998 1584 2049 quod
1601 2012 1691 2052 par-

285 2071 339 2101 tes
360 2063 504 2115 aliquas
525 2062 785 2114 ampledfflur,
819 2072 861 2100 ut
887 2063 1092 2115 cupiditas.
1144 2063 1233 2100 Pars
1266 2063 1317 2100 est
1348 2076 1432 2114 quae
1464 2063 1587 2102 subest
1621 2079 1690 2118 ge-

286 2130 379 2174 neri,
412 2139 454 2167 nt
486 2143 607 2174 amor,
639 2129 806 2167 avaritia.
857 2130 1032 2167 Eventus
1052 2129 1106 2167 est
1125 2129 1287 2181 alicujus
1308 2130 1434 2167 exitus
1457 2132 1617 2183 negotii,
1650 2133 1690 2170 in

285 2209 363 2248 quo
390 2195 508 2247 quaeri
538 2195 646 2239 solet,
682 2195 777 2248 quid
804 2209 851 2233 ex
878 2209 1030 2248 quaque
1056 2209 1094 2232 re
1121 2196 1302 2239 evenerit,
1334 2196 1496 2241 eveniat,
1527 2206 1689 2234 eventu-

285 2274 450 2312 r-umque
476 2261 533 2298 fit.
586 2261 715 2312 Qare
740 2260 816 2298 hoc
836 2262 875 2299 in
896 2274 1048 2313 genere,
1080 2271 1123 2298 ut
1143 2261 1390 2298 commodius
1411 2261 1505 2313 quid
1526 2272 1688 2300 eventu-

287 2339 373 2364 rum
394 2327 438 2364 fit
458 2336 545 2364 ante
573 2327 703 2364 animo
723 2327 857 2380 colligi
878 2327 1003 2380 poffit,
1037 2328 1132 2379 quid
1158 2341 1311 2380 quaque
1331 2341 1377 2365 ex
1400 2341 1438 2365 re
1458 2327 1573 2365 soleat
1600 2342 1687 2366 eve-

287 2391 381 2435 nire,
413 2391 730 2430 confiderandum
755 2393 821 2439 est,
853 2392 928 2432 hoc
949 2393 1096 2439 modo,
1129 2394 1190 2431 Ex
1212 2394 1427 2447 arrogantia
1459 2393 1609 2437 odium,
1642 2407 1688 2432 ex

287 2457 487 2496 insolentia
506 2460 731 2512 arrogantia.
