2176 2912
449 196 524 250 378
790 197 921 235 DE
1035 197 1509 237 CLARIS

445 291 494 328 C.
519 291 648 334 Cotta,
680 290 724 328 P.
748 290 955 342 Sulpicius,
985 291 1214 344 QVarius,
1247 293 1322 330 Cn.
1348 290 1603 344 Pomponius,
1636 291 1685 329 C.
1714 291 1850 337 Curio,

446 357 494 394 L.
518 356 667 400 Fufius,
691 356 753 394 M.
778 357 940 402 Drusus,
964 359 1006 395 P.
1031 358 1220 396 Antistius
1234 377 1245 403 ς
1278 372 1347 397 nec
1368 358 1448 396 ulla
1462 366 1570 396 aetate
1590 357 1744 395 uberior
1763 372 1849 396 ora-

445 431 575 460 torum
594 420 711 460 foetus
732 421 823 461 fuit.
869 424 930 461 Ex
952 422 1012 461 his
1034 426 1150 462 Cotta
1169 434 1207 462 et
1228 425 1434 477 Sulpicius,
1462 437 1555 462 cum
1576 437 1663 461 meo
1682 423 1847 475 judicio,

445 496 533 525 tum
554 488 749 533 omnium,
770 487 882 526 facile
900 489 1044 541 primas
1065 489 1251 528 tulerunt.

502 553 584 591 Hic
605 555 774 599 Atticus,
808 555 1020 605 Qomodo
1052 555 1147 593 istuc
1168 556 1277 600 dicis,
1313 556 1455 607 inquit,
1487 568 1579 593 cum
1600 564 1667 593 tuo
1681 554 1851 606 judicio,
1897 552 1901 553 ⁷

446 629 533 657 tum
553 621 733 658 omnium
753 621 765 657 ?
798 623 1001 672 Semperne
1034 621 1073 657 in
1093 630 1238 658 oratore
1264 621 1473 672 probando,
1495 629 1560 657 aut
1577 620 1846 672 improbando,

446 687 553 738 vulgi
567 687 762 737 judicium
778 698 868 723 cum
884 687 1188 738 intelligentium
1204 687 1353 738 judicio
1366 686 1574 738 congruit?
1596 687 1661 724 An
1676 686 1741 724 alii
1757 700 1851 738 pro-

447 752 586 790 bantur
605 765 624 789 a
644 751 909 797 multitudine,
927 752 990 789 alii
1011 761 1139 790 autem
1160 753 1206 790 ab
1227 752 1287 796 iis,
1309 753 1378 804 qui
1397 752 1624 804 intelligunt
1641 753 1653 788 ?

500 819 621 856 Recte
651 818 826 870 requiris,
857 818 1032 871 inquam,
1064 819 1196 858 Attice
1211 838 1223 863 ς
1256 819 1317 857 sed
1351 819 1479 857 audies
1511 832 1559 857 ex
1588 832 1652 856 me
1682 817 1851 863 fortasse,

443 884 549 936 quod
570 897 647 922 non
668 897 804 922 omnes
823 884 999 936 probent.
1032 887 1096 923 An
1119 894 1178 930 tu,
1193 885 1336 937 inquit,
1357 884 1397 922 id
1417 884 1577 930 laboras,
1598 884 1625 922 si
1645 883 1738 922 huic
1757 897 1850 922 mo-

445 950 494 988 do
515 952 635 989 Bruto
654 949 882 1002 probaturus
902 963 939 988 es
956 951 968 988 ?

501 1017 633 1061 Plane,
664 1016 838 1067 inquam,
873 1016 1014 1061 Attice,
1046 1016 1343 1069 disputationem
1373 1015 1474 1054 hanc
1504 1018 1559 1054 de·
1580 1024 1726 1054 oratore
1754 1028 1849 1068 pro-

446 1081 586 1127 bando,
617 1090 682 1119 aut
715 1081 985 1134 improbando,
1017 1082 1143 1120 multo
1173 1082 1310 1121 malim
1334 1082 1419 1126 tibi,
1452 1091 1491 1119 et
1519 1083 1640 1119 Bruto
1669 1081 1816 1134 placere
1832 1100 1845 1125 3

444 1148 705 1201 eloquentiam
726 1157 857 1186 autem
877 1161 1003 1186 meam
1023 1148 1169 1201 populo
1183 1148 1338 1201 probari
1357 1147 1488 1186 velim.
1526 1147 1686 1185 Etenim
1706 1147 1848 1186 necess‘e

444 1214 511 1260 est,
534 1215 602 1267 qui
622 1214 675 1252 ita
694 1214 808 1258 dicat,
831 1223 874 1252 ut
893 1227 912 1251 a
932 1214 1185 1252 multitudine
1203 1214 1400 1267 probetur,
1431 1215 1599 1252 eundem
1614 1214 1734 1252 doctis
1754 1227 1848 1266 pro-

444 1281 539 1319 bari.
586 1281 706 1325 Nam,
737 1280 833 1332 quid
853 1280 893 1318 in
913 1280 1078 1319 dicendo
1103 1282 1251 1318 rectum
1272 1280 1330 1326 fit,
1361 1289 1425 1318 aut
1444 1295 1619 1333 pravum,
1641 1294 1713 1333 ego
1736 1280 1848 1332 judi-

443 1346 553 1391 cabo,
576 1346 601 1384 fi
630 1346 750 1384 modo
767 1346 798 1383 is
826 1345 924 1391 sum,
947 1347 1016 1398 qui
1046 1347 1085 1384 id
1106 1346 1257 1399 poffim,
1279 1355 1344 1385 aut
1364 1346 1479 1385 sciam
1492 1347 1666 1398 judicare
1677 1364 1690 1391 ς
1723 1345 1846 1398 qualis

441 1426 531 1450 vero
552 1412 595 1450 fit
613 1421 751 1456 orator,
782 1425 829 1450 ex
849 1425 908 1457 eo,
939 1412 1045 1464 quod
1065 1412 1096 1450 is
1117 1413 1280 1451 dicendo
1308 1413 1463 1458 efficiet,
1494 1413 1637 1466 poterit
1662 1411 1850 1464 intelligi,

444 1479 540 1516 Tria
559 1478 646 1516 sunt
679 1478 785 1516 enim
823 1479 885 1530 (ut
905 1479 1063 1530 quidem
1097 1493 1168 1531 ego
1188 1479 1327 1531 sentio)
1360 1493 1444 1531 quae
1474 1479 1546 1517 fint
1565 1478 1763 1516 efficienda
1782 1478 1846 1516 di-

442 1543 588 1587 cendo,
621 1552 664 1580 ut
684 1543 864 1580 doceatur
880 1544 925 1587 is,
949 1545 1050 1596 apud
1070 1558 1188 1596 quem
1206 1545 1367 1589 dicetur,
1387 1555 1430 1582 ut
1450 1545 1669 1589 delectetur,
1692 1553 1735 1581 ut
1755 1557 1850 1581 mo-

442 1618 572 1646 veatur
591 1608 871 1646 vehementius.
905 1609 1061 1660 Qibus
1085 1610 1292 1648 virtutibus
1323 1611 1480 1648 oratoris
1501 1609 1641 1648 horum
1672 1609 1845 1661 quidque

440 1675 641 1720 efficiatur,
671 1683 736 1712 aut
766 1675 908 1726 quibus
938 1675 1041 1712 vitiis
1072 1685 1197 1714 orator
1225 1687 1289 1714 aut
1310 1690 1387 1714 non
1408 1676 1617 1728 afl'equatur
1650 1674 1746 1719 haec,
1778 1684 1844 1712 aut

441 1742 559 1779 etiam
581 1742 620 1779 in
641 1740 701 1779 his
718 1740 878 1786 labatur,
896 1750 933 1779 et
953 1741 1074 1786 cadat,
1093 1741 1228 1780 artifex
1251 1743 1388 1794 aliquis
1403 1743 1609 1794 judicabit.
1642 1741 1846 1779 Efficiatut

440 1817 570 1845 autem
604 1807 651 1845 ab
678 1816 838 1852 oratore,
869 1821 1002 1852 necne,
1033 1817 1076 1845 ut
1106 1808 1147 1853 ii,
1179 1809 1247 1860 qui
1267 1809 1442 1853 audiunt,
1474 1809 1526 1846 ita
1556 1808 1770 1846 afficiantur
1800 1816 1845 1845 ut

439 1882 566 1911 orator
585 1874 689 1917 velit,
711 1873 819 1925 vulgi
838 1873 993 1918 affensu,
1015 1884 1052 1911 et
1072 1875 1248 1927 populari
1269 1875 1716 1928 approbationejudicari
1731 1873 1840 1912 solet.

440 1939 574 1990 Itaque
596 1952 797 1991 nunquam
819 1939 864 1977 de
884 1940 987 1978 bono
1007 1950 1166 1986 oratore,
1189 1950 1252 1979 aut
1273 1954 1350 1979 non
1372 1941 1489 1985 bon0‚
1523 1940 1644 1978 doctis
1664 1939 1842 1977 homini-

440 2005 510 2042 bus
531 2019 622 2043 cum
642 2005 788 2058 populo
808 2005 979 2045 diffensio
998 2006 1088 2045 fuit.

495 2072 544 2108 L.
566 2072 630 2109 An
651 2071 790 2116 censes,
813 2071 906 2110 dum
928 2072 986 2109 illi
1007 2073 1225 2124 viguerunt,
1257 2086 1352 2124 quos
1373 2081 1458 2109 ante
1478 2071 1573 2115 dixi,
1595 2085 1672 2109 non
1690 2070 1841 2109 eosdem

437 2137 576 2188 gradus
597 2146 790 2175 oratorum
822 2138 929 2189 vulgi
954 2138 1118 2188 judicio,
1149 2147 1186 2175 et
1207 2138 1407 2175 doctorum
1428 2136 1535 2174 fuiffe
1555 2137 1568 2174 ?
1612 2138 1673 2175 De
1693 2137 1840 2190 populo

437 2202 464 2239 fi
485 2215 602 2254 quem
622 2202 674 2239 ita
704 2202 916 2254 rogaviss‘es,
948 2204 1037 2254 Qtis
1057 2203 1100 2255 cst
1119 2205 1156 2241 in
1175 2204 1244 2242 hac
1262 2204 1414 2242 civitate
1432 2202 1714 2256 eloquentsshmts
1728 2204 1748 2242 ,Ρ
1792 2204 1839 2241 In

437 2267 612 2304 Antonio
633 2276 670 2304 et
691 2266 818 2305 Craffo
847 2277 911 2305 aut
931 2267 1135 2313 dubitaret,
1168 2277 1232 2306 aut
1252 2267 1357 2306 hunc
1378 2269 1488 2312 alius,
1524 2269 1639 2306 illum
1660 2268 1754 2306 alius
1776 2268 1837 2306 di·—

437 2343 550 2370 ceret.
603 2333 783 2371 Nemone
804 2333 1048 2387 Philippum,
1071 2345 1148 2372 tam
1170 2335 1321 2373 suavem
1341 2345 1544 2380 oratorem,
1568 2345 1645 2373 tam
1667 2348 1836 2387 gravem,

436 2409 516 2437 tam
536 2398 718 2444 facetum,
749 2398 809 2437 his
829 2399 1043 2446 anteferret,
1075 2414 1192 2453 quem
1212 2401 1445 2454 nosmetipsi,
1478 2402 1543 2453 qui
1565 2399 1645 2439 haec
1666 2410 1743 2438 arte
1764 2401 1835 2438 ali-

436 2465 512 2517 qua
531 2465 712 2503 volumus
732 2466 955 2517 expendere,
987 2468 1211 2518 proximum
1242 2468 1320 2505 illis
1341 2466 1449 2505 fuiffe
1469 2468 1671 2505 diximus?
1704 2467 1836 2505 Nemo

434 2530 619 2586 profeeto.
654 2531 698 2570 Id
719 2532 823 2572 enim
843 2532 969 2585 ipsum
989 2533 1042 2572 est
1062 2533 1203 2572 summi
1225 2534 1396 2580 oratoris,
1427 2533 1626 2572 summum
1646 2541 1836 2571 oratorem
