2176 2912
551 129 1524 196 L1⁷BERSECUNDUS
1669 159 1744 201 225

339 266 477 310 genere
506 261 584 291 erat
604 249 778 289 universo
798 248 851 286 rei
871 246 1108 299 negotiique,
1140 257 1217 282 non
1247 244 1286 282 in
1307 252 1480 296 tempore
1509 254 1549 279 ac
1572 240 1743 280 nomini-

345 324 414 361 bus
439 319 565 359 omnis
585 316 754 370 quaestio,
788 328 880 352 curn
901 313 1088 365 scriptum
1106 312 1159 348 ita
1180 310 1238 355 fit,
1272 311 1313 349 Si
1339 309 1428 347 mihi
1454 308 1546 348 filius
1560 307 1744 360 gignitur,

340 388 435 441 ⁵isque·
457 385 565 439 prius
583 384 752 426 moritur,
782 389 821 419 et
840 388 987 424 caetera‚
1019 388 1095 416 tum
1115 387 1158 416 ut
1183 377 1272 415 mihi
1287 376 1408 427 illestt
1427 374 1550 412 heres:
1582 374 1607 410 s1
1636 382 1744 410 natus

344 452 445 491 filius
466 464 543 488 non
564 449 621 495 fit,
653 448 874 487 videaturne
893 446 938 491 is,
970 444 1040 497 qui
1059 443 1140 482 filio
1160 451 1315 481 mortuo
1335 440 1530 479 institutus
1551 437 1659 476 heres
1686 437 1744 482 fit,

341 518 450 557 heres
471 516 541 555 effe
560 517 573 553 ?

398 583 594 623 XXXIII.
617 581 799 634 Perpetui
811 579 925 632 juris,
946 586 984 617 et
999 577 1161 616 universi
1180 576 1326 629 generis
1343 574 1500 628 quaestio
1520 585 1598 610 non
1613 569 1746 609 homi<

344 664 442 690 num
459 650 630 693 nomina,
651 648 714 686 sed
734 648 920 685 rationem
940 644 1106 689 dicendi,
1123 652 1161 681 et
1181 650 1498 695 argumentorum
1518 638 1658 681 fontes,
1681 636 1748 673 de-

346 717 491 756 fiderat.
512 717 558 754 In
579 729 657 768 quo
676 715 791 752 etiam
812 712 871 751 isti
892 725 959 750 nos
975 709 1236 763 jurisconsulti
1253 708 1486 761 impediunt,
1507 719 1528 743 a
1548 703 1747 743 discendo<

344 797 423 835 que
443 782 645 820 deterrent.
687 779 814 818 Video
833 778 939 816 enim
959 777 999 815 in
1020 776 1180 815 Catonis
1201 784 1239 813 et
1259 774 1370 813 Bruti
1390 773 1498 811 libris
1515 769 1749 810 nominatim

347 850 427 888 fere
448 848 590 893 referri,
620 845 715 899 quid
743 845 859 883 alicui
889 829 935 882 de
962 844 1050 896 jure
1079 843 1161 880 viro
1193 851 1258 880 aut
1288 840 1443 879 mulieri
1462 837 1748 891 responderint;

350 915 476 959 credo,
496 923 541 952 ut
560 922 797 967 putaremus,
818 911 859 949 in
875 909 1118 954 hominibus,
1139 922 1217 947 non
1238 908 1279 947 in
1299 920 1351 952 re,
1374 904 1664 944 consultationis
1685 910 1751 939 aut

351 980 602 1019 dubitationis
626 977 777 1017 causam
797 976 966 1029 aliquam
985 974 1093 1013 fuisse
1109 993 1121 1019 3
1154 982 1211 1019 ut,
1233 973 1340 1026 quod
1358 971 1537 1010 homines
1554 969 1668 1007 effent
1689 969 1751 1005 in-

350 1046 621 1090 numerabiles,
653 1044 843 1083 debilitati
868 1056 889 1080 a
910 1044 997 1094 jure
1016 1041 1296 1094 cognoscendo,
1324 1038 1564 1078 voluntatem
1585 1033 1754 1074 discendi

351 1112 466 1152 simul
487 1125 579 1150 curn
600 1111 662 1163 spe
678 1108 914 1163 perdiscendi
933 1108 1199 1160 abjiceremus.
1223 1106 1293 1146 Sed
1309 1104 1391 1144 haec
1408 1102 1558 1142 Craffus
1578 1102 1754 1154 aliquan-

353 1180 403 1218 do
439 1178 548 1217 nobis
575 1176 763 1230 expediet,
793 1185 831 1214 et
855 1183 1022 1227 exponet
1048 1174 1233 1226 descripta
1260 1172 1486 1226 generatim.
1537 1168 1605 1207 Est
1634 1168 1754 1210 enim,

354 1258 404 1285 ne
423 1244 522 1284 forte
552 1243 705 1288 nescias,
738 1241 821 1280 heri
841 1241 952 1278 nobis
983 1240 1048 1278 ille
1079 1240 1169 1284 hoc,
1205 1239 1357 1283 Catule,
1393 1235 1605 1290 pollicitus,
1636 1234 1670 1272 se
1692 1234 1756 1285 jus

352 1312 481 1357 civile,
513 1310 617 1364 quod
649 1323 753 1348 nunc
787 1307 973 1347 diffusum
1006 1316 1044 1345 et
1075 1306 1295 1359 diffipatum
1325 1303 1391 1348 est,
1423 1303 1463 1340 in
1490 1311 1591 1340 certa
1623 1311 1760 1354 genera

354 1380 593 1421 coacturum,
623 1386 662 1414 et
689 1376 735 1414 ad
765 1384 885 1413 artem
905 1372 1018 1411 facile
1049 1372 1305 1411 redasturum.
1357 1370 1410 1408 Et
1430 1368 1602 1421 quidem,
1630 1366 1760 1418 inquit

356 1444 534 1488 Catulus,
566 1442 864 1494 haudquaquam
883 1439 923 1478 id
955 1439 1008 1477 est
1028 1439 1186 1477 difficile
1213 1436 1356 1480 Craffo,
1386 1435 1513 1487 quiet
1533 1433 1638 1486 quod
1667 1431 1761 1470 disci

356 1510 485 1565 potuit
505 1509 552 1547 de
566 1510 667 1561 jure,
699 1507 834 1545 didicit
847 1524 858 1550 ;
889 1514 928 1542 et
947 1504 1052 1556 quod
1077 1504 1138 1548 iis,
1170 1503 1239 1555 qui
1258 1515 1349 1539 eum
1369 1500 1597 1544 docuerunt,
1622 1497 1760 1541 defuit,

357 1576 436 1630 ipse
455 1574 612 1620 afferet3
645 1583 701 1619 ut,
733 1586 818 1626 quae
848 1571 921 1610 sint
951 1571 992 1609 in
1018 1571 1117 1622 jure,
1148 1569 1208 1607 vel
1239 1576 1326 1621 apte
1355 1566 1576 1610 describere,
1607 1564 1666 1602 vel
1697 1578 1761 1603 or-

358 1651 446 1680 nate
465 1641 661 1686 illustrare,
691 1639 816 1693 poflit.
861 1638 968 1690 Ergo
988 1637 1068 1681 ista,
1101 1635 1229 1688 inquit
1249 1633 1458 1677 Antonius,
1489 1640 1575 1669 tum
1595 1645 1615 1669 a
1636 1629 1764 1669 Craffo

361 1707 563 1751 discemus,
595 1720 686 1744 cum
701 1705 735 1744 se
755 1705 801 1743 de
822 1704 947 1749 turba,
964 1712 1001 1741 et
1019 1716 1040 1740 a
1059 1701 1258 1747 subselliis,
1281 1700 1322 1738 in
1341 1700 1468 1739 otium
1500 1698 1562 1750 (ut
1583 1696 1762 1750 cogitat,)

363 1773 579 1824 soliumque
595 1771 815 1809 contulerit.

419 1841 506 1891 Jam
535 1838 574 1876 id
601 1837 760 1892 quidem
790 1836 897 1889 saepe,
929 1834 1057 1886 inquit
1078 1833 1255 1877 Catulus,
1285 1846 1333 1871 ex
1351 1845 1396 1870 eo
1416 1831 1556 1875 audivi,
1589 1843 1680 1868 cum
1705 1829 1766 1867 di-

363 1914 479 1949 ceret,
511 1904 579 1942 fibi
610 1912 759 1941 certum
793 1901 864 1939 effe
897 1914 917 1938 a
945 1900 1103 1952 judiciis
1135 1898 1326 1950 causisque
1359 1896 1574 1940 discedere;
1618 1895 1693 1940 sed,
1725 1902 1768 1932 ut

364 1970 435 2024 ipfi
464 1970 566 2008 soleo
597 1969 735 2013 dicere,
767 1981 844 2006 non
865 1966 1011 2004 licebit.
1044 1966 1185 2018 Neque
1204 1965 1309 2002 enim
1338 1962 1416 2016 ipse
1447 1961 1636 2000 auxilium
1658 1960 1771 1998 suum

367 2038 460 2090 saepe
479 2050 500 2074 a
518 2036 608 2074 viris
638 2036 749 2074 bonis
770 2034 906 2073 frustra
926 2033 1124 2085 implorari
1145 2031 1322 2084 patietur,
1356 2042 1478 2082 neque
1498 2028 1537 2066 id
1558 2041 1666 2080 aequo
1687 2027 1769 2065 ani-

368 2116 435 2141 mo
454 2101 551 2140 feret
570 2102 728 2146 civitas,
761 2114 859 2153 quae,
881 2100 905 2138 fi
925 2112 1017 2137 voce
1038 2100 1086 2136 L.
1112 2096 1227 2135 Craffi
1246 2096 1403 2140 carebit,
1425 2102 1650 2132 ornamento
1671 2105 1769 2145 quo-

369 2169 458 2205 dam
492 2167 565 2205 sese
585 2167 783 2219 spoliatam
804 2166 968 2219 putabit.
1019 2164 1126 2203 Nam
1158 2162 1300 2207 hercle,
1346 2161 1473 2212 inquit
1505 2159 1713 2203 Antonius,
1746 2158 1771 2195 fi

370 2233 454 2271 haec
473 2245 558 2270 vere
576 2245 597 2269 a
615 2233 758 2270 Catulo
777 2232 876 2270 dieta
896 2231 995 2274 sunt,
1032 2230 1104 2268 tibi
1125 2243 1281 2267 mecum
1302 2229 1341 2266 in
1362 2227 1497 2265 eodem
1517 2226 1569 2264 est
1600 2225 1770 2278 pistrini),

373 2297 513 2341 Craffe,
545 2297 782 2342 vivendum,
813 2307 851 2335 et
880 2297 989 2335 istam
1019 2296 1246 2334 oscitantem
1273 2304 1311 2332 et
1330 2293 1605 2331 dormitantem
1625 2290 1773 2342 sapien-

374 2365 469 2402 tiam
515 2362 767 2401 Scaevolarurn
805 2371 844 2400 et
885 2372 1110 2401 caeterorum
1144 2361 1344 2399 beatorum
1384 2359 1465 2397 otio
1503 2356 1771 2396 concedamuS.

375 2429 511 2469 Arrisit
545 2428 610 2466 hic
647 2429 796 2468 Crassus
831 2429 978 2473 leniter,
1009 2438 1060 2474 et,
1091 2436 1243 2481 pertexe
1277 2426 1407 2471 modo,
1439 2425 1581 2476 inquit,
1613 2419 1773 2463 Antoni,

449 2496 594 2534 ΤοΜ.
626 2494 658 2533 Ι.
1156 2491 1240 2530 Ff
