2176 2912
777 172 1279 210 ToPICA.
1652 189 1728 228 491

321 266 518 319 quaeritur,
550 273 589 303 et
613 265 777 303 verbum
803 265 931 318 ipsum
953 273 1107 302 notatur
1122 282 1134 309 ς
1166 265 1207 302 in
1237 278 1316 317 quo
1343 266 1494 304 Servius
1518 266 1656 313 noster,
1688 278 1733 307 ut

320 335 472 386 opinor,
504 331 604 370 nihjl
631 339 741 384 putat
770 330 842 368 effe
872 330 1101 375 notandum,
1133 330 1202 368 nifi
1221 331 1321 384 pcst5
1351 341 1389 370 et
1414 332 1587 371 liminium
1617 334 1731 379 illud,

323 398 618 453 productionem
653 396 725 434 effe
762 397 870 434 verbi
903 396 1002 442 vult,
1044 405 1088 435 ut
1125 397 1166 434 in
1185 397 1360 448 finitimo,
1403 399 1569 451 legitimo,
1609 398 1730 439 cediti-

318 480 386 510 mo,
419 478 497 503 non
531 463 618 516 plus
655 462 768 501 ineffe
799 463 938 508 timum,
969 476 1088 516 quam
1122 463 1164 501 in
1193 462 1382 503 meditullio
1417 465 1570 504 tullium.
1631 468 1731 504 Scae·

320 532 407 570 vola
436 540 581 575 autem,
624 530 756 569 Publii
787 529 905 576 filius,
931 531 1117 583 junCtum
1143 539 1256 584 putat
1285 529 1357 569 effe
1390 532 1568 577 verbum,
1609 541 1653 570 ut
1688 533 1732 571 s1t

319 598 360 636 in
381 611 440 642 eo,
471 607 509 636 et
530 596 620 650 post,
651 606 689 634 et
715 597 818 635 limen
831 613 844 635 .·
880 607 924 635 ut
944 611 1029 650 quae
1060 611 1081 635 a
1110 597 1223 636 nobis
1243 597 1405 636 alienata
1434 597 1536 642 sunt,
1568 611 1661 636 cum
1686 598 1732 636 ad

319 663 471 704 hostem
502 664 757 717 pervenerint,
790 673 829 702 et
859 677 906 702 ex
947 664 1014 702 suo
1045 674 1231 717 tanquam
1261 664 1397 703 limine
1425 665 1602 710 exierint,
1644 664 1733 704 dein

319 745 414 773 cum
445 731 628 770 redierint
658 731 741 784 post
771 731 819 769 ad
848 731 953 770 idem
984 732 1121 777 limen,
1167 731 1410 785 postliminio
1442 731 1643 770 videantur
1672 745 1731 770 re-

320 798 440 837 diiffe.
486 799 578 851 Qo
599 798 639 835 in
660 811 798 850 genere
828 798 946 836 etiam
967 798 1148 837 Mancini
1168 798 1277 836 causa
1296 797 1449 836 defendi
1470 797 1605 851 potest,
1627 797 1733 851 post·

319 863 478 901 liminio
512 862 683 907 rediifi‘e3
715 863 892 901 deditum
919 877 997 901 non
1024 863 1108 909 effe,
1140 865 1325 916 quoniam
1359 877 1437 902 non
1468 863 1514 902 fit
1539 872 1731 916 receptus.

321 930 430 968 Nam
450 942 577 982 neque
607 929 861 975 deditionem,
892 943 1018 982 neque
1046 929 1295 969 donationem
1321 930 1398 969 fine
1428 931 1650 984 acceptione
1669 930 1732 968 in-

320 995 447 1048 telligi
467 994 582 1049 poffe.

376 1063 450 1102 IX.
484 1062 664 1114 Sequitur
684 1061 715 1100 is
736 1062 858 1108 locus,
890 1063 958 1115 qui
978 1062 1125 1101 constat
1144 1075 1190 1102 ex
1209 1062 1256 1101 iis
1278 1064 1405 1109 rebus,
1434 1077 1520 1116 quae
1540 1062 1733 1116 quodam-

322 1128 443 1168 modo
464 1128 606 1166 affed'tae
627 1127 714 1166 sunt
741 1128 789 1166 ad
822 1128 876 1174 id,
908 1129 955 1167 de
986 1143 1066 1182 quo
1085 1129 1327 1182 ambigitur-3
1359 1142 1479 1182 quem
1501 1129 1619 1168 modo
1653 1129 1734 1167 dixi

322 1195 365 1234 in
380 1194 507 1247 plures
529 1203 651 1247 partes
672 1194 938 1234 distributum.
999 1196 1124 1248 Cujus
1144 1195 1295 1250 primus
1315 1195 1369 1234 est
1388 1196 1497 1234 locus
1517 1209 1566 1234 ex
1595 1198 1734 1249 conju—

321 1261 489 1315 gatione,
521 1274 640 1314 quarn
675 1261 803 1300 Gr'aeci
837 1257 996 1312 συζυγίαν
1028 1271 1180 1308 vocant,
1212 1262 1405 1301 finitimus
1440 1262 1646 1307 notationi,
1687 1261 1736 1300 de

321 1342 399 1381 qua
428 1328 547 1367 modo
577 1328 727 1366 distum
754 1328 830 1367 est:
863 1337 920 1373 ut,
952 1328 978 1366 fi
999 1343 1139 1382 aquam
1159 1329 1332 1382 pluviam
1352 1343 1438 1368 eam
1469 1329 1588 1367 modo
1614 1328 1734 1366 intel-

322 1395 549 1448 ligeremus,
582 1408 702 1447 quam
737 1395 856 1434 imbri
877 1394 1078 1433 collectam
1108 1395 1341 1440 videremus,
1374 1396 1521 1434 veniret
1555 1394 1734 1439 Mucius,

321 1463 405 1515 qui,
439 1462 530 1515 quia
564 1463 769 1515 conjugata
801 1462 917 1500 verba
949 1462 1066 1501 effent
1098 1462 1243 1516 pluvia,
1285 1471 1324 1500 et
1358 1457 1544 1515 pluendo,
1575 1461 1735 1508 diceret,

321 1543 484 1568 omnem
505 1543 644 1582 aquam
666 1539 841 1582 oportere
861 1530 993 1574 arceri,
1016 1543 1102 1581 quae
1121 1529 1294 1582 pluendo
1313 1528 1499 1567 crevisset.

378 1596 485 1634 Cum
505 1605 635 1634 autem
667 1609 688 1632 a
708 1609 845 1648 genere
866 1595 1028 1633 ducetur
1048 1604 1339 1648 argumentum,
1374 1608 1453 1633 non
1484 1594 1557 1633 erit
1591 1594 1737 1633 neceffe

323 1661 365 1699 id
383 1661 504 1714 usque
533 1674 555 1698 a
583 1661 709 1714 capite
728 1660 918 1699 arceffere.
979 1662 1084 1714 Saepe
1108 1661 1226 1699 etiam
1256 1662 1352 1699 citra
1382 1661 1488 1706 licet,
1519 1660 1737 1699 dummodo

323 1727 435 1780 supra
468 1727 513 1765 fit
539 1726 645 1779 quod
680 1726 858 1772 sumitur,
889 1740 1007 1779 quarn
1039 1727 1093 1772 id,
1124 1727 1172 1765 ad
1205 1727 1311 1780 quod
1340 1726 1505 1765 sumitur
1521 1744 1533 1772 3
1566 1733 1610 1764 ut
1640 1739 1738 1779 aqua

323 1792 454 1845 pluvia
483 1792 626 1830 ultimo
659 1806 797 1845 genere
831 1806 873 1830 ea
903 1793 970 1838 est,
1002 1807 1086 1845 quae
1107 1792 1153 1830 de
1188 1793 1282 1831 caelo
1302 1793 1456 1831 veniens
1487 1791 1622 1830 crescit
1656 1792 1736 1831 irn-

326 1857 414 1896 bri:
462 1856 524 1895 sed
559 1857 737 1910 propiore
772 1858 872 1902 loco,
904 1858 945 1896 in
973 1872 1051 1910 quo
1081 1857 1184 1910 quafi
1213 1859 1278 1910 jus
1310 1858 1462 1896 arcendi
1498 1858 1735 1902 continetur,

326 1936 446 1976 genus
469 1923 534 1968 est,
566 1935 663 1975 aqua
694 1924 824 1977 pluvia
854 1937 1022 1962 nocens:
1054 1925 1136 1977 ejus
1166 1925 1315 1976 generis
1342 1924 1491 1969 formae,
1522 1924 1600 1962 loci
1624 1923 1735 1968 vitio,

325 1999 366 2029 et
386 2002 505 2027 manu
525 2002 669 2028 nocens
686 2008 697 2035 5
730 2004 895 2043 quarum
915 1990 1030 2028 altera
1059 1990 1220 2042 jubetur
1239 1990 1287 2028 ab
1306 1989 1449 2027 arbitro
1469 1990 1649 2034 coerceri,
1677 1988 1736 2026 al-

328 2065 408 2094 tera
428 2069 504 2094 non
520 2056 695 2108 jubetur.

382 2123 604 2161 Commode
625 2124 741 2161 etiam
775 2125 954 2161 tractatur
984 2122 1067 2161 haec
1086 2123 1384 2177 argumentatio,
1421 2135 1506 2175 quae
1525 2135 1572 2159 ex
1598 2134 1737 2175 genere

327 2188 505 2234 sumitur,
536 2203 629 2227 cum
659 2203 706 2228 ex
737 2199 820 2228 toto
850 2189 1071 2243 persequare
1101 2199 1239 2243 partes,
1271 2188 1346 2228 hoc
1376 2189 1522 2234 modo,
1554 2187 1593 2225 Si
1624 2188 1735 2226 dolus

328 2255 452 2294 malus
473 2256 538 2302 est,
562 2270 655 2294 cum
679 2257 784 2295 aliud
817 2258 956 2310 agitur,
987 2258 1092 2296 aliud
1113 2258 1313 2296 fimulatur
1328 2276 1340 2302 ;
1372 2268 1594 2295 enumerare
1627 2255 1734 2299 licet,

329 2321 471 2373 quibus
493 2322 532 2359 id
553 2322 679 2360 modis
701 2322 766 2360 fiat
782 2341 793 2367 ;
826 2323 963 2361 deinde
983 2325 1023 2362 in
1044 2337 1179 2362 eorum
1197 2323 1369 2376 aliquem
1389 2323 1443 2367 id,
1476 2321 1583 2374 quod
1602 2332 1734 2373 arguas

330 2387 420 2424 dolo
442 2387 544 2425 malo
563 2386 725 2433 factum,
747 2388 943 2427 includere
962 2405 971 2429 :
1005 2390 1108 2443 quod
1138 2403 1259 2444 genus
1280 2389 1498 2442 argumenti
1528 2387 1567 2425 in
1598 2385 1734 2440 primis

331 2452 493 2492 firmum
513 2453 632 2493 videri
653 2453 759 2494 solet.

1247 2523 1433 2595 (ζων-
