2176 2912
366 277 439 329 158
718 272 831 310 DE
910 269 1414 310 ORATORE

362 368 507 409 hortari
542 364 697 405 solebat.
758 365 852 402 Satis
886 363 939 401 est
971 364 1077 401 enim
1109 363 1252 401 caeteris
1285 361 1455 400 artificiis
1489 361 1761 414 percipiendis,

365 432 639 473 tantummodo
671 431 834 469 similem
862 428 933 467 effe
961 428 1146 472 hominis,
1178 438 1216 466 et
1247 429 1300 473 id,
1342 428 1446 479 quod
1481 427 1662 472 tradatur,
1701 426 1764 464 vel

366 500 484 538 etiam
504 497 734 540 inculcetur,
765 496 790 533 s1
823 495 908 546 quis
944 493 1041 531 forte
1066 494 1111 532 fit
1143 493 1296 537 tardior,
1328 493 1428 545 poffe
1458 493 1650 545 percipere
1680 493 1762 529 ani-

367 579 448 609 mo,
470 573 507 601 et
527 562 714 600 memoria
734 560 933 598 custodire.
977 561 1070 598 Non
1092 560 1273 611 quaeritur
1292 559 1488 596 mobilitas
1509 558 1665 610 linguae,
1688 571 1765 595 non

369 630 539 668 celeritas
571 628 789 670 verborum,
824 639 901 663 non
927 624 1090 676 denique
1111 637 1165 668 ea,
1198 638 1283 675 quae
1316 624 1427 661 nobis
1460 636 1537 660 non
1569 620 1767 675 poffumus

371 695 527 746 fingere,
549 691 677 735 facies,
700 691 844 733 vultus,
866 690 991 726 sonuS.
1030 690 1075 726 In
1096 698 1240 725 oratore
1261 697 1390 725 autem
1412 701 1573 724 acumen
1593 687 1766 724 dialecti-

370 773 519 803 corum,
542 757 735 796 sententiae
753 753 1092 806 Philosophorum,
1114 753 1228 790 verba
1243 766 1361 805 prope
1377 762 1592 805 poetarum,
1614 765 1767 790 memo-

371 828 425 868 ria
449 823 825 876 jurisconsultorum,
858 833 932 859 vox
954 819 1229 871 tragoedorum,
1251 819 1375 871 gestus
1404 832 1500 871 pene
1527 818 1770 856 summorum

374 894 545 930 aetorum
565 889 617 926 est
638 886 901 939 requirendus.
935 885 1204 936 Qamobrem
1231 884 1330 922 nihil
1351 885 1390 922 in
1411 883 1621 923 hominum
1634 896 1773 936 genere

374 957 490 996 rarius
511 953 680 1008 perfec‘to
711 962 856 991 oratore
886 951 1050 989 inveniri
1069 951 1204 1003 potest.
1255 952 1354 1002 Qae
1380 952 1501 995 enim,
1537 950 1772 1002 singularum

374 1036 502 1062 rerum
522 1019 682 1058 artifices
703 1018 849 1070 singula
873 1017 899 1055 fi
920 1017 1164 1055 mediocriter
1182 1017 1309 1069 adepti
1329 1016 1429 1060 sunt,
1460 1016 1684 1068 probantur,
1716 1028 1773 1058 ea,

376 1088 443 1127 nisi
465 1087 596 1124 omnia
618 1085 767 1123 summa
784 1083 871 1121 sunt
889 1084 930 1121 in
950 1083 1280 1135 oratore‚-probari
1301 1096 1378 1120 non
1399 1081 1566 1134 poffunt.

432 1155 544 1192 Tum
566 1151 729 1195 Crassus,
762 1150 869 1202 atqui
888 1149 988 1193 vide,
1023 1149 1164 1200 inquit,
1198 1149 1237 1187 in
1258 1147 1419 1186 artificio
1451 1161 1635 1199 perquam
1669 1146 1775 1184 tenui

378 1230 416 1262 et
436 1219 524 1263 levi,
546 1226 691 1270 quanto
710 1216 796 1269 plus
816 1214 1042 1254 adhibeatur
1060 1213 1283 1267 diligentiae,
1300 1227 1418 1266 quam
1433 1214 1474 1250 in
1493 1212 1564 1250 hac
1585 1226 1638 1257 re,
1659 1225 1778 1265 quam

379 1285 524 1329 constat
544 1283 615 1322 effe
635 1283 862 1321 maximam.
909 1283 1011 1334 Saepe
1038 1281 1144 1318 enim
1171 1279 1272 1318 soleo
1302 1279 1430 1317 audire
1452 1278 1652 1323 Roscium,
1687 1291 1780 1315 cum

381 1354 434 1390 ita
453 1352 569 1394 dicat,
606 1350 640 1388 se
667 1347 792 1387 adhuc
824 1348 986 1400 reperire
1019 1346 1267 1399 discipulum,
1297 1359 1416 1399 quem
1450 1345 1610 1398 quidem
1639 1345 1779 1397 proba-

380 1426 452 1461 ret,
475 1415 636 1469 potuiss'e
666 1415 866 1452 neminem
884 1428 893 1451 ε
926 1426 1004 1451 non
1035 1412 1113 1464 quo
1134 1426 1212 1450 non
1232 1411 1347 1450 effent
1367 1411 1527 1464 quidam
1547 1410 1779 1464 probabiles,

383 1483 444 1523 sed
464 1482 568 1535 quia,
590 1482 615 1520 fi
635 1481 783 1533 aliquid
799 1480 918 1519 modo
937 1479 1025 1518 effet
1039 1479 1137 1523 vitii,
1153 1479 1192 1517 id
1208 1477 1304 1517 ferre
1324 1478 1401 1531 ipse
1417 1491 1495 1516 non
1511 1476 1643 1530 poffet.
1665 1475 1783 1514 Nihil

383 1549 437 1587 est
456 1548 562 1586 enirn
582 1556 662 1585 tam
679 1546 838 1599 insigne,
861 1558 931 1583 nec
952 1554 1032 1582 tam
1049 1544 1095 1582 ad
1111 1544 1406 1582 diuturnitatem
1425 1542 1621 1581 memoriae
1636 1540 1782 1585 stabile,

383 1626 503 1665 quam
523 1612 577 1656 id,
599 1612 640 1649 in
660 1624 739 1662 quo
758 1610 905 1662 aliquid
925 1608 1142 1647 offenderis.

442 1679 591 1729 Itaque,
626 1686 669 1714 ut
703 1676 749 1714 ad
769 1674 868 1713 hane
897 1674 1192 1712 fimilitudinem
1223 1673 1339 1726 hujus
1370 1672 1564 1712 histrionis
1583 1671 1788 1710 oratoriam

386 1744 542 1783 laudem
573 1744 798 1796 dirigamus,
832 1740 1030 1785 videtisne,
1061 1754 1180 1793 quam
1210 1740 1310 1779 nihil
1340 1741 1386 1778 ab
1414 1753 1473 1785 eo,
1504 1739 1573 1778 nisi
1607 1738 1787 1792 perfecte,

388 1809 490 1850 nihil
511 1809 579 1848 nifi
599 1822 692 1847 cum
713 1808 863 1846 summa
882 1807 1088 1851 venustate,
1110 1806 1202 1844 fiat?
1234 1804 1334 1845 nihil
1355 1806 1424 1844 nifi
1444 1805 1509 1850 ita,
1528 1815 1572 1843 ut
1591 1805 1735 1849 deceat,
1752 1811 1792 1842 et

390 1877 450 1914 uti
479 1888 614 1914 omnes
647 1882 797 1912 moveat
827 1882 941 1924 atque
972 1872 1164 1910 delectet?
1211 1873 1346 1924 Itaque
1364 1871 1439 1909 hoc
1451 1871 1603 1923 jamdiu
1622 1871 1676 1909 est
1694 1883 1792 1908 con·

390 1942 557 1986 secutus,
581 1950 647 1992 ⁴ut,
679 1941 719 1978 in
740 1954 817 1993 quo
837 1939 997 1991 quisque
1015 1939 1177 1977 artificio
1201 1938 1416 1983 excelleret,
1447 1938 1478 1975 is
1510 1938 1551 1975 in
1572 1937 1637 1976 suo
1655 1948 1794 1989 genere

391 2007 556 2048 Roscius
577 2007 781 2045 diceretur.
827 2007 943 2044 Hanc
964 2018 1034 2057 ego
1054 2005 1348 2049 absolutionem,
1381 2003 1732 2056 perfectionemque
1752 2002 1793 2039 in

391 2082 541 2111 oratore
560 2073 785 2117 defiderans,
821 2086 842 2110 a
872 2084 947 2124 qua
970 2071 1048 2123 ipse
1078 2071 1192 2122 longe
1217 2069 1365 2114 absum,
1403 2068 1503 2107 facio
1532 2068 1791 2121 impudenter.

397 2136 505 2176 Mihi
526 2139 630 2175 enim
662 2137 750 2175 volo
775 2137 936 2189 ignosci,
967 2136 1110 2173 caeteris
1144 2134 1222 2187 ipse
1255 2147 1333 2172 non
1363 2133 1532 2186 ignosco.
1591 2133 1698 2171 Nam
1727 2131 1796 2183 qui

397 2218 477 2243 non
498 2203 631 2256 potest,
663 2204 731 2256 qui
750 2202 882 2240 vitiose
903 2194 1008 2245 facit,
1030 2214 1149 2253 quem
1169 2201 1334 2252 denique
1354 2213 1431 2237 non
1452 2199 1575 2243 decet,
1606 2197 1712 2236 hunc
1735 2198 1798 2249 (ut

397 2270 632 2322 Apollonius
644 2270 658 2320 j
666 2269 823 2320 ubebat)
838 2268 884 2305 ad
897 2267 950 2311 id,
968 2267 1071 2318 quod
1085 2266 1205 2304 facere
1223 2266 1346 2319 possit,
1362 2264 1644 2304 detrudendum
1660 2273 1771 2317 puto.

454 2336 607 2374 XXIX.
631 2335 744 2373 Num
761 2344 802 2372 tu
817 2334 949 2386 igitur,
969 2333 1097 2384 inquit
1111 2333 1317 2385 Sulpicius,
1332 2346 1407 2376 me,
1425 2340 1490 2369 aut
1505 2330 1609 2369 hunc
1624 2331 1798 2374 Cottam,

396 2403 460 2455 -jus
473 2401 599 2445 civile,
617 2409 681 2438 aut
698 2414 778 2438 rem
792 2400 1014 2443 militarem,
1026 2399 1140 2451 jubes
1154 2399 1293 2436 discere
1308 2399 1320 2435 ?
1343 2411 1433 2436 nam
1447 2398 1533 2450 quis
1554 2397 1599 2435 ad
1612 2396 1678 2434 ista
1692 2395 1799 2433 sum-

402 2480 481 2512 ma,
502 2476 616 2518 atque
636 2466 676 2503 in
702 2465 811 2503 omni
831 2478 968 2517 genere
988 2463 1166 2516 perfecta,
1188 2464 1310 2516 potest
1328 2463 1551 2516 pervenire?
1587 2463 1697 2500 Tum
1718 2461 1797 2505 ille,

403 2545 477 2585 ego
496 2545 598 2576 vero,
620 2530 762 2582 inquit,
782 2530 887 2582 quod
905 2530 946 2567 in
961 2529 1070 2567 vobis
1089 2530 1282 2581 egregiam
1300 2518 1492 2581 quandam
1519 2541 1561 2566 ac
1582 2526 1801 2580 praeclaram

400 2599 580 2645 „indolem
613 2597 659 2636 ad
674 2597 887 2650 dicendum
907 2596 978 2635 effe
997 2596 1174 2648 cognovi,
1196 2595 1341 2633 idcirco
1360 2594 1441 2634 haec
1464 2593 1620 2648 exposui
1640 2591 1771 2633 omnia
1786 2609 1798 2636 ς
