2176 2912
412 283 484 322 128
652 282 1552 321 DEINVENTIONE

408 389 564 429 magno,
595 384 659 413 aut
680 376 755 413 fine
776 375 856 413 ullo
876 375 1016 419 labore,
1039 374 1209 427 sumptu,
1241 374 1425 419 molestia,
1444 388 1560 426 quam
1583 374 1799 413 breviffimo

407 452 579 494 tempore
610 441 748 479 confici
783 441 914 493 potest.
975 441 1147 478 Difficile
1167 450 1295 478 autem
1322 440 1432 484 fieri,
1451 440 1554 492 quod
1578 454 1799 492 quanquam

407 508 561 551 laboris,
583 507 771 559 sumptus,
791 507 984 549 molestiae,
1006 506 1297 558 longinquitatis
1317 506 1477 558 indiget,
1493 515 1608 558 atque
1629 516 1692 543 aut
1711 519 1799 543 om-

408 587 488 617 nes,
506 583 570 610 aut
588 573 786 625 plurimas,
805 582 868 609 aut
889 573 1075 610 maximas
1096 572 1220 609 causas
1243 571 1356 609 habet
1372 572 1632 615 diffic·ultatis;
1657 582 1798 615 tamen,
1851 608 1855 610 .

409 639 470 677 his
492 640 669 691 susceptis
700 638 1006 681 difficultatibus,
1038 638 1237 689 compleri,
1269 647 1381 689 atque
1401 638 1447 675 ad
1467 638 1801 690 exitumvperduci

409 705 543 757 potest.
568 705 764 755 Qoniam
785 717 873 755 ergo
893 703 938 740 de
958 702 1163 746 honestate,
1185 694 1222 740 et
1242 703 1287 740 de
1308 703 1473 740 utilitate
1493 703 1678 747 diximus,
1700 716 1803 740 nunc

410 771 534 815 restat,
549 780 591 808 ut
610 771 655 807 de
676 771 721 806 iis
743 769 868 812 rebus,
884 782 974 820 quas
997 767 1056 805 his
1074 769 1273 806 attributas
1293 767 1364 805 effe
1383 768 1621 813 dicebamus,
1644 769 1801 806 necessi-

409 837 542 874 tudine
562 845 600 873 et
618 834 830 878 affectione,
860 833 1151 886 perscribamus.

461 903 590 940 LVII.
615 902 714 939 Puto
735 901 853 952 igitur
872 899 941 937 effe
956 898 1055 938 hanc
1071 899 1397 944 neceffitudinem,
1422 901 1486 938 cui
1507 900 1613 938 nulla
1632 901 1669 938 vi
1689 900 1803 937 refisti

409 968 530 1021 potest
543 986 553 1011 ;
577 981 661 1019 quae
675 979 797 1017 neque
815 966 969 1009 mutari,
984 979 1107 1017 neque
1119 965 1243 1010 leniri,
1261 966 1395 1018 potest.
1420 969 1566 1018 Atque,
1581 975 1622 1004 ut
1638 967 1802 1019 apertius

408 1032 485 1072 hoc
512 1033 569 1077 fit,
599 1032 786 1084 exemplis
807 1031 898 1069 licet
924 1032 1005 1069 vim
1025 1032 1092 1075 rei,
1124 1032 1246 1083 qualis
1273 1040 1311 1070 et
1341 1042 1481 1084 quanta
1512 1033 1568 1077 fit,
1599 1032 1801 1085 cognosca-

411 1113 514 1138 mus.
559 1100 633 1136 Uri
653 1099 752 1151 poss'e
779 1097 934 1135 flamma
959 1097 1127 1149 ligneam
1152 1098 1353 1136 materiam
1383 1098 1524 1136 necesse
1555 1098 1632 1136 est:
1665 1111 1802 1150 corpus

412 1164 574 1202 mortale
594 1164 724 1215 aliquo
745 1172 918 1215 tempore
937 1163 1089 1200 interire
1109 1163 1251 1201 neceffe
1270 1163 1322 1201 est
1339 1179 1347 1201 :
1380 1173 1494 1215 atque
1513 1165 1565 1201 ita
1585 1163 1738 1208 neceffe,
1761 1173 1805 1201 ut

411 1231 468 1268 vis
488 1243 530 1267 ea
559 1229 737 1281 postulat,
773 1242 890 1280 quam
917 1228 1034 1266 modo
1063 1228 1382 1273 describebamus,
1415 1228 1709 1273 neceffitudinis‚
1740 1230 1804 1266 cui

413 1296 518 1334 nulla
547 1296 584 1332 vi
615 1294 728 1332 refisti
758 1294 891 1346 potest,
921 1308 1005 1346 quae
1039 1307 1162 1345 neque
1191 1294 1345 1337 mutari,
1379 1307 1502 1346 neque
1527 1294 1638 1331 leniri
1668 1294 1801 1346 potest.

413 1360 650 1412 Hujusmodi
667 1359 968 1403 neceffitudines,
983 1372 1075 1396 cum
1094 1359 1135 1396 in
1153 1359 1304 1396 dicendi
1325 1360 1484 1396 rationes
1505 1359 1690 1404 incident,
1710 1361 1807 1397 reete

411 1425 697 1464 neceffitudines
729 1424 1034 1476 appellabuntur.
1078 1425 1144 1462 Sin
1174 1424 1310 1476 aliquae
1337 1438 1392 1462 res
1423 1425 1595 1462 incident
1614 1424 1803 1469 difficiles,

409 1493 449 1530 in
471 1491 536 1529 illa
555 1491 749 1543 superiori,
771 1490 931 1542 poflitne
950 1490 1045 1534 fieri,
1068 1490 1272 1542 quaestione
1291 1490 1627 1528 confiderabimus.

466 1564 597 1614 Atque
627 1562 742 1598 etiam
772 1560 847 1598 hoc
876 1560 977 1598 mihi
998 1561 1126 1599 videor
1146 1561 1284 1605 videre,
1313 1562 1386 1599 effe
1411 1561 1592 1613 quasdam
1623 1574 1715 1599 cum
1736 1562 1803 1598 ad-

404 1628 605 1679 junffitione
625 1626 925 1669 neceffitudines,
957 1626 1137 1677 quasdam
1158 1626 1348 1678 simplices
1379 1635 1417 1663 et
1448 1626 1648 1665 absolutas.
1698 1627 1805 1664 Nam

412 1693 520 1730 aliter
539 1692 662 1730 dicere
683 1691 861 1735 solemus,
893 1691 1051 1729 Neceffe
1083 1691 1134 1728 est
1155 1691 1413 1730 Caffilinenses
1446 1692 1480 1729 se
1511 1692 1644 1729 dedere
1678 1692 1804 1730 Anni—

414 1759 487 1796 bali
505 1774 512 1796 :
536 1759 645 1796 aliter
663 1766 806 1802 autem,
822 1756 980 1795 Neceffe
1000 1757 1052 1794 est
1067 1757 1292 1795 Caffilinum
1310 1758 1436 1796 venire
1456 1758 1494 1795 in
1511 1758 1712 1796 Annibalis
1733 1771 1805 1810 po-

412 1825 596 1863 testatem.
647 1824 733 1862 Illic
753 1824 792 1861 in
813 1824 1000 1876 superiore
1020 1823 1076 1874 adj
1085 1825 1213 1861 unffio
1243 1824 1294 1861 est
1314 1823 1410 1869 haec,
1443 1824 1526 1862 Nifi
1547 1824 1684 1861 malint
1704 1823 1807 1861 fame

412 1892 533 1943 perire
548 1906 556 1929 :
580 1891 604 1928 fi
621 1891 726 1928 enirn
743 1890 782 1928 id
798 1890 961 1934 malunt,
981 1904 1055 1927 non
1070 1890 1121 1927 est
1135 1889 1289 1928 neceffe.
1324 1891 1414 1928 Hoc
1428 1890 1585 1928 inferius
1605 1904 1681 1928 non
1696 1890 1805 1932 item,

413 1966 610 2009 propterea
640 1956 744 2008 quod
771 1957 842 1994 five
874 1956 993 1993 velint
1030 1955 1290 1994 Caffilinenses
1320 1956 1354 1993 se
1380 1956 1528 2001 dedere,
1560 1957 1631 1994 five
1662 1955 1806 1994 famem

413 2023 570 2074 perpeti,
607 2032 720 2074 atque
740 2023 790 2059 ita
813 2022 945 2074 perire,
977 2021 1119 2059 neceffe
1139 2021 1191 2059 est
1211 2022 1438 2059 Caffilinum
1464 2022 1592 2059 venire
1612 2023 1651 2060 in
1674 2022 1802 2059 Anni-

413 2088 507 2125 balis
528 2088 764 2140 potestatem.
815 2088 922 2139 Qid
942 2088 1060 2139 igitur
1080 2087 1256 2139 perficere
1282 2087 1403 2139 potest
1424 2086 1504 2124 haec
1525 2087 1806 2124 neceffitudinis

413 2153 656 2191 distributio?
678 2155 800 2205 Prope
821 2154 961 2196 dicam,
983 2153 1212 2204 plurimum,
1235 2166 1326 2189 cum
1347 2153 1376 2189 is
1399 2152 1505 2190 locus
1528 2151 1807 2190 neceffitudinis

413 2219 604 2256 videbitur
620 2220 824 2256 incurrere.
856 2219 962 2256 Nam
980 2231 1071 2255 cum
1089 2217 1248 2269 simplex
1266 2218 1335 2256 erit
1354 2217 1599 2261 neceffitudo,
1619 2216 1717 2254 nihil
1737 2219 1807 2255 erit

413 2284 516 2335 quod
548 2285 670 2321 multa
703 2284 890 2327 dicamus,
921 2296 1013 2320 cum
1042 2296 1126 2321 eam
1161 2283 1266 2320 nulla
1297 2283 1441 2320 ratione
1473 2283 1588 2320 lenire
1610 2283 1805 2335 poffimus.

415 2349 517 2386 Cum
540 2359 667 2386 autem
689 2349 741 2387 ita
761 2348 900 2386 neceffe
921 2348 1005 2392 erit,
1038 2358 1079 2386 ut
1103 2348 1248 2400 aliquid
1271 2347 1450 2401 effugere,
1482 2357 1546 2386 aut
1566 2348 1721 2400 adipisci
1742 2362 1807 2386 ve—

414 2414 546 2458 limus,
570 2425 654 2452 tum
675 2415 868 2466 adjunftio
890 2414 966 2458 illa,
989 2414 1082 2466 quid
1103 2412 1240 2451 habeat
1258 2414 1448 2458 utilitatis,
1470 2423 1534 2452 aut
1555 2414 1649 2466 quid
1670 2414 1807 2453 hones-

415 2480 516 2523 tatis,
548 2480 618 2517 erit
657 2479 983 2517 confiderandum.
1035 2480 1139 2517 Nam
1169 2480 1193 2518 si
1215 2479 1307 2517 velis
1342 2480 1547 2524 attendere,
1579 2480 1631 2518 ita
1665 2490 1807 2526 tamen,

416 2554 457 2581 ut
478 2544 516 2581 id
537 2557 694 2596 quaeras,
717 2545 820 2596 quod
841 2545 1040 2582 conveniat
1060 2545 1105 2582 ad
1127 2545 1237 2583 usum
1258 2545 1448 2589 civitatis;
1481 2546 1640 2597 reperias
1661 2545 1809 2584 nullam

414 2609 484 2647 effe
505 2623 599 2654 rem,
636 2624 753 2663 quam
772 2609 895 2649 facere
916 2610 1056 2649 neceffe
1076 2610 1134 2655 sit,
1166 2611 1232 2650 nifi
1259 2620 1414 2664 propter
1448 2612 1617 2665 aliquam
1643 2611 1806 2658 causam,
