2176 2912
534 207 855 247 L113ER
930 208 1346 250 PRIMUS.
1577 227 1648 267 145

244 304 285 341 in
315 314 360 340 eo
390 299 485 353 ipso,
516 299 622 352 quod
646 307 777 338 ornate
808 298 973 344 dicebat,
1006 300 1216 340 Medicinae
1242 301 1423 340 facultate
1456 306 1648 351 utebatur,

244 382 323 407 non
341 366 584 418 eloquentiae.
608 366 741 418 Atque
758 364 857 403 illud
873 365 924 403 est
941 367 1194 418 probabilius,
1214 381 1338 420 neque
1355 377 1482 407 tamen
1499 385 1647 416 verum,

245 431 349 486 quod
381 433 549 469 Socrates
584 430 711 469 dicere
742 429 899 475 solebat,
931 444 1065 469 omnes
1086 431 1126 470 in
1147 445 1205 476 eo,
1243 432 1348 484 quod
1380 433 1532 478 scirent,
1564 435 1649 473 satis

242 498 313 537 effe
338 497 577 550 eloquentes.
621 496 726 535 Illud
746 496 887 542 verius,
924 510 1050 550 neque
1070 511 1310 551 quemquam
1341 499 1381 537 in
1402 513 1446 537 eo
1467 500 1650 539 disertum

243 565 315 603 effe
335 563 449 617 poffe,
471 564 577 617 quod
597 563 737 602 nesciat
753 582 764 608 余
797 577 935 616 neque,
958 564 983 602 fi
1005 564 1044 602 id
1065 565 1214 618 optime
1235 565 1340 611 sciat,
1362 566 1590 618 ignarusque
1607 569 1650 605 fit

242 630 432 670 faciundae
459 644 501 669 ac
533 630 723 684 poliendae
753 630 951 676 orationis,
987 631 1122 670 diserte
1142 632 1182 670 id
1203 632 1329 685 ipsum
1359 632 1473 686 posse,
1505 633 1552 671 de
1572 648 1650 686 quo

246 697 351 742 sciat,
373 697 513 736 dicere.

300 763 392 801 XV.
416 763 684 815 Qamobrem
705 763 731 801 fi
751 763 838 815 quis
860 763 1087 808 universam,
1118 773 1155 802 et
1175 766 1370 818 propriam
1391 766 1548 803 oratoris
1569 766 1650 803 vim

245 828 402 867 definire
422 829 708 882 complectique
727 829 835 873 vult余
859 829 889 866 is
909 838 1035 867 orator
1054 830 1139 874 erit,
1160 831 1244 868 mea
1264 830 1461 874 sententia,
1479 830 1554 869 hoc
1572 840 1651 869 tam

245 896 352 948 gravi
372 895 512 947 dignus
534 895 706 939 nomine,
725 895 808 946 qui,
826 908 1084 947 quaecumque
1105 910 1160 934 res
1182 897 1374 941 inciderit,
1397 911 1482 949 quae
1502 897 1547 935 fit
1566 898 1650 935 dic-

245 961 350 998 tione
370 960 609 1012 explicanda,
629 960 848 1012 prudenter,
880 969 917 998 et
936 961 1160 1014 composite,
1182 971 1219 1000 et
1238 973 1383 1007 ornate,
1405 972 1443 1000 et
1464 963 1650 1001 memori-

244 1036 302 1064 ter
321 1026 437 1070 dicat,
468 1040 561 1064 cum
582 1026 748 1079 quadam
768 1027 886 1064 etiam
905 1028 1063 1066 actionis
1082 1027 1281 1081 dignitate.

300 1093 366 1130 Sin
386 1092 557 1144 cuipiam
578 1093 696 1130 nimis
718 1092 919 1131 infinitum
943 1093 1107 1138 videtur,
1138 1095 1243 1146 quod
1263 1095 1316 1131 ita
1336 1094 1528 1147 proposui,
1560 1110 1650 1148 qua-

244 1172 389 1211 cumque
407 1158 447 1196 de
466 1173 518 1203 re,
550 1158 642 1196 licet
661 1157 769 1202 hinc,
791 1168 982 1210 quantum
1002 1160 1144 1212 cuique
1164 1160 1371 1204 videbitur,
1399 1160 1652 1198 circumcidat

249 1233 365 1276 atque
385 1232 588 1276 amputet:
622 1233 750 1262 tamen
771 1224 869 1262 illud
901 1225 1052 1270 tenebo,
1084 1226 1124 1270 si,
1157 1240 1240 1278 quae
1261 1227 1403 1264 caeteris
1435 1227 1473 1263 in
1507 1226 1651 1264 artibus

245 1299 310 1328 aut
343 1289 474 1327 studiis
507 1290 573 1327 fita
603 1289 703 1334 sunt,
735 1299 860 1327 orator
881 1290 1045 1342 ignoret,
1070 1300 1299 1344 tantumque
1328 1306 1370 1329 ea
1399 1301 1536 1337 teneat,
1569 1306 1652 1344 quae

247 1356 320 1393 sint
341 1355 381 1392 in
402 1355 757 1407 disceptationibus,
789 1364 854 1393 aut
884 1357 925 1394 in
947 1355 1015 1393 usu
1035 1356 1172 1394 forenfi
1191 1375 1201 1401 余
1235 1367 1361 1395 tamen
1385 1356 1446 1395 his
1474 1358 1519 1395 de
1541 1358 1651 1395 rebus

246 1422 334 1474 ipsis
353 1421 380 1459 fi
401 1421 445 1460 fit
467 1422 502 1459 ei
523 1422 748 1466 dicendum,
781 1435 873 1460 cum
905 1424 1128 1474 cognoverit
1159 1423 1205 1461 ab
1226 1424 1286 1468 iis,
1319 1424 1386 1476 qui
1408 1433 1538 1461 tenent
1568 1437 1653 1475 qua:

246 1487 320 1526 fint
339 1487 381 1525 in
396 1501 549 1540 quaque
567 1501 629 1532 re,
654 1488 780 1526 multo
797 1496 987 1526 oratorem
1004 1488 1158 1533 melius,
1177 1503 1295 1540 quam
1316 1489 1414 1542 ipsos
1431 1489 1533 1533 illos,
1552 1503 1651 1541 quo-

248 1567 336 1592 rum
357 1567 409 1591 eae
430 1553 517 1591 sunt
537 1562 647 1599 artes,
679 1553 750 1591 effe
770 1553 980 1592 dicturum.
1029 1555 1085 1591 Ita
1106 1555 1131 1592 fi
1148 1555 1194 1592 de
1210 1568 1248 1592 re
1263 1554 1423 1592 militari
1444 1555 1653 1593 dicendum

245 1619 340 1658 huic
361 1620 432 1658 erit
454 1620 641 1672 Sulpicio,
664 1629 807 1672 quaeret
827 1634 847 1657 a
869 1621 917 1658 C.
936 1621 1065 1658 Mario
1082 1621 1185 1659 affini
1203 1621 1343 1665 nostro,
1361 1630 1412 1665 et,
1430 1635 1522 1659 cum
1543 1635 1652 1660 acce-

245 1685 357 1737 perit,
389 1686 441 1723 ita
460 1685 742 1738 pronuntiabit,
767 1694 809 1723 ut
831 1685 899 1738 ipfi
922 1687 969 1723 C.
995 1686 1124 1724 Mario
1146 1700 1241 1738 pene
1261 1685 1326 1724 hic
1348 1686 1502 1730 melius,
1535 1693 1652 1739 quam

246 1750 325 1803 ipse
345 1751 410 1789 ille
430 1751 535 1795 scire,
558 1752 744 1791 videatur.
777 1752 841 1789 Sin
859 1751 904 1789 de
919 1752 1005 1803 jure
1025 1752 1155 1797 civili,
1179 1762 1310 1791 tecum
1329 1753 1650 1797 communicabit,

247 1825 363 1867 teque
397 1815 601 1854 homine-m
621 1817 958 1869 prudentissimum
990 1827 1027 1855 et
1057 1819 1326 1870 peritissimum
1349 1820 1388 1856 in
1420 1819 1464 1856 iis
1487 1819 1571 1872 ipfis
1593 1832 1652 1856 re-

248 1883 335 1927 bus,
354 1896 446 1934 quas
468 1882 532 1919 abs
555 1891 591 1919 te
611 1883 802 1925 didicerit,
819 1883 970 1920 dicendi
991 1893 1068 1921 arte
1085 1884 1288 1936 superabit.
1322 1886 1386 1922 Sin
1408 1899 1492 1937 quae
1514 1898 1569 1922 res
1590 1885 1652 1922 in-

248 1948 400 1993 ciderit,
433 1949 471 1985 in
493 1962 569 2000 qua
600 1949 645 1985 de
666 1958 811 1993 natura,
843 1949 889 1985 de
908 1949 1010 1986 vitiis
1038 1948 1261 1994 hominum,
1293 1951 1338 1988 de
1359 1952 1650 2003 cupiditatibus,

249 2014 296 2051 de
326 2015 458 2058 modo,
490 2015 536 2051 de
563 2015 812 2059 continentia,
845 2015 890 2051 de
926 2015 1068 2059 dolore,
1101 2016 1147 2053 de
1181 2026 1305 2054 morte
1339 2017 1545 2054 dicendum
1579 2017 1622 2054 sit
1640 2035 1649 2060 余

252 2079 421 2125 forsitan,
446 2081 470 2118 si
490 2081 525 2117 ei
544 2080 587 2118 sit
604 2081 741 2125 visum,
767 2081 847 2131 (etfi
869 2080 950 2118 haec
972 2082 1130 2132 quidem
1152 2082 1251 2120 noffc
1269 2082 1379 2120 debet
1400 2084 1541 2133 orator)
1560 2097 1651 2120 cum

249 2148 333 2184 Sex.
385 2147 585 2199 PompeiO,
617 2147 767 2184 erudito
796 2146 955 2185 homine
975 2149 1014 2184 in
1036 2147 1298 2200 Philosophia,
1327 2149 1649 2186 communicabit.

251 2212 342 2249 Hoc
363 2211 534 2264 profesto
563 2213 717 2257 efficiet,
755 2222 797 2250 ut
818 2227 1107 2265 quamcumque
1139 2228 1219 2251 rem
1247 2228 1267 2251 a
1287 2228 1441 2266 quoque
1461 2214 1650 2266 cognorit,

250 2278 296 2314 de
317 2291 358 2314 ea
379 2278 505 2315 multo
536 2278 637 2316 dicat
657 2280 840 2323 ornatius,
877 2293 993 2330 quam
1015 2280 1080 2317 ille
1101 2280 1191 2332 ipse,
1226 2282 1325 2318 unde
1346 2281 1535 2332 cognorit.
1583 2280 1653 2318 Sed

252 2342 277 2379 fi
300 2356 361 2379 me
381 2343 556 2387 audierit,
579 2344 762 2395 quoniam
795 2343 1041 2396 Philosophia
1061 2345 1099 2382 in
1123 2355 1194 2382 tres
1217 2355 1337 2397 partes
1359 2346 1410 2382 est
1439 2345 1649 2388 distributa,

253 2408 291 2445 in
314 2417 456 2445 naturae
476 2408 761 2454 obscuritatem,
775 2410 816 2447 in
837 2409 1034 2448 differendi
1055 2410 1321 2455 subtilitatem,
1344 2411 1382 2448 in
1405 2411 1522 2447 vitam
1539 2420 1650 2461 atque

253 2486 405 2518 mores,
438 2474 514 2511 duo
549 2474 614 2511 illa
649 2476 925 2527 relinquamus,
958 2476 1074 2528 idque
1094 2477 1300 2529 largiamur
1321 2477 1463 2513 inertiae
1495 2477 1647 2513 nostrae:

252 2539 410 2576 tertium
445 2553 544 2585 vero,
576 2541 679 2592 quod
712 2541 858 2595 semper
888 2542 1045 2579 oratoris
1077 2541 1166 2587 fuit,
1199 2543 1264 2580 nifi
1290 2542 1518 2583 tenebimus,
1552 2538 1648 2576 nihil

310 2605 510 2644 T0M.1.
1090 2609 1128 2645 T
