2176 2912
741 186 1270 226 ORATOR,
1631 208 1707 246 441

356 278 508 316 XXVI.
536 277 645 316 Huic
664 279 796 329 generi
814 278 1000 316 orationis
1022 279 1294 333 adspergentur
1309 282 1425 320 etiam
1446 284 1549 329 sales,
1582 287 1651 338 qui
1671 287 1711 326 in

304 343 468 382 dicendo
484 344 631 382 mirum
647 354 839 395 quantum
859 344 987 382 valent
999 363 1011 390 ;
1034 360 1202 398 quorum
1218 347 1295 385 duo
1315 362 1450 400 genera
1470 350 1570 396 sunt,
1586 367 1709 391 unum

302 409 540 454 facetiarum,
571 409 737 448 alterum
770 411 998 449 dicacitatis.
1060 413 1203 450 Utetur
1225 424 1412 465 utroque3
1445 415 1506 453 sed
1527 416 1643 455 altero
1670 418 1709 455 in

300 475 486 513 narrando
517 475 664 527 aliquid
696 477 863 521 venuste,
894 477 1013 515 altero
1034 477 1074 515 in
1100 479 1293 529 jaciendo,
1326 481 1594 533 mittendoque
1616 484 1709 520 ridi-

301 540 417 579 culo:
450 541 560 593 cujus
581 555 718 594 genera
736 542 847 595 plura
867 542 977 587 sunt;
1010 543 1073 581 sed
1094 558 1197 582 nunc
1218 545 1323 583 aliud
1343 546 1508 598 agimus.

357 607 463 645 Illud
493 607 747 646 admonemus
780 618 923 653 tamen,
955 609 1120 649 ridiculo
1151 611 1202 648 fic
1234 611 1391 650 usurum
1422 622 1625 658 oratorem,
1670 624 1711 652 ut

302 685 373 710 nec
405 673 523 711 nimis
558 672 766 726 frequenti,
807 688 855 712 ne
886 674 1040 713 scurrile
1067 675 1138 721 fit,
1171 690 1241 714 nec
1273 677 1532 723 subobstaeuo,
1564 693 1612 717 ne
1631 680 1709 718 mi-

303 740 480 784 micum;
513 753 584 777 nec
603 740 809 792 petulanti,
840 755 887 779 ne
907 741 1164 795 improbum;
1196 757 1267 781 nec
1298 744 1338 782 in
1359 744 1632 791 calamitatem,
1664 759 1712 784 ne

303 803 589 850 inhumanum3
622 806 752 843 necin
773 805 937 852 facinus,
968 821 1016 845 ne
1043 808 1121 846 odii
1152 809 1284 847 locum
1306 809 1399 848 risus
1418 820 1609 864 occupet3
1641 825 1710 849 ne-

303 884 379 923 que
407 880 473 909 aut
491 871 555 909 sua
579 871 749 923 persona,
781 882 846 910 aut
873 874 1070 925 judicum,
1101 884 1165 912 aut
1187 884 1359 928 tempore
1381 877 1566 915 alienum.
1613 878 1712 916 Haec

302 937 410 975 enim
429 936 476 974 ad
496 936 594 974 illud
615 937 844 976 indecorum
861 938 1092 978 referuntur.
1135 941 1288 979 Vitabit
1306 942 1423 980 etiam
1445 943 1611 995 quaefita,
1642 957 1712 982 nec

302 1014 352 1040 ex
371 1011 547 1056 tempore
567 1001 667 1048 sista,
699 1003 762 1042 sed
783 1004 900 1043 domo
920 1004 1031 1043 allata
1043 1023 1055 1050 ς
1087 1019 1173 1058 quae
1194 1006 1424 1060 plerumque
1444 1008 1531 1046 sunt
1557 1008 1709 1061 frigida.

303 1068 436 1106 Parcet
467 1077 506 1105 et
530 1068 725 1114 amicitiis,
757 1078 795 1107 et
826 1070 1107 1122 dignitatibus:
1146 1073 1284 1110 vitabit
1316 1073 1540 1112 insanabiles
1571 1084 1711 1113 contu-

303 1134 465 1172 melias:
499 1135 770 1173 tantummodo
801 1136 1027 1175 adversarios
1059 1137 1166 1190 figet,
1198 1152 1268 1176 nec
1302 1153 1365 1177 eos
1402 1149 1530 1178 tamen
1551 1140 1711 1194 semper,

303 1213 374 1238 nec
409 1213 558 1245 omnes,
589 1214 659 1239 nec
690 1202 798 1240 omni
831 1203 963 1241 modo.
1024 1204 1180 1256 Qibus
1211 1206 1382 1258 exceptis
1402 1206 1452 1244 fic
1484 1216 1615 1246 utetur
1640 1207 1714 1245 sale

302 1275 341 1304 et
359 1266 523 1312 facetiis,
547 1276 590 1305 ut
609 1281 681 1321 ego
701 1282 747 1307 ex
768 1269 846 1307 istis
878 1270 987 1308 novis
1008 1271 1152 1309 Atticis
1178 1271 1296 1310 talem
1316 1273 1564 1326 cognoverim
1584 1274 1713 1313 nemi-

304 1347 409 1378 nem,
431 1347 524 1372 cum
544 1334 584 1372 id
605 1344 706 1372 certe
726 1335 771 1373 fit
791 1336 850 1374 vel
872 1337 1041 1375 maxime
1062 1338 1257 1376 Atticum.

358 1401 475 1439 Hanc
495 1414 566 1453 ego
580 1401 716 1453 judico
735 1401 903 1440 formam
924 1403 1110 1442 summiffi
1131 1405 1301 1449 oratoris,
1333 1405 1393 1443 sed
1416 1406 1547 1459 magni
1568 1416 1711 1452 tamen,

303 1473 342 1503 et
360 1467 704 1519 germanivAttici5
737 1469 937 1520 quoniam,
960 1470 1152 1522 quidquid
1171 1470 1223 1508 est
1243 1471 1395 1517 salsum,
1421 1482 1486 1510 aut
1506 1472 1652 1510 salubre
1673 1474 1713 1510 in

302 1533 487 1577 oratione,
519 1533 559 1570 id
579 1534 784 1586 proprium
803 1536 1030 1573 Atticorum
1050 1535 1115 1574 est.
1154 1537 1187 1573 E
1209 1537 1351 1588 quibus
1375 1547 1503 1575 tamen
1524 1552 1601 1576 non
1623 1553 1713 1577 om-

303 1612 368 1637 nes
389 1597 518 1637 faceti.
569 1600 698 1652 Lyfias
719 1600 820 1646 satis,
853 1611 890 1639 et
911 1602 1130 1654 Hyperides
1150 1618 1158 1641 ε
1192 1604 1383 1642 Demades
1404 1613 1539 1657 praeter
1558 1615 1712 1644 caeteros

304 1663 453 1703 fertur:
487 1665 767 1705 Demosthenes
803 1668 933 1705 minus
965 1667 1153 1714 habetur,
1185 1683 1264 1721 quo
1295 1671 1454 1722 quidem
1485 1670 1585 1708 mihi
1612 1671 1712 1709 nihil

303 1730 455 1768 videtur
485 1731 681 1776 urbanius,
714 1732 775 1770 sed
809 1747 887 1771 non
920 1744 999 1772 tam
1031 1735 1141 1772 dicax
1162 1735 1252 1780 fuit,
1285 1750 1403 1789 quam
1424 1735 1584 1775 facetus.
1645 1737 1714 1776 Est

304 1804 434 1833 autem
455 1796 552 1833 illud
572 1797 726 1834 acrioris
747 1798 907 1850 ingenii,
939 1798 1014 1837 hoc
1035 1801 1188 1852 majoris
1209 1803 1313 1840 artis.

360 1861 531 1900 Uberius
552 1861 604 1899 est
624 1862 741 1907 aliud,
772 1863 1047 1917 aliquantoque
1069 1866 1273 1912 robustius,
1305 1882 1422 1920 quam
1449 1868 1524 1907 hoc
1545 1867 1710 1914 humile,

304 1927 351 1966 de
371 1941 450 1980 quo
471 1928 619 1966 dietum
638 1928 718 1973 est,
751 1929 983 1968 summiffius
1012 1941 1155 1976 autem,
1188 1946 1305 1984 quam
1327 1934 1438 1978 illud,
1471 1935 1516 1971 de
1537 1948 1614 1986 quo
1629 1936 1713 1986 jam

306 1994 469 2038 dicetur,
501 1995 792 2048 amplifiimum.
839 1997 930 2035 Hoc
954 1998 991 2034 in
1011 2011 1161 2050 genere,
1180 2012 1383 2037 nervorum
1403 2000 1461 2037 vel
1484 2001 1711 2047 minimum,

295 2060 498 2099 *suavitatis
519 2072 647 2100 autem
669 2062 722 2100 est
742 2063 799 2100 vel
822 2064 1051 2115 plurimum.
1103 2065 1169 2103 Est
1189 2066 1295 2103 enim
1314 2066 1479 2118 plenius,
1502 2081 1619 2119 quam
1637 2067 1712 2106 hoc

306 2127 553 2166 enucleatum
569 2147 580 2173 5
613 2142 730 2180 quam
767 2140 896 2167 autem
929 2131 1025 2169 illud
1052 2141 1245 2176 ornatum,
1277 2132 1568 2186 copiosumque,
1604 2134 1710 2172 sum-

309 2191 468 2230 miffius.

362 2258 536 2296 XXVII.
569 2258 678 2297 Huic
712 2261 843 2298 omnia
873 2261 1024 2300 dicendi
1057 2273 1279 2302 ornamenta
1299 2265 1550 2310 conveniunt,
1586 2265 1710 2317 pluri-

308 2337 498 2376 mumque
515 2324 580 2369 est,
614 2326 654 2363 in
674 2325 746 2364 hac
773 2328 951 2366 orationis
973 2329 1111 2374 forma,
1143 2330 1347 2369 suavitatis.
1410 2332 1453 2369 In
1489 2345 1564 2383 qua
1594 2330 1711 2368 multi

309 2388 519 2427 floruerunt
550 2391 650 2442 apud
672 2392 855 2431 Graecos:
888 2394 948 2432 sed
971 2394 1174 2433 Phalereus
1199 2397 1421 2434 Demetrius
1454 2410 1540 2434 meo
1560 2396 1711 2447 judicio

308 2455 481 2508 praestitit
502 2456 674 2502 caeteri83
706 2459 815 2510 cujus
836 2461 956 2498 oratio
989 2475 1081 2498 cum
1107 2461 1244 2507 sedate,
1276 2463 1501 2515 placideque
1523 2461 1709 2512 loquitur,

311 2530 397 2560 tum
422 2522 611 2561 illustrant
631 2537 728 2570 eam,
759 2525 862 2578 quasi
883 2526 996 2565 stellae
1027 2527 1217 2580 quaedam,
1249 2528 1420 2566 transsata
1440 2527 1566 2573 verba,
1597 2535 1712 2579 atque

422 2590 558 2629 ΤοΜ.
590 2590 623 2630 Ι.
1283 2595 1321 2632 K
1340 2593 1364 2631 k
1387 2593 1413 2630 k
