2176 2912
467 227 548 268 450
909 216 1438 256 ORATOR.

470 308 634 352 minute,
653 320 722 346 nec
742 307 838 346 item
854 307 1001 354 contra,
1019 309 1080 348 sed
1100 311 1171 349 erit
1189 310 1300 348 rebus
1317 309 1404 363 ipfis
1421 323 1487 362 par
1506 316 1544 347 et
1563 307 1718 361 aequalis
1735 308 1875 347 cratia..

470 375 664 426 Principia
683 375 909 420 verecunda,
941 390 1018 414 non
1039 376 1145 414 elatis
1167 375 1312 415 intensa
1331 377 1470 421 verbis,
1502 375 1563 414 sed
1589 384 1700 414 acuta
1719 375 1873 413 senten-

469 440 547 485 tiis,
581 441 641 478 vel
667 440 713 478 ad
732 440 981 480 offenfionem
1001 442 1211 487 adversarii,
1242 443 1302 480 vel
1332 443 1379 480 ad
1399 442 1778 480 commendationem
1799 440 1873 479 sui.

469 506 714 545 Narrationes
746 508 962 553 credibiles,
998 522 1068 546 nec
1088 508 1283 553 historico,
1315 509 1375 546 sed
1405 522 1523 561 prope
1549 507 1774 561 quotidiano
1794 506 1872 545 ser·
1902 551 1905 553 .

469 587 585 612 mone
605 574 802 627 explicatae
822 575 1005 614 dilucide.
1038 576 1141 613 Dein
1162 576 1188 613 fi
1206 584 1338 613 tenues
1359 575 1491 620 causae,
1513 584 1599 613 turn
1619 575 1736 613 etiam
1755 587 1872 627 argu·

469 640 666 678 mentandi
687 649 800 678 tenue
820 640 933 678 filum
953 649 990 678 et
1010 641 1050 678 in
1071 641 1259 685 docendo,
1287 649 1324 678 et
1351 641 1392 678 in
1413 639 1622 678 refellendo
1637 659 1649 685 3
1684 640 1801 692 idque
1820 640 1875 678 ita

469 706 674 751 tenebitur,
698 714 754 750 ut,
776 715 917 757 quanta
935 706 981 744 ad
1002 719 1098 751 rem,
1120 715 1224 744 tanta
1242 706 1288 744 ad
1308 706 1536 751 orationem,
1558 705 1624 744 fiat
1644 705 1814 744 acceffio.

525 773 629 810 Cum
662 784 751 809 vero
785 771 893 809 causa
925 785 967 809 ea
997 772 1189 817 inciderit,
1220 773 1259 810 in
1297 786 1373 825 qua
1406 773 1462 810 vis
1496 772 1726 825 eloquentiae
1758 770 1873 824 poffit

466 837 668 889 expromi3
701 845 786 875 tum
810 836 845 874 se
863 836 977 875 latius
997 836 1135 876 fundet
1165 847 1304 883 orator,
1337 847 1421 876 tum
1443 847 1547 891 reget
1577 846 1615 876 et
1641 837 1766 875 flectet
1784 837 1873 875 ani-

467 917 565 948 mos,
596 913 634 941 et
664 903 714 941 fic
747 903 902 948 afficiet,
933 912 978 942 ut
1009 904 1125 948 volet,
1158 904 1196 942 id
1227 905 1292 949 est,
1335 914 1378 942 ut
1411 905 1528 943 causae
1558 913 1705 949 natura,
1736 912 1776 942 et
1810 917 1871 941 ra-

466 970 522 1007 tio
542 970 727 1022 temporis
754 969 975 1022 postulabit.
1037 971 1107 1008 Sed
1127 971 1198 1008 erit
1218 971 1363 1024 duplex
1380 972 1507 1009 omnis
1528 972 1607 1023 ejus
1629 979 1784 1008 ornatus
1803 969 1871 1007 ille

465 1036 717 1080 admirabilis,
762 1046 916 1089 propter
949 1050 1068 1088 quem
1102 1036 1267 1075 ascendit
1308 1038 1350 1075 in
1380 1046 1532 1075 tantum
1562 1036 1752 1075 honorem
1786 1035 1868 1074 elo·-

466 1102 637 1154 quentia.
697 1102 804 1140 Nam
835 1115 928 1140 cum
949 1104 1077 1140 omnis
1108 1117 1190 1155 pars
1211 1103 1392 1141 orationis
1420 1103 1490 1141 effe
1510 1103 1623 1141 debet
1648 1102 1870 1147 laudabilis,

465 1168 515 1206 fic
536 1177 578 1206 ut
598 1168 760 1206 verbum
781 1168 950 1213 nullum,
981 1168 1050 1206 nisi
1070 1178 1135 1206 aut
1154 1183 1278 1221 grave,
1310 1178 1375 1207 aut
1405 1170 1555 1222 elegans
1576 1169 1726 1207 excidat
1738 1186 1749 1214 3
1782 1177 1874 1206 tum»

464 1234 551 1272 sunt
571 1234 740 1272 maxime
770 1234 983 1280 luminosae,
1014 1244 1052 1273 et
1086 1236 1188 1288 quasi
1218 1236 1374 1274 aetuosae
1397 1245 1520 1288 partes
1555 1236 1669 1274 duae:
1702 1248 1873 1288 quarum-

466 1301 624 1338 alteram
659 1300 699 1339 in
736 1301 897 1339 univerfi
933 1302 1080 1354 generis
1112 1302 1317 1355 quaestione
1353 1316 1469 1355 pono,
1501 1316 1618 1355 quam
1663 1302 1726 1354 (ut
1758 1301 1873 1354 supra.

464 1366 563 1419 dixi)
597 1367 724 1405 Graeci
758 1367 952 1420 appellant
986 1369 1058 1408 Θέων
1077 1387 1089 1413 5
1121 1368 1279 1407 alteram
1312 1369 1353 1407 in
1388 1369 1585 1421 augendis,
1622 1368 1867 1421 amplifican-

465 1432 598 1485 disque
632 1432 760 1478 rebus,
792 1447 876 1485 quae
896 1434 943 1471 ab
974 1433 1116 1472 eisdem
1147 1436 1268 1486 αὖξηστς
1301 1435 1353 1472 est
1383 1435 1593 1474 nominata.
1655 1436 1767 1488 Qae,
1800 1435 1866 1473 etfi

463 1499 702 1551 aequabiliter
737 1508 819 1537 toto
858 1514 1017 1553 corpore
1055 1501 1236 1538 orationis
1267 1500 1348 1540 fusa
1387 1501 1457 1539 effe
1489 1502 1614 1547 debet,
1657 1510 1795 1539 tamen*
1825 1502 1873 1540 in›

463 1565 740 1603 communibus
772 1565 866 1602 locis
899 1566 1068 1603 maxime
1088 1566 1249 1604 excellet
1266 1585 1277 1610 3
1310 1567 1379 1618 qui
1412 1581 1639 1605 communes
1671 1567 1865 1619 appellati,

462 1630 567 1683 quod
587 1630 765 1667 videntur
783 1630 995 1668 multarum
1016 1630 1133 1668 iidem
1154 1630 1224 1668 esse
1244 1631 1455 1676 causarum,
1486 1631 1547 1669 sed
1567 1633 1712 1684 proprii
1733 1632 1868 1685 fingu-

461 1697 641 1750 gularum
661 1696 732 1734 effe
753 1696 961 1735 debebunt.
1021 1698 1081 1735 Ac
1103 1711 1189 1735 vero
1210 1697 1276 1735 illa
1303 1712 1388 1750 pars
1414 1699 1609 1743 orationis,
1641 1713 1727 1751 quae
1747 1699 1799 1736 est
1819 1699 1866 1737 de

461 1777 599 1816 genere
620 1762 806 1808 universo,
838 1772 934 1801 totas
955 1763 1080 1801 causas
1102 1763 1196 1816 saepe
1216 1764 1403 1802 continet.
1454 1764 1660 1817 Qidquid
1685 1765 1739 1802 'est
1758 1765 1871 1803 enirn:

461 1830 573 1875 illud,
623 1830 663 1866 in
702 1843 780 1881 quo
815 1829 916 1881 quafi
950 1838 1143 1867 certamen
1182 1829 1235 1867 est
1265 1831 1549 1875 controverfiae,
1592 1831 1697 1883 quod
1732 1832 1869 1870 Graece

460 1898 628 1950 κρινόμενεν
658 1895 814 1940 dicitur,
845 1896 885 1933 id
916 1896 968 1933 ita
988 1895 1065 1934 dici
1096 1896 1235 1949 placet,
1268 1906 1310 1935 ut
1338 1897 1556 1935 traducatur
1575 1897 1621 1935 ad
1640 1906 1864 1950 perpetuam

461 1961 724 2013 quaestionem,
755 1972 870 2015 atque
903 1971 946 2000 ut
976 1963 1023 2001 de
1049 1963 1223 2002 universo
1243 1977 1381 2016 genere
1400 1964 1577 2002 dicatur:
1609 1964 1678 2002 nisi
1698 1977 1790 2001 cum
1819 1964 1866 2001 de

461 2041 548 2066 vero
568 2028 787 2081 ambigetur
798 2047 812 2073 3
843 2028 947 2080 quod
968 2029 1085 2081 quaeri
1106 2029 1323 2081 conjectura
1343 2029 1448 2067 solet.

516 2094 679 2132 Dicetur
710 2103 837 2132 autem
865 2108 944 2132 non
972 2095 1317 2147 Peripateticorum
1336 2108 1456 2139 more,
1490 2094 1559 2146 (est
1577 2096 1683 2133 enirn
1703 2095 1868 2134 illorum.

461 2160 683 2198 exercitatio
713 2160 863 2212 elegans
886 2161 968 2211 jam
999 2161 1088 2198 inde
1119 2161 1165 2198 ab
1196 2161 1399 2199 Aristotele
1429 2161 1651 2213 constituta)
1694 2161 1756 2199 sed
1789 2162 1862 2200 ali-

462 2234 608 2278 quanto
629 2225 845 2271 nervofius3
888 2235 926 2263 et
946 2226 999 2263 ita
1031 2226 1077 2264 de
1109 2240 1147 2264 re
1177 2227 1400 2265 communia
1431 2227 1621 2272 dicentur,
1653 2237 1695 2266 ut
1726 2238 1763 2266 et
1792 2243 1865 2281 pro

461 2292 532 2330 reis
564 2291 688 2329 multa
717 2291 853 2329 leniter
883 2291 1072 2337 dicantur,
1103 2301 1140 2330 et
1160 2293 1201 2330 in
1222 2293 1443 2332 adversarios
1475 2294 1611 2346 aspere.
1662 2295 1864 2347 Augendis

461 2371 549 2397 vero
570 2358 695 2402 rebus,
731 2367 767 2395 et
798 2357 931 2396 contra
964 2358 1186 2410 abjiciendis
1218 2358 1318 2397 nihil
1349 2360 1415 2405 est,
1446 2361 1551 2413 quod
1583 2374 1662 2398 non
1682 2360 1863 2412 perficere

461 2423 572 2477 poffit
604 2423 724 2462 oratio
740 2441 752 2468 3
791 2424 896 2476 quod
927 2433 965 2462 et
996 2425 1095 2462 inter
1131 2425 1257 2463 media
1287 2436 1510 2478 argumenta
1538 2425 1759 2464 faciendum
1793 2426 1859 2471 est,

461 2489 766 2543 quotiescunque
785 2490 937 2528 dabitur
969 2491 1029 2529 vel
1050 2491 1326 2545 amplificandi,
1357 2493 1417 2533 vel
1448 2493 1649 2532 minuendi
1668 2492 1789 2538 locus,
1819 2500 1858 2530 et

464 2570 560 2609 pene
578 2557 729 2597 infinite
749 2557 787 2598 in
809 2557 1033 2611 perorando.
