2176 2912
467 211 548 266 386
810 214 942 255 DE
1056 217 1535 259 CLARIS

465 314 592 345 orator
611 305 681 344 effe
701 320 777 346 non
797 308 928 361 poffet.
979 310 1051 348 Sed
1071 319 1200 350 tamen
1221 311 1317 351 alius
1337 311 1379 350 in
1398 311 1472 350 alia
1490 310 1703 351 excellebat
1720 311 1842 366 magis
1858 325 1872 352 t

467 373 690 425 reperiebat,
721 374 818 427 quid
847 375 924 413 dici
944 389 1040 429 opus
1062 376 1164 422 esset,
1198 387 1237 416 et
1255 391 1335 430 quo
1354 378 1472 416 modo
1492 378 1705 432 praeparari,
1726 387 1764 416 et
1793 391 1875 430 quo

467 438 555 477 loco
575 439 709 485 locari,
740 442 1006 495 memoriaque
1035 457 1078 481 ea
1095 443 1460 498 comprehendebat,
1488 445 1711 484 Antonius:
1742 444 1874 483 excel-

467 504 572 544 lebat
591 515 720 545 autem
741 507 911 553 action&
933 517 1117 562 erantque
1136 511 1171 548 ei
1186 512 1362 563 quaedam
1381 523 1428 548 ex
1446 509 1508 549 his
1529 511 1631 564 paria
1650 523 1743 549 cum
1759 509 1874 549 Cras·
1903 558 1906 559 ⁷

468 572 523 616 so,
555 574 731 625 quaedam
761 574 879 613 etiam
912 575 1115 629 superiora.
1165 578 1220 614 At
1242 577 1361 615 Craffi
1390 578 1513 629 magis
1544 577 1713 615 enitebat
1735 577 1873 616 oratio.

468 638 556 678 Nec
590 653 678 678 vero
711 641 896 693 Sulpicio,
927 655 1051 693 neque
1082 643 1208 679 Cottae
1242 642 1368 680 dicere
1400 642 1613 694 pofl‘umus,
1644 656 1768 696 neque
1785 644 1876 682 cui-

469 718 589 756 quam
624 704 727 742 bono
757 706 911 750 oratori,
943 719 1024 743 rem
1046 705 1167 744 ullam
1197 720 1245 744 ex
1265 707 1343 745 illis
1362 707 1536 759 quinque
1555 707 1727 760 partibus
1747 707 1877 760 plane,

469 778 586 822 atque
606 770 768 808 omnino
786 769 958 810 defuisse.
1008 772 1143 824 Itaque
1161 771 1201 809 in
1223 772 1394 811 Curione
1412 771 1488 811 hoc
1508 772 1695 811 veriffime
1709 773 1877 826 judicari

468 836 605 888 potest,
635 836 742 874 nulla
762 850 800 875 re
820 851 896 875 una
926 839 1048 891 magis
1079 847 1269 878 oratorem
1289 839 1568 885 commendari,
1599 853 1718 892 quam
1735 839 1876 879 verbo-

467 915 557 941 rum
577 902 775 956 splendore
794 909 833 942 e't
852 904 976 956 copia.
1018 905 1126 944 Nam
1144 918 1238 944 cum
1257 906 1386 945 tardus
1406 906 1446 944 in
1466 905 1686 960 cogitando,
1717 915 1804 945 tum
1833 906 1878 945 in

465 968 688 1009 instruendo
708 970 902 1024 diffipatus
922 969 1014 1010 fuit.

523 1037 614 1074 LX.
645 1037 814 1089 Reliqua
833 1037 910 1076 duo
929 1037 1031 1083 sunt,
1063 1051 1186 1091 agere,
1220 1047 1258 1077 et
1284 1038 1522 1078 memini-sse:
1554 1038 1596 1077 in
1615 1046 1780 1092 utroque
1809 1051 1877 1077 ca-

468 1100 634 1142 chinnos
654 1103 900 1143 irridentium
919 1106 1203 1144 commovebat.
1226 1106 1364 1144 Motus
1382 1114 1461 1143 erat
1479 1105 1525 1150 is,
1540 1119 1659 1159 quem
1678 1114 1718 1143 et
1732 1107 1782 1144 C.
1800 1107 1876 1157 Ju-

469 1169 544 1208 lius
564 1170 605 1208 in
622 1180 854 1224 perpetuum
873 1172 1034 1217 notavit,
1062 1186 1155 1210 cum
1175 1186 1222 1211 ex
1241 1186 1300 1218 eo,
1332 1173 1373 1210 in
1394 1181 1598 1226 utramque
1625 1181 1774 1226 partem
1793 1180 1878 1211 toto

469 1249 629 1289 corpore
647 1238 864 1284 vacillante,
887 1239 1071 1291 quaefivit,
1093 1240 1171 1293 quis
1189 1240 1394 1293 loqueretur
1412 1255 1430 1279 e
1447 1240 1557 1279 lintre
1569 1256 1583 1280 .·
1616 1249 1657 1278 et
1676 1241 1753 1279 Cn.
1777 1239 1876 1279 Sici-

466 1303 570 1349 nius,
592 1302 713 1342 homo
728 1304 920 1358 impurus,
952 1305 1015 1344 sed
1034 1305 1246 1345 admodum
1265 1306 1465 1353 ridiculus,
1498 1320 1622 1360 neque
1641 1306 1746 1346 aliud
1771 1306 1813 1345 in
1831 1319 1879 1345 eo

467 1369 627 1407 oratoris
647 1369 771 1408 fimile
791 1371 1021 1424 quidquam.
1072 1373 1109 1410 Is
1136 1386 1229 1411 cum
1251 1373 1429 1412 tribunus
1449 1373 1573 1427 plebis
1596 1373 1811 1411 Curionem
1836 1380 1884 1410 et.

469 1435 680 1474 Octavium
701 1437 885 1476 Consules
906 1438 1154 1490 produxisset,
1177 1440 1375 1493 Curioque
1394 1439 1518 1478 multa
1538 1438 1703 1484 dixisset,
1725 1439 1884 1477 sedente,

469 1502 546 1539 Cn.
573 1502 736 1541 Octavio
766 1504 927 1556 collega,
963 1505 1032 1557 qui
1052 1505 1250 1544 devinctus
1270 1513 1348 1544 erat
1368 1505 1506 1551 fasciis,
1535 1515 1573 1544 et
1593 1505 1725 1543 multis
1747 1505 1875 1543 medi-

468 1568 672 1612 camentis,
702 1578 858 1621 propter
877 1570 1049 1608 dolorem
1070 1580 1241 1615 artuum,
1261 1572 1472 1617 delibutus,
1496 1573 1707 1624 Nunquam,
1731 1571 1882 1622 inquit„

470 1634 621 1679 OHavi,
643 1635 780 1687 collegae
799 1646 859 1674 tuo
874 1636 1038 1688 gratiam
1057 1637 1203 1690 rcfires,
1234 1638 1298 1690 qui
1324 1638 1436 1690 ng'stst’
1450 1639 1520 1690 fito
1539 1651 1633 1675 more
1649 1636 1884 1689 jablavssbt,

469 1699 567 1738 hodie
585 1709 621 1738 te
638 1701 711 1754 fiic
729 1703 855 1755 mustae
873 1702 1096 1756 comedff’nt.
1146 1703 1343 1741 Memoria
1362 1712 1491 1742 autem
1513 1703 1566 1741 ita
1585 1702 1662 1741 fuit
1680 1702 1801 1747 nulla,
1832 1711 1883 1741 ut

469 1765 687 1818 aliquoties,
722 1767 793 1805 tria
813 1781 906 1806 cum
926 1768 1187 1821 proposuisset,
1218 1777 1283 1806 aut
1304 1778 1487 1821 quartum
1506 1769 1672 1813 adderet,
1704 1777 1769 1806 aut
1797 1777 1875 1806 ter-

469 1834 573 1872 tium
592 1843 789 1885 quaereret.
822 1834 904 1885 Qi
925 1835 965 1872 in
980 1834 1133 1886 judicio
1149 1836 1295 1887 privato
1315 1835 1373 1873 vel
1395 1836 1583 1880 maximo,
1606 1848 1699 1872 cum
1719 1847 1791 1887 ego
1806 1847 1879 1887 pro

471 1901 622 1939 Titinia
643 1902 768 1938 Cottae
794 1901 1073 1954 peroraviffem,
1101 1900 1167 1939 ille
1187 1910 1319 1940 contra
1338 1915 1400 1939 me
1420 1916 1489 1954 pro
1510 1903 1589 1939 Ser.
1611 1901 1749 1940 Naevio
1769 1900 1883 1938 dice-

471 1976 541 2012 ret,
557 1966 682 2004 subito
703 1976 824 2006 totam
844 1967 995 2005 causam
1016 1968 1162 2006 oblitus
1185 1968 1251 2013 est,
1273 1969 1390 2020 idque
1409 1967 1604 2006 veneficiis
1625 1976 1662 2004 et
1682 1966 1876 2004 cantioni-

472 2034 543 2071 bus
564 2034 725 2072 Titiniae
746 2033 891 2072 factum
911 2033 981 2071 effe
1001 2034 1167 2072 dicebat.
1200 2034 1346 2086 Magna
1366 2033 1447 2071 haec
1469 2033 1708 2071 immemoris
1729 2032 1877 2084 ingenii

471 2100 602 2151 signa3
635 2100 695 2137 sed
727 2099 827 2138 nihil
847 2103 1013 2152 turpius,
1040 2114 1157 2152 quam
1177 2100 1282 2151 quod
1303 2100 1419 2137 etiam
1440 2099 1479 2136 in
1501 2099 1648 2151 scriptis
1669 2098 1874 2136 oblivisce-

472 2167 596 2210 batur,
615 2166 708 2217 quid
730 2166 844 2217 paulo
864 2175 951 2203 ante
967 2164 1171 2218 posuisset,
1204 2176 1246 2203 ut
1267 2166 1305 2203 in
1327 2180 1371 2203 eo
1390 2165 1503 2210 libro,
1527 2166 1594 2203 ubi
1616 2165 1649 2202 se
1669 2174 1875 2204 exeuntem
1925 2205 1929 2207 λ

471 2246 492 2270 e
512 2232 655 2276 senatu,
673 2241 711 2269 et
727 2246 819 2270 cum
837 2232 954 2270 Pansa
969 2232 1108 2277 nostro,
1127 2241 1164 2269 et
1180 2246 1270 2270 cum
1293 2233 1465 2270 Curione
1482 2232 1563 2269 filio
1585 2232 1876 2284 colloquentem

470 2298 580 2343 facit,
611 2311 703 2336 cum
725 2297 895 2335 senatum
918 2298 1040 2336 Caesar
1056 2298 1199 2336 Consul
1221 2298 1420 2342 habuisset,
1444 2298 1646 2350 omnisque
1668 2298 1732 2336 ille
1753 2298 1885 2336 sermo

473 2366 609 2404 duetus
629 2378 649 2402 e
668 2365 953 2418 percontatione
974 2365 1060 2409 filii,
1088 2365 1181 2417 quid
1204 2365 1242 2402 in
1263 2364 1391 2402 senatu
1411 2365 1499 2402 effet
1530 2367 1673 2403 actum.
1724 2366 1769 2403 In
1798 2378 1883 2417 quot

472 2432 608 2470 multis
629 2431 752 2469 verbis
784 2444 876 2480 curn
897 2430 1141 2469 inveheretur
1160 2432 1200 2468 in
1222 2430 1406 2469 Caesarem
1435 2431 1569 2475 Curio,
1593 2430 1876 2483 disputatioque

472 2497 561 2535 effet
580 2498 679 2535 inter
709 2510 786 2542 eos,
818 2506 860 2535 ut
891 2497 943 2534 est
973 2497 1208 2535 consuetudo
1228 2497 1484 2550 dialogorum,
1520 2511 1612 2534 cum
1632 2497 1754 2534 sermo
1786 2495 1876 2533 effet

473 2563 669 2604 institutus
701 2563 829 2603 senatu
858 2562 981 2610 miffo,
1013 2578 1132 2617 quem
1164 2563 1336 2604 senatum
1357 2563 1478 2603 Caesar
1499 2562 1645 2603 Consul
1672 2560 1874 2607 habuiss'et,
