2176 2912
397 296 451 334 94
644 281 1546 322 DEINVENTIONE

396 373 552 412 heredes
581 373 736 413 secundi
765 374 865 419 sunt,
895 383 933 412 et
963 375 1062 412 inter
1089 384 1244 427 agnatos
1265 375 1418 428 pupilli,
1448 376 1697 416 controversia
1724 377 1789 417 est.

398 440 570 479 Pofl‘effio
590 440 776 478 heredum
797 441 1050 478 secundorum
1070 441 1135 479 est.
1181 442 1351 480 Intentio
1370 443 1423 480 est
1441 451 1681 496 agnatorum,
1703 444 1791 482 No-

395 505 466 544 stra
486 506 649 558 pecunia
667 506 732 551 est,
761 507 807 544 de
829 519 904 558 qua
925 506 969 550 is,
990 508 1100 558 cujus
1127 508 1254 559 agnati
1275 506 1420 552 sumus,
1453 508 1605 545 testatus
1627 522 1704 546 non
1725 509 1790 547 est.

395 572 580 624 Depulfio
599 573 664 616 est,
699 573 829 610 Immo
855 571 991 616 nostra,
1028 572 1096 624 qui
1117 570 1273 610 heredes
1295 573 1449 611 secundi
1475 573 1698 613 testamento
1724 588 1791 628 pa-
1848 610 1851 611 ⁷

395 639 462 676 tris
485 639 627 676 sumus.
680 638 849 689 Qaestio
869 639 934 681 est,
958 640 1148 676 Utrorum
1164 638 1235 676 fit?
1285 640 1400 677 Ratio
1421 640 1486 684 est,
1506 641 1615 677 Pater
1629 642 1734 679 enim
1756 649 1792 679 et

395 705 463 742 fibi
480 714 516 742 et
529 704 610 742 filio
625 704 893 742 testamentum
908 703 1064 756 scripfit,
1080 704 1175 741 dum
1192 705 1222 742 is
1238 705 1409 757 pupillus
1424 705 1524 743 effet.
1548 707 1689 757 Qare,
1708 720 1793 758 quae

396 770 467 808 filii
487 769 657 814 fuerunt,
680 770 905 808 testamento
924 769 1039 821 patris
1061 768 1183 806 nostra
1202 769 1295 807 fiant
1315 770 1458 808 neceffe
1474 770 1539 809 est.
1578 771 1792 810 Infirmatio

396 837 449 875 est
469 837 636 880 rationis,
661 837 790 874 Immo
811 844 916 888 pater
941 835 1012 873 fibi
1038 834 1195 888 scripsit,
1217 845 1255 873 et
1275 836 1487 874 secundum
1506 836 1687 875 heredem
1714 851 1792 876 non

394 903 489 948 filio,
513 903 573 940 sed
593 903 676 947 sibi,
703 902 811 954 juffit
830 901 913 940 effe.
957 903 1100 954 Qare,
1121 911 1373 955 praeterquam
1392 903 1495 955 quod
1515 904 1628 956 ipfius
1649 903 1725 941 fuit
1751 904 1790 942 in

394 969 633 1013 testamento,
671 968 788 1006 ullius
809 967 975 1006 vestrum
1006 967 1076 1006 effe
1108 982 1185 1006 non
1209 969 1341 1020 potest.
1386 969 1592 1020 Judicatio,
1625 970 1792 1007 Poffitne

393 1035 597 1088 quisquam
618 1036 663 1073 de
683 1034 753 1072 filii
770 1035 909 1087 pupilli
929 1048 967 1072 re
987 1034 1123 1073 testari.
1146 1036 1210 1073 An
1226 1034 1378 1073 heredes
1400 1035 1568 1081 secundi,
1586 1036 1700 1088 ipsius
1721 1049 1789 1089 pa-

391 1102 460 1140 tris
482 1101 661 1146 familias,
683 1114 761 1138 non
782 1100 853 1138 filii
874 1114 1027 1152 quoque
1047 1102 1128 1152 ejus
1148 1101 1304 1154 pupilli,
1323 1100 1477 1139 heredes
1499 1102 1584 1139 sint.

447 1169 579 1220 Atque
598 1166 674 1205 hoc
696 1181 772 1205 non
793 1166 962 1205 alienum
982 1167 1047 1212 est,
1079 1167 1183 1219 quod
1212 1167 1259 1205 ad
1278 1167 1403 1205 multa
1428 1169 1626 1219 pertineat,
1660 1180 1707 1205 ne
1726 1176 1790 1205 aut

392 1234 596 1286 nusquam,
627 1241 670 1271 ut
690 1232 959 1285 usquequaque
985 1232 1147 1277 dicatur,
1178 1231 1243 1270 hic
1263 1232 1480 1270 admonere.
1531 1235 1628 1270 Sunt
1658 1232 1787 1276 causae,

391 1313 476 1352 quae
495 1300 621 1353 plures
649 1298 792 1337 habent
816 1299 978 1337 rationes
1009 1299 1049 1336 in
1070 1298 1233 1351 simplici
1266 1298 1562 1342 constitutione;
1595 1298 1699 1349 quod
1729 1297 1787 1343 fit,

391 1379 483 1404 cum
504 1366 557 1410 id,
579 1365 684 1418 quod
703 1364 849 1403 faetum
865 1364 931 1408 est,
953 1373 1018 1402 aut
1037 1364 1141 1416 quod
1157 1363 1386 1409 defenditur,
1409 1363 1585 1416 pluribus
1606 1364 1652 1402 de
1671 1363 1788 1402 caufis

391 1434 553 1476 festum,
574 1440 638 1469 aut
656 1430 867 1484 probabile,
889 1429 1008 1467 videri
1024 1430 1158 1483 potest,
1174 1439 1216 1467 ut
1236 1430 1275 1467 in
1292 1428 1364 1467 hac
1381 1429 1459 1482 ipsa
1477 1429 1597 1467 causa.
1636 1430 1788 1482 Suppo-

391 1508 502 1537 natur
521 1498 626 1535 enirn
646 1496 692 1534 ab
713 1495 916 1534 heredibus
944 1494 1025 1534 haec
1046 1496 1141 1533 ratio
1153 1514 1164 1540 ς
1197 1496 1324 1534 Unius
1345 1496 1449 1533 enim
1470 1495 1640 1548 pecuniae
1660 1496 1787 1548 plures

390 1563 634 1602 diffimilibus
655 1562 700 1599 de
720 1562 837 1599 Causls
866 1560 1021 1599 heredes
1041 1561 1111 1599 effe
1132 1574 1208 1599 non
1237 1560 1403 1613 possunt,
1434 1574 1505 1598 nec
1535 1574 1707 1613 unquam
1727 1561 1786 1599 fa-

391 1633 499 1668 ·stum
516 1629 581 1674 est,
613 1637 655 1666 ut
676 1627 843 1679 ejusdem
864 1627 1034 1680 pecuniae
1060 1627 1156 1664 alius
1174 1627 1411 1672 testamento,
1435 1627 1530 1665 alius
1551 1627 1648 1680 lege,
1679 1625 1786 1666 heres

390 1697 490 1735 effet.
534 1695 748 1733 Infirmatio
763 1702 892 1731 autem
912 1692 993 1731 haec
1009 1693 1092 1737 erit,
1115 1694 1210 1731 Non
1230 1693 1282 1731 est
1302 1707 1376 1731 una
1395 1694 1570 1746 pecunia,
1592 1703 1787 1747 propterea

391 1762 496 1815 quod
528 1761 640 1799 altera
667 1761 749 1811 jam
783 1768 860 1797 erat
894 1759 1035 1812 pupilli
1056 1759 1288 1803 adventitia3
1320 1760 1430 1811 cujus
1457 1758 1562 1797 heres
1594 1773 1687 1804 non,
1718 1760 1787 1798 illo

391 1838 576 1881 tempore,
609 1827 648 1864 in
670 1826 894 1863 testamento
923 1825 1128 1877 quisquam
1157 1825 1317 1877 scriptus
1347 1833 1439 1870 erat,
1471 1825 1496 1863 fi
1525 1825 1619 1877 quid
1636 1825 1787 1878 pupillo

389 1894 578 1933 accidiffet
596 1908 604 1931 z
637 1901 673 1930 et
692 1892 738 1930 de
757 1892 884 1936 altera,
919 1892 1035 1944 patris
1055 1892 1171 1929 etiam
1191 1904 1294 1929 nunc
1315 1891 1461 1929 mortui
1488 1893 1662 1929 voluntas
1693 1891 1785 1944 plu-

390 1962 534 1999 rimum
550 1959 714 2003 valebat,
737 1972 821 2010 quae
836 1959 918 2010 jam
940 1966 1094 1995 mortuo
1110 1957 1260 2010 pupillo
1280 1957 1354 1995 suis
1374 1956 1579 1995 heredibus
1595 1958 1783 1996 concede-

390 2026 467 2063 bat.
526 2024 720 2075 Judicatio
739 2023 804 2067 est,
837 2025 972 2061 Unane
994 2022 1154 2075 pecunia
1173 2021 1302 2060 fuerit.
1348 2023 1444 2066 Aut,
1467 2022 1491 2059 fi
1513 2021 1584 2060 hac
1600 2031 1711 2060 erunt
1731 2022 1783 2060 ufi

389 2090 659 2134 infirmatione,
682 2089 786 2128 Poffe
805 2088 932 2141 plures
952 2088 1021 2125 effe
1043 2088 1156 2125 unius
1176 2086 1330 2125 heredes
1347 2088 1518 2139 pecuniae
1538 2087 1783 2126 diffimilibus

389 2158 435 2194 de
454 2157 585 2201 caufis,
607 2157 652 2194 de
672 2170 716 2194 eo
737 2156 817 2208 ipso
831 2154 1019 2207 judicatio
1040 2153 1227 2198 nascitur;
1260 2153 1452 2191 Poffintne
1473 2152 1640 2205 ejusdem
1662 2167 1782 2206 pecu-

391 2224 460 2261 niae
483 2223 608 2275 plures
630 2221 872 2259 diffimilibus
893 2220 1095 2272 generibus
1115 2218 1184 2256 effe
1201 2218 1369 2256 heredes.

444 2289 576 2327 XXII.
610 2289 713 2340 Ergo
735 2301 807 2324 una
827 2287 866 2324 in
887 2285 1158 2323 constitutione
1179 2285 1415 2322 intellec‘tum
1436 2285 1501 2330 est,
1533 2286 1729 2338 quomodo
1746 2296 1783 2324 et

389 2354 548 2392 rationes
570 2362 606 2390 et
627 2353 817 2390 rationum
836 2351 1126 2394 insinuationes,
1144 2359 1181 2387 et
1201 2359 1374 2402 praterea
1384 2351 1639 2402 judicationes
1655 2352 1781 2405 plures

386 2421 492 2460 fiant.
516 2420 634 2458 Nunc
651 2418 766 2470 hujus
782 2418 929 2470 generis
945 2426 1131 2470 praecepta
1145 2416 1354 2454 videamus.
1378 2417 1572 2469 Utrisque,
1590 2427 1653 2455 aut
1666 2419 1781 2456 etiam

386 2485 585 2528 omnibus,
617 2485 641 2522 fi
675 2485 800 2537 plures
831 2483 1043 2535 ambigent,
1069 2483 1132 2534 jus
1163 2495 1210 2519 ex
1230 2481 1370 2534 quibus
1402 2483 1513 2520 rebus
1539 2483 1697 2527 constet,
1729 2483 1782 2521 est

386 2551 714 2590 considerandum.
762 2550 923 2588 Initium
950 2563 1040 2602 ergo
1069 2550 1149 2600 ejus
1182 2548 1228 2586 ab
1260 2557 1393 2586 natura
1423 2549 1582 2587 diuitum
1603 2550 1780 2588 videtur:

387 2619 562 2672 qua-dam
583 2627 711 2656 autem
743 2630 789 2655 ex
812 2617 986 2655 utilitatis
1008 2616 1152 2654 ratione
1172 2624 1235 2653 aut
1256 2615 1450 2668 perspicua
1470 2616 1593 2661 nobis,
1624 2625 1690 2655 aut
1708 2616 1780 2654 ob-
