2176 2912
538 138 857 177 LIBER
932 134 1510 174 SECUNDUS.

1653 150 1701 189 25
1709 151 1728 190 5

318 232 469 287 ficeris,
490 231 544 269 ita
562 239 681 275 metes,
703 229 845 281 inquit.
891 229 951 266 Ex
973 227 1211 265 transsatione
1231 235 1361 264 autem
1374 245 1385 271 3
1420 236 1476 271 ut,
1495 241 1586 266 cum
1608 229 1736 281 Scipio

331 299 398 336 ille
417 297 538 348 major
559 293 774 333 Corinthiis
800 294 961 332 statuam
977 293 1252 346 pollicentibus
1273 306 1318 331 eo
1337 293 1438 337 loco,
1474 294 1541 331 ubi
1572 294 1735 346 aliorum

331 363 447 401 effent
466 363 757 414 imperatorum,
789 361 960 399 turmales
980 360 1078 398 dixit
1097 359 1287 413 dg'splzkere.
1338 359 1588 397 Invertuntur
1607 348 1736 399 autem

331 428 468 473 verba;
501 437 544 465 ut
576 426 724 465 Craffus
759 426 860 480 apud
881 427 944 464 M.
973 427 1205 478 Perpernam
1227 425 1405 478 judicem
1435 438 1505 477 pro
1535 426 1735 463 Aculeone
1795 454 1800 459 .

330 509 422 533 cum
455 494 612 538 diceret,
642 493 768 531 aderat
799 502 931 530 contra
961 492 1203 530 Aculeonem
1235 491 1461 530 Gratidiano
1486 491 1536 529 L.
1571 491 1735 529 Helvius

331 562 481 606 Lamia,
513 559 710 605 deformis,
733 569 776 598 ut
796 560 927 604 nostis,
959 560 1027 611 qui
1057 573 1148 597 cum
1176 558 1432 612 interpellaret
1462 557 1589 596 odiose
1605 577 1616 602 ;
1648 559 1735 596 Au-

332 626 481 672 diamus,
518 627 660 679 inquit,
685 627 900 679 pulchellum
912 635 1080 679 puerum,
1113 625 1278 664 Craffus.
1328 625 1434 662 Cum
1453 623 1542 662 effet
1562 624 1735 668 arrisum,

333 694 417 731 Non
429 693 538 746 potui
553 692 652 737 mihi,
683 693 811 745 inquit
838 693 986 736 Lamia,
1004 691 1168 745 sormam
1188 692 1256 745 zpst’
1271 690 1417 744 fingere
1431 706 1444 729 .·
1474 690 1652 743 ingenium
1665 698 1735 742 po-

331 760 399 797 tui.
431 761 540 797 Tum
556 758 635 804 hic,
656 759 870 804 Audiamus,
902 759 1044 810 inquit,
1074 758 1255 812 dg'sbrtum.
1289 758 1424 796 Multo
1440 758 1557 796 etiam
1577 757 1737 795 arrisum

331 825 383 863 est
404 824 682 863 vehementius.
853 866 861 874 ⁶

387 894 484 930 Sunt
503 892 620 929 etiam
640 890 708 928 illa
727 890 893 935 venusta,
912 900 955 928 ut
967 891 1007 928 in
1023 891 1202 943 gravibus
1219 890 1427 935 sententiis,
1447 890 1496 928 fic
1512 890 1552 928 in
1572 889 1735 928 facetiis.

332 958 430 996 Dixi
462 958 568 996 enim
599 957 762 1002 dudum,
790 957 1000 995 Materiam
1020 957 1135 994 aliam
1154 956 1224 994 effe
1242 957 1337 1008 joci,
1369 956 1482 994 aliam
1502 956 1736 994 severitatis:

332 1024 507 1076 gravium
527 1033 670 1068 autem,
701 1033 739 1061 et
764 1024 947 1075 jocorum
965 1037 1083 1061 unam
1103 1022 1174 1061 effe
1200 1024 1403 1061 rationem.
1448 1023 1600 1060 Ornant
1618 1022 1739 1075 igitur

333 1090 374 1127 in
405 1091 540 1142 primis
571 1090 784 1128 orationem
810 1090 925 1127 verba
950 1089 1063 1128 relata
1093 1090 1309 1128 contrarie:
1352 1089 1457 1142 quod
1482 1089 1587 1127 idem
1618 1101 1738 1142 genus

334 1155 428 1208 saepe
448 1155 500 1193 est
530 1156 647 1193 etiam
666 1154 864 1193 facetum:
897 1164 940 1192 ut
962 1156 1110 1193 Servius
1140 1156 1206 1193 ille
1227 1155 1368 1200 Galba,
1400 1169 1493 1193 cum
1514 1155 1665 1207 judices
1686 1155 1737 1193 L.

335 1222 537 1261 Scribonio
571 1221 727 1260 tribuno
746 1222 870 1274 plebis
901 1220 1015 1259 ferret
1034 1220 1239 1261 familiares
1258 1222 1357 1267 suos,
1387 1230 1426 1260 et
1451 1221 1601 1259 dixiffet
1620 1221 1738 1265 Libo,

335 1287 482 1340 Qando
516 1287 669 1333 tandem,
702 1287 834 1332 Galba,
865 1287 906 1326 de
933 1288 1089 1326 triclinio
1109 1296 1169 1326 tuo
1198 1288 1338 1327 exibis?
1381 1288 1475 1326 Cum
1507 1296 1563 1331 tu,
1593 1286 1738 1339 inquit,

334 1353 374 1392 de
392 1353 547 1392 cubiculo
566 1354 690 1392 alieno.
737 1356 773 1392 A
794 1367 873 1406 quo
889 1367 1026 1406 genere
1053 1367 1101 1391 ne
1118 1354 1216 1392 illud
1236 1353 1395 1406 quidem
1415 1353 1631 1406 plurimum
1659 1351 1738 1390 dis-

333 1429 401 1465 tat,
433 1420 538 1472 quod
560 1421 724 1459 Glaucia
754 1421 934 1464 Metello,
967 1421 1096 1458 Villam
1129 1421 1166 1458 in
1202 1418 1353 1459 Tiburte
1385 1419 1504 1465 habes,
1541 1429 1672 1459 cortem
1701 1419 1739 1457 in

334 1487 494 1526 Palatio.

389 1552 539 1591 LXVI.
572 1553 631 1589 Ac
649 1551 854 1589 verborum
875 1550 1033 1603 quidem
1052 1564 1191 1603 genera
1210 1565 1295 1603 quae
1315 1550 1431 1588 effent
1451 1549 1586 1595 faceta,
1608 1548 1740 1588 dixiffe

335 1631 398 1656 me
416 1627 523 1671 puto.
556 1618 705 1656 Rerum
726 1618 835 1670 plura
850 1617 950 1662 sunt,
967 1631 1085 1669 eaque
1106 1618 1228 1670 magis
1247 1618 1308 1669 (ut
1325 1617 1405 1655 dixi
1421 1618 1523 1669 ante)
1544 1617 1716 1654 ridentur
1723 1634 1737 1660 5

336 1685 376 1722 in
395 1685 534 1735 quibus
555 1683 607 1721 est
625 1684 810 1728 narratio,
844 1697 899 1721 res
916 1683 1000 1721 sane
1020 1683 1204 1721 difficilis.
1237 1683 1500 1736 Exprimenda
1514 1683 1619 1720 enim
1637 1682 1736 1726 sunt,

337 1758 374 1787 et
393 1749 568 1802 ponenda
587 1759 672 1786 ante
688 1749 820 1786 oculos
841 1763 895 1793 ea,
927 1763 1011 1801 quae
1031 1749 1229 1787 videantur
1245 1760 1282 1788 et
1302 1749 1531 1794 verifimilia,
1563 1749 1667 1801 quod
1687 1747 1740 1785 est

337 1816 538 1868 proprium
568 1816 815 1859 narrationis,
848 1825 884 1852 et
905 1829 989 1867 quae
1010 1816 1095 1860 sint,
1128 1816 1231 1868 quod
1259 1817 1413 1853 ridiculi
1441 1817 1641 1868 proprium
1671 1813 1738 1859 est,

335 1881 535 1934 subturpia
551 1896 559 1919 :
593 1882 701 1933 cujus
722 1882 961 1933 exemplum,
984 1891 1026 1918 ut
1045 1882 1322 1926 brevissimum,
1339 1882 1383 1919 sit
1399 1882 1483 1918 sane
1503 1882 1615 1925 illud,
1634 1879 1741 1932 quod

336 1957 423 1986 ante
452 1948 575 2000 posui,
607 1948 725 1986 Craffi
759 1948 805 1985 de
827 1949 1038 1986 Memmio.
1086 1949 1138 1986 Et
1169 1948 1214 1985 ad
1236 1947 1310 1985 hoc
1342 1961 1462 2000 genus
1482 1948 1740 1985 adscribamus

337 2014 453 2053 etiam
474 2015 705 2052 narrationes
727 2014 992 2066 apologorum.

392 2079 580 2118 Trahitur
605 2081 722 2118 etiam
751 2080 898 2132 aliquid
923 2095 970 2118 ex
998 2080 1153 2119 historia
1169 2100 1179 2125 ;
1212 2090 1269 2125 ut,
1301 2094 1392 2118 cum
1423 2082 1509 2118 Sex.
1541 2079 1672 2117 Titius
1705 2078 1741 2116 se

339 2146 582 2185 Cassandram
615 2146 684 2184 effe
715 2146 870 2191 diceret,
902 2148 1057 2192 Multos,
1088 2149 1216 2198 inquit
1251 2148 1459 2191 Antonius,
1498 2145 1629 2199 poffium
1664 2156 1742 2183 tuos

338 2212 469 2264 Ajaces
491 2213 603 2251 Oileos
622 2213 814 2251 nominare.
857 2213 925 2251 Est
945 2215 1061 2252 ctiam
1081 2228 1127 2252 ex
1155 2214 1418 2257 similitudine,
1450 2227 1534 2265 quae
1563 2222 1628 2250 aut
1657 2211 1740 2248 col-

339 2279 523 2317 lationem
542 2278 671 2324 habet,
703 2290 767 2318 aut
787 2290 971 2333 tanquam
1000 2282 1224 2334 imaginem.
1285 2282 1545 2319 collationem
1561 2298 1572 2323 ;
1606 2288 1648 2316 ut
1677 2277 1741 2315 ille

341 2345 478 2383 Gallus
499 2345 595 2383 olim
625 2345 724 2383 testis
746 2347 786 2383 in
808 2347 999 2392 Pisonem,
1031 2362 1122 2385 cum
1144 2347 1468 2385 innumerabilem
1486 2346 1623 2397 Nlagio
1641 2357 1739 2396 prze-

341 2411 440 2449 fecto
474 2412 678 2464 pecuniam
706 2412 854 2451 dixiffet
881 2414 1023 2458 datam,
1056 2414 1171 2466 idque
1207 2416 1366 2452 Scaurus
1402 2414 1584 2450 tenuitate
1615 2409 1740 2460 Magii

341 2477 578 2531 redargueret
593 2495 606 2524 5
637 2480 772 2525 Erras,
795 2479 936 2532 inquit,
955 2481 1102 2520 Scaure.
1135 2481 1214 2533 Ego
1228 2480 1317 2518 enim
1335 2480 1503 2531 &sagium
1517 2491 1584 2517 non
1602 2476 1740 2528 conſsr-
