2176 2912
551 151 872 191 LIBER
948 149 1526 191 SECUNDUS.
1670 168 1747 209 279

347 244 568 285 abfuerim?
600 244 661 282 sed
691 253 820 281 tamen
840 242 982 288 audivi,
1013 250 1056 280 ut
1074 240 1158 280 heri
1189 243 1380 289 dicebam,
1412 253 1450 282 et
1470 244 1634 284 Athenis
1655 261 1746 286 cum

347 313 475 357 essem,
506 310 738 349 dofflffimos
765 310 879 354 viros,
909 318 947 347 et
977 309 1018 347 in
1041 309 1128 347 Afia
1147 309 1263 348 istum
1283 310 1411 363 ipsum
1441 312 1635 364 Scepsium
1655 314 1747 352 Me-

348 378 562 422 trodorum,
593 389 686 414 cum
705 375 751 413 de
771 374 831 413 his
858 375 945 428 ipfis
975 375 1090 414 rebus
1110 375 1331 429 disputaret.
1378 376 1518 428 Neque
1538 391 1624 416 vero
1646 379 1745 417 mihi

346 443 551 496 quisquam
568 442 754 495 copiosius
775 455 948 494 unquam
967 442 1066 480 visus
1085 442 1151 487 est,
1182 456 1306 495 neque
1326 442 1503 481 subtilius
1524 444 1563 481 in
1585 443 1659 482 hoc
1680 460 1747 498 ge-

347 524 436 549 nere
452 509 620 554 dicendi,
652 523 770 561 quam
790 509 856 547 iste
876 507 1007 554 hodie,
1029 508 1099 547 effe
1118 509 1298 548 versatus.
1330 509 1448 562 Qod
1470 509 1494 548 fi
1515 510 1603 548 effet
1626 511 1748 556 aliter,

347 586 386 614 et
403 577 550 629 aliquid
570 576 828 628 intelligerem
848 575 895 613 ab
915 576 1090 614 Antonio
1109 575 1416 629 praetermissum,
1436 590 1512 614 non
1533 577 1647 615 essem
1669 587 1748 616 tam

347 644 573 689 inurbanus,
604 657 646 681 ac
663 657 760 696 pene
781 642 1030 688 inhumanus,
1062 643 1120 681 uti
1141 657 1185 681 eo
1204 657 1388 696 gravarer,
1407 644 1511 696 quod
1529 657 1593 682 vos
1612 658 1749 697 cupere

348 709 540 748 sentIrem.

404 777 513 814 Tum
536 775 742 828 Sulpicius,
773 789 818 812 an
839 788 944 826 ergo,
966 774 1109 826 inquit,
1127 775 1272 813 oblitus
1292 788 1345 820 es,
1369 775 1507 821 Crasse,
1530 777 1748 815 Antonium

349 842 402 880 ita
430 842 614 894 partitum
636 841 705 879 effe
727 850 880 885 tecum,‘
902 849 945 877 ut
975 841 1052 893 ipse
1077 841 1378 879 instrumentum
1399 842 1556 880 oratoris
1577 856 1749 896 expone-

347 917 417 953 ret,
444 908 515 946 tibi
534 909 614 959 ejus
634 907 920 945 distinstionem
939 916 1054 958 atque
1073 916 1252 950 ornatum
1274 908 1503 960 relinqueret
1522 910 1534 946 ?
1566 910 1648 948 Hic
1668 910 1747 960 ille,

346 975 536 1028 primum,
557 974 644 1026 quis
661 973 835 1013 Antonio
856 973 1040 1026 permisit,
1072 974 1215 1026 inquit,
1243 983 1286 1013 ut
1306 983 1344 1012 et
1363 983 1487 1027 partes
1516 974 1670 1020 faceret,
1695 985 1748 1020 et,

348 1051 474 1080 utram
493 1041 622 1086 vellet,
655 1041 757 1094 prior
777 1040 854 1093 ipse
874 1040 1067 1079 sumeret?
1099 1041 1250 1086 deinde,
1282 1041 1308 1079 fi
1339 1055 1412 1094 ego
1442 1043 1540 1080 reite
1561 1041 1747 1086 intellexi,

347 1122 441 1146 cum
460 1108 568 1146 valde
590 1108 753 1146 libenter
773 1107 957 1154 audirem,
988 1107 1089 1146 mihi
1106 1110 1311 1161 conjun&e
1330 1108 1383 1146 est
1403 1108 1502 1146 visus
1523 1109 1568 1146 de
1590 1118 1750 1161 utraque

349 1188 387 1213 re
408 1175 545 1213 dicere.
606 1174 676 1212 Ille
693 1187 796 1218 ver0‚
828 1174 956 1226 inquit
977 1176 1107 1220 Cotta,
1138 1184 1361 1213 ornamenta
1386 1175 1568 1213 orationis
1592 1189 1668 1212 non
1689 1185 1748 1213 at-

349 1242 453 1293 tigit,
484 1254 608 1293 neque
627 1254 711 1279 eam
747 1240 916 1284 laudem,
946 1254 993 1278 ex
1027 1254 1102 1292 qua
1131 1241 1350 1293 eloquentia
1369 1254 1512 1290 nomen
1539 1241 1665 1293 ipsum
1685 1242 1748 1278 in-

348 1308 466 1346 venit.
499 1308 625 1345 Verba
644 1308 775 1361 igitur,
806 1306 934 1359 inquit
951 1307 1115 1353 Crassus,
1147 1307 1246 1346 mihi
1264 1307 1418 1360 reliquit
1438 1308 1647 1352 Antonius,
1667 1321 1749 1345 rem

348 1375 426 1427 ipsc
444 1374 616 1427 sumpsit.

404 1443 514 1480 Tum
535 1441 669 1486 Caesar,
701 1441 741 1485 sl,
773 1441 877 1493 quod
898 1440 1095 1479 difficilius
1116 1441 1181 1486 est,
1214 1441 1251 1479 id
1278 1441 1350 1479 tibi
1380 1441 1563 1493 reliquit3
1595 1441 1647 1478 est
1678 1454 1749 1479 no-

349 1507 422 1552 bis,
455 1507 596 1559 inquit,
619 1507 740 1550 causa,
771 1520 839 1543 cur
858 1516 894 1543 te
913 1506 1042 1544 audire
1071 1508 1287 1559 cupiamus.
1341 1507 1420 1551 Sin,
1457 1507 1562 1558 quod
1582 1505 1747 1551 facilius,

348 1573 422 1612 tibi
442 1572 549 1611 causa
569 1586 646 1610 non
667 1572 733 1617 est,
768 1585 836 1609 cur
858 1571 1014 1610 recuses.
1058 1573 1111 1610 Et
1132 1573 1308 1617 Catulus,
1339 1572 1448 1624 quid,
1480 1572 1584 1624 quod
1604 1572 1747 1617 dixisti,

349 1640 490 1692 inquit,
523 1639 660 1684 Craffe,
691 1639 718 1677 fi
738 1638 803 1677 hic
837 1637 954 1677 hodie
973 1638 1074 1693 apud
1093 1648 1131 1677 te
1151 1653 1408 1684 maneremuS,
1440 1648 1476 1676 te
1495 1653 1645 1676 morem
1675 1652 1747 1676 no-

345 1706 407 1744 bis
427 1705 498 1743 effe
516 1705 724 1757 gesturum,
756 1704 904 1743 nihilne
923 1704 970 1743 ad
990 1704 1108 1743 fidem
1129 1715 1237 1744 tuam
1258 1715 1366 1759 putas
1387 1705 1573 1758 pertinere
1592 1706 1605 1742 ?
1637 1706 1747 1742 Tum

349 1772 467 1810 Cotta
496 1771 636 1814 ridens,
667 1770 811 1822 poffem
830 1770 916 1815 tibi,
947 1770 1091 1821 inquit,
1120 1771 1259 1816 Crasse,
1290 1771 1520 1815 concedere;
1553 1770 1614 1808 sed
1646 1770 1745 1814 vide,

350 1851 398 1876 ne
418 1836 513 1889 quid
534 1836 695 1874 Catulus
715 1836 884 1874 attulerit
905 1836 1123 1888 religionis:
1156 1851 1251 1889 opus
1272 1836 1346 1875 hoc
1367 1838 1581 1875 censorium
1600 1836 1675 1874 est:
1709 1836 1747 1873 id

347 1913 480 1942 autem
500 1903 756 1947 committere,
779 1902 864 1940 vide
885 1916 1002 1954 quam
1022 1903 1066 1940 fit
1086 1902 1237 1941 homini
1259 1913 1368 1955 turpe
1389 1903 1583 1941 Censorio.
1630 1903 1748 1955 Agite

349 1982 452 2014 vero,
482 1968 549 2006 ille
569 1968 710 2020 inquit,
734 1977 776 2005 ut
796 1968 926 2005 vultis.
974 1968 1042 2005 Sed
1064 1982 1166 2006 nunc
1186 1969 1360 2020 quidem,
1382 1969 1565 2020 quoniam
1586 1968 1625 2006 id
1646 1977 1747 2005 tem-

349 2036 453 2089 poris
473 2035 539 2080 est,
561 2034 792 2087 surgendum
813 2035 960 2080 censeo,
992 2044 1029 2072 et
1050 2035 1388 2087 requiescendum:
1421 2035 1502 2087 post
1529 2034 1746 2078 meridiem,

350 2102 376 2140 fi
397 2102 450 2139 ita
468 2101 575 2139 vobis
596 2100 648 2138 est
665 2101 935 2145 commodum,
956 2101 1161 2152 loquemur
1181 2101 1341 2153 aliquid,
1373 2101 1441 2139 nisi
1461 2100 1560 2138 forte
1580 2102 1619 2138 in
1647 2099 1745 2138 cras-

349 2167 480 2205 tinum
499 2166 649 2205 differre
679 2167 872 2206 mavultis.
936 2168 1083 2205 Omnes
1104 2167 1139 2204 se
1160 2168 1218 2205 vel
1239 2167 1380 2212 statim,
1416 2167 1489 2212 vel,
1521 2167 1545 2204 si
1567 2166 1644 2219 ipse
1665 2166 1746 2220 post

344 2232 552 2271 meridiem
572 2233 717 2278 mallet,
748 2232 1041 2286 quamprimum
1061 2242 1187 2271 tamen
1204 2233 1331 2271 audire
1353 2233 1448 2272 velle
1467 2233 1661 2272 dixerunt.
