2176 2912
434 202 511 258 338
776 208 907 249 DE
1020 212 1493 253 CLARIS

433 306 618 350 tanquam
644 299 685 339 in
715 311 872 354 portum
901 303 1110 358 confugere
1136 306 1303 352 deberet,
1334 321 1413 346 non
1440 307 1599 353 inertiae,
1621 320 1745 360 neque
1763 307 1832 346 de·-

433 364 547 410 fidiae,
579 366 642 405 sed
668 369 739 406 otii
769 370 957 409 moderati
977 381 1091 424 atque
1110 371 1272 419 honesti,
1303 388 1473 427 cumque
1492 375 1572 427 ipsa
1602 376 1723 414 oratio
1747 375 1832 427 jam

432 430 557 469 nostra
588 434 812 481 canesceret,
852 435 1085 490 haberetque
1115 439 1220 478 suam
1255 440 1449 493 quandam
1482 441 1759 486 maturitatem,
1794 449 1834 480 et

432 498 537 548 quafi
570 499 815 548 feneitutem,
847 512 932 542 tum
963 518 1068 542 arma
1098 506 1184 544 sunt
1215 521 1257 544 ea
1291 507 1456 560 sumpta,
1492 508 1635 560 quibus
1662 508 1722 545 illi
1748 507 1832 560 ipfi,

432 563 501 613 qui
521 563 730 604 didicerant
751 568 803 605 eis
825 568 882 606 uti
901 569 1077 622 gloriose,
1100 572 1433 623 quemadmodum
1453 572 1661 611 salutariter
1678 582 1832 611 uteren-

431 636 509 673 tur,
531 643 609 668 non
629 633 878 684 reperiebant.
922 637 1056 687 Itaque
1076 637 1102 673 ii
1124 636 1223 674 mihi
1240 638 1418 676 videntur
1436 637 1629 676 fortunate
1649 639 1835 690 beateque

432 694 574 741 vixiffe,
596 711 689 735 cum
709 699 749 736 in
767 701 909 738 caeteris
930 702 1165 747 civitatibus,
1184 711 1269 741 tum
1290 704 1459 742 maxime
1474 704 1513 741 in
1536 704 1672 749 nostra,
1690 704 1833 755 quibus

431 758 524 799 cum
543 764 779 811 auctoritate,
811 780 1015 819 rerumque
1034 768 1224 821 gestarum
1244 770 1380 822 gloria,
1401 778 1489 808 tum
1508 770 1624 808 etiam
1644 770 1834 822 sapientiae

431 825 556 873 laude,
577 828 724 880 perfrui
744 831 868 871 licuit.
902 835 1083 885 Qorum
1103 836 1291 874 memoria
1308 844 1346 874 et
1362 835 1571 877 recordatio
1592 836 1631 874 in
1651 835 1833 874 maximis

430 892 565 931 nostris
586 896 885 950 gravissimisque
905 900 1004 937 curis
1020 900 1194 952 jucunda
1210 901 1294 940 sane
1313 901 1402 946 fuit,
1434 915 1527 940 cum
1547 902 1588 940 in
1607 915 1692 940 eam
1712 914 1834 955 nuper

430 971 478 998 ex
497 959 669 1000 sermone
689 964 858 1015 quodam
878 965 1153 1006 incidiffemus.

486 1032 561 1070 ΙΙΙ.
594 1034 701 1073 Nam
720 1048 812 1075 cum
832 1036 1115 1077 inambularem
1135 1039 1176 1078 in
1196 1039 1331 1091 Xysto,
1355 1048 1392 1077 et
1412 1039 1525 1077 effem
1544 1040 1687 1078 otiosus
1708 1038 1832 1083 domi,

431 1095 495 1134 Μ.
517 1097 563 1135 ad
595 1113 658 1137 me
678 1101 834 1147 Brutus,
865 1112 908 1141 ut
938 1104 1197 1149 consueverat,
1225 1119 1318 1143 cum
1349 1106 1403 1143 T.
1426 1106 1646 1157 Pomponio
1665 1113 1832 1149 venerat,

429 1159 608 1203 homines
629 1179 721 1205 cum
742 1168 841 1207 inter
860 1169 895 1206 se
915 1170 1126 1222 conjunffiti,
1149 1180 1234 1208 tum
1255 1170 1355 1208 mihi
1371 1171 1424 1209 ita
1443 1172 1532 1216 cari,
1548 1171 1834 1224 itaquejucun-

429 1228 484 1273 di,
507 1238 549 1268 ut
569 1244 703 1271 eorum
723 1234 874 1286 aspezstu
892 1236 1033 1281 omnis,
1056 1251 1140 1288 quae
1158 1251 1221 1275 me
1241 1238 1401 1289 angebat
1421 1237 1467 1275 de
1498 1238 1707 1291 republica,
1742 1250 1837 1275 cura

429 1296 654 1336 consederit.
706 1301 816 1352 Qos
837 1302 1038 1354 postquam
1058 1303 1229 1348 salutavi,
1263 1304 1372 1356 Qid
1392 1317 1473 1349 VOS,
1508 1304 1684 1356 inquam,
1714 1305 1834 1342 Brute

428 1368 466 1398 et
486 1362 631 1408 Attice,
662 1378 766 1403 nunc
785 1367 798 1404 ?
829 1368 925 1419 quid
945 1368 1101 1407 tandem
1122 1370 1210 1407 novi
1229 1370 1241 1407 ?
1273 1368 1373 1408 nihil
1392 1370 1491 1415 sane,
1525 1370 1654 1423 inquit
1675 1371 1835 1414 Brutus,

429 1428 534 1479 quod
554 1430 714 1481 quidem
733 1441 798 1470 aut
819 1442 862 1471 tu
893 1434 1022 1473 audire
1042 1435 1149 1480 velis,
1186 1444 1250 1474 aut
1281 1450 1353 1489 ego
1384 1450 1454 1489 pro
1485 1445 1588 1475 certo
1608 1436 1732 1474 dicere
1760 1448 1832 1473 au-

430 1494 554 1534 deam.

484 1562 595 1598 Tum
616 1562 786 1607 Atticus,
817 1577 875 1608 eo,
912 1565 1057 1616 inquit,
1086 1567 1132 1604 ad
1163 1575 1199 1604 te
1219 1567 1349 1605 animo
1379 1568 1592 1611 veniemus,
1623 1575 1665 1605 ut
1695 1567 1740 1605 de
1768 1580 1833 1605 re·-

429 1626 584 1678 publica
604 1627 692 1665 esset
711 1628 922 1674 silentium,
948 1641 986 1668 et
1005 1631 1153 1683 aliquid
1172 1633 1390 1671 audiremus
1413 1634 1540 1685 potius
1562 1647 1609 1671 ex
1631 1642 1679 1678 te,
1711 1647 1832 1685 quam

430 1702 467 1730 te
487 1693 723 1732 afficeremus
742 1695 820 1732 ulla
840 1696 1025 1735 molestia.
1067 1698 1147 1736 Vos
1178 1712 1278 1744 vero,
1300 1699 1475 1750 inquam,
1499 1700 1643 1743 Attice,
1674 1709 1711 1737 et
1732 1713 1835 1751 prata

430 1760 573 1798 sentem
594 1774 656 1798 me
676 1774 765 1798 cura
784 1761 928 1807 levatis,
960 1773 996 1800 et
1026 1763 1171 1802 absenti
1192 1778 1331 1817 magna
1351 1766 1478 1803 solatia
1509 1765 1660 1803 dedistis
1679 1784 1690 1810 3
1724 1779 1836 1810 nam,

429 1827 558 1865 vestris
595 1827 765 1879 primum
787 1828 904 1866 literis
927 1840 1127 1875 recreatus,
1159 1844 1221 1868 me
1241 1831 1287 1869 ad
1314 1832 1470 1884 pristina
1502 1832 1622 1870 studia
1642 1832 1836 1871 revocavi,

430 1894 539 1930 Tum
561 1893 639 1937 ille,
668 1894 757 1946 legi,
781 1895 924 1947 inquit,
939 1896 1182 1948 perlubenter
1202 1898 1416 1950 epistolam,
1434 1912 1551 1950 quam
1569 1898 1615 1936 ad
1636 1908 1672 1936 te
1688 1900 1829 1936 Brutus

430 1959 532 1996 misit
552 1972 597 1996 ex
620 1959 720 2004 Afia,
751 1974 825 2011 qua
846 1960 945 1999 mihi
965 1961 1064 2000 visus
1084 1962 1136 2000 est
1152 1972 1189 2000 et
1211 1977 1365 2002 monere
1387 1973 1422 2001 te
1450 1963 1655 2016 prudenter
1674 1973 1712 2001 et
1731 1977 1828 2001 con-

430 2024 537 2062 solari
557 2025 794 2064 amiciffime.
838 2028 970 2071 Recffte,
993 2028 1166 2079 inquam,
1187 2029 1239 2066 est
1258 2029 1371 2067 visus.
1417 2030 1524 2068 Nam
1545 2043 1607 2067 me
1637 2028 1714 2067 istis
1735 2029 1835 2066 scito

431 2089 564 2134 literis,
595 2104 641 2127 ex
663 2091 842 2128 diuturna
862 2093 1148 2144 perturbatione
1171 2094 1287 2131 totius
1312 2094 1557 2138 valetudinis,
1580 2103 1762 2146 tanquam
1783 2094 1834 2132 ad

429 2155 684 2207 aspiciendam
716 2157 843 2195 lucem
865 2158 935 2196 effe
957 2169 1190 2197 revocatum.
1242 2161 1372 2211 Atque
1400 2169 1454 2204 ut,
1486 2160 1568 2212 post
1589 2160 1834 2199 Cannensem

430 2221 539 2259 illam
559 2221 830 2267 calamitatem,
866 2225 1039 2276 primum
1058 2225 1237 2263 Marcelli
1264 2226 1309 2263 ad
1331 2226 1475 2265 Nolam
1508 2226 1637 2279 praelio
1662 2227 1834 2279 populus.

432 2287 466 2324 se
492 2288 691 2326 Romanus
712 2289 846 2333 erexit,
877 2290 1078 2342 posteaque
1097 2291 1278 2344 prosperae
1299 2306 1355 2330 res
1372 2292 1550 2344 deinceps
1581 2293 1714 2330 multae
1731 2306 1828 2331 con—

432 2353 565 2391 secuta:
587 2353 674 2392 sunt
686 2373 698 2399 5
731 2355 792 2399 tic,
817 2356 899 2408 post
919 2370 1046 2394 rerum
1068 2357 1279 2396 nostrarum
1300 2368 1336 2396 et
1356 2360 1630 2398 communium
1656 2359 1826 2413 graviffi-

431 2434 516 2458 mos
534 2419 652 2464 casus,
676 2420 772 2459 nihil
794 2432 879 2460 ante
900 2423 1099 2475 epistolam
1120 2425 1225 2461 Bruti
1243 2424 1343 2462 mihi
1366 2425 1517 2469 accidit,
1549 2425 1653 2479 quod
1673 2425 1831 2470 vellem,

431 2495 495 2524 aut
515 2486 619 2537 quod
639 2487 766 2539 aliqua
785 2502 831 2526 ex
852 2498 954 2540 parte
971 2488 1246 2528 sollicitudines
1268 2491 1444 2529 allevaret
1463 2505 1580 2530 meas,

485 2553 594 2591 Tum
612 2553 766 2599 Brutus,
790 2555 909 2594 Volui
924 2555 962 2593 id
983 2556 1142 2608 quidem
1158 2556 1306 2596 efficere
1326 2566 1441 2602 certe,
1463 2566 1500 2596 et
1520 2558 1629 2611 capio
1641 2569 1829 2610 magnum
