2176 2912
485 193 566 244 446
931 190 1462 228 ORATOR.

487 285 528 323 in
550 282 758 337 tragoediis,
790 290 828 319 et
857 281 1075 334 tragoedum
1110 281 1150 319 in
1180 281 1384 319 comoediis
1418 280 1630 319 admodum
1657 280 1806 334 placere
1835 282 1894 320 vi-

488 352 633 390 dimus.
693 350 780 402 Ego
812 362 890 386 non
927 347 1157 385 elaborem?
1190 348 1296 385 Cum
1328 347 1416 385 dico
1449 361 1539 391 me;
1573 357 1609 385 te
1629 349 1761 393 Brute,
1792 348 1894 387 dico.

487 419 597 457 Nam
618 418 658 455 in
678 429 741 455 me
760 415 921 468 quidem
936 414 1172 466 jampridem
1192 413 1373 452 effeetum
1393 414 1458 458 est,
1479 414 1584 466 quod
1604 413 1784 453 futurum
1804 414 1895 453 fuit.

487 485 556 523 Tu
575 492 705 522 autem
725 482 860 520 eodem
881 481 999 519 modo
1019 494 1154 518 omnes
1181 480 1307 518 causas
1335 494 1419 533 ages
1440 482 1452 518 ?
1484 490 1550 519 aut
1581 481 1737 533 aliquod
1768 481 1897 519 causa-

490 565 577 590 rum
598 564 719 603 genus
741 548 986 602 repudiabis?
1018 557 1082 585 aut
1102 548 1142 584 in
1163 547 1299 584 iisdem
1324 548 1440 585 causis
1462 556 1709 600 perpetuum,
1743 557 1780 585 et
1801 553 1905 585 eun-v

489 617 581 655 dem
613 615 792 669 spiritum
824 615 901 652 fine
926 613 1004 651 ulla
1033 613 1338 650 commutatione
1364 612 1586 651 obtinebis?
1618 612 1898 651 Demosthenes

490 684 665 737 quidem,
696 683 806 733 cujus
841 694 964 733 nuper
997 680 1096 717 inter
1121 679 1308 731 imagines
1343 689 1439 723 tuas,
1481 693 1523 717 ac
1558 688 1730 724 tuorum,
1779 679 1901 732 (quod

489 764 595 794 eum,
626 747 754 792 credo,
775 746 938 797 amares)
969 758 1063 783 cum
1083 744 1130 782 ad
1158 753 1194 782 te
1214 745 1255 782 in
1282 744 1553 783 Tusculanum
1580 744 1776 789 veniffem,
1798 745 1898 783 ima-

489 816 624 869 ginem
653 828 700 852 ex
731 826 801 852 aere
835 812 929 856 vidi,
960 810 1061 849 nihil
1092 810 1212 863 Lyfiae
1233 809 1443 848 subtilitate
1475 811 1590 855 cedit,
1623 809 1722 849 nihil
1742 810 1900 864 argutiis

491 891 529 920 et
546 881 727 919 acumine
747 878 955 932 Hyperidi,
986 876 1085 915 nihil
1118 876 1275 914 lenitate
1295 875 1487 921 AEschini,
1519 886 1557 915 et
1585 876 1784 930 splendore
1813 889 1899 915 ver·

491 948 648 987 borum.
691 946 834 985 Multae
854 945 942 984 sunt
967 945 1047 996 ejus
1070 952 1158 982 totae
1177 943 1365 981 orationes
1388 943 1557 988 subtiles,
1579 953 1623 981 ut
1643 953 1775 982 contra
1795 944 1899 995 Lep-

491 1015 645 1058 tinem3
691 1011 825 1051 multae
859 1020 948 1049 totae
982 1023 1126 1063 grave8‚
1173 1019 1215 1047 ut
1255 1009 1432 1062 quaedam
1466 1008 1721 1062 Philippicae,
1768 1009 1902 1047 multae

492 1082 617 1125 variae,
649 1088 692 1118 ut
721 1087 855 1117 contra
874 1076 1114 1122 AEschinem,
1145 1075 1244 1114 falsae
1265 1076 1480 1128 legationis,
1513 1085 1555 1114 ut
1575 1085 1708 1113 contra
1736 1076 1902 1114 eundem

494 1161 564 1202 pro
584 1145 692 1185 causa
712 1143 990 1197 Ctefiphontis.
1022 1145 1111 1195 Jam
1133 1142 1231 1180 illud
1252 1143 1441 1186 medium,
1460 1142 1609 1194 quoties
1632 1142 1729 1186 vult,
1755 1142 1902 1194 arripit,

493 1224 533 1253 et
563 1228 584 1252 a
613 1211 831 1266 graviffimo
851 1210 1062 1255 discedens,
1092 1209 1137 1247 eo
1170 1209 1412 1262 potiffimum
1438 1209 1642 1247 delabitur.
1704 1208 1902 1248 Clamores

493 1289 625 1319 tamen
655 1288 742 1317 tum
776 1286 921 1322 movet,
953 1286 991 1315 et
1022 1286 1108 1315 tum
1142 1276 1183 1314 in
1215 1275 1379 1314 dicendo
1408 1275 1626 1328 plurimum
1646 1275 1779 1320 efficit,
1810 1288 1904 1314 cum

492 1346 688 1401 gravitatis
708 1345 805 1384 locis
825 1345 961 1383 utitur.

549 1414 622 1453 Sed
652 1413 699 1451 ab
732 1411 808 1450 hoc
843 1424 1046 1465 parumper
1083 1410 1277 1454 abeamus,
1323 1410 1640 1462 quandoquidem
1674 1409 1720 1447 de
1750 1422 1901 1462 genere,

494 1495 573 1519 non
594 1480 640 1518 de
671 1478 832 1517 homine
852 1478 1075 1530 quaerimus.
1136 1477 1211 1514 Rei
1231 1477 1376 1529 potius,
1407 1476 1447 1514 id
1478 1476 1543 1521 est,
1574 1476 1804 1528 eloquentiae
1824 1475 1905 1512 vim

495 1557 533 1585 et
563 1555 738 1584 naturam
757 1545 1011 1597 explicemus.
1072 1543 1177 1580 Illud
1207 1552 1349 1587 tamen,
1381 1543 1485 1594 quod
1506 1544 1588 1594 jam
1609 1551 1696 1580 ante
1716 1542 1902 1586 diximus,

497 1612 806 1655 meminerimus,
830 1610 884 1648 nil
912 1623 979 1648 nos
1009 1609 1255 1662 praecipiendi
1275 1609 1383 1646 causa
1403 1608 1474 1646 effe
1494 1610 1660 1647 diffituros
1677 1626 1688 1652 3
1720 1617 1834 1660 atque
1853 1608 1906 1645 ita

495 1680 624 1732 potius
657 1680 818 1721 aeluros,
851 1685 894 1713 ut
925 1676 1201 1713 existimatores
1233 1675 1430 1713 videamur
1460 1675 1582 1727 loqui,
1614 1688 1691 1712 non
1719 1673 1902 1726 magistri.

496 1748 542 1785 In
565 1759 643 1798 quo
665 1754 793 1782 tamen
821 1743 974 1795 longius
1007 1742 1289 1794 progredimur,
1320 1742 1425 1794 quod
1455 1742 1630 1779 videmus
1651 1755 1729 1778 non
1761 1749 1796 1778 te
1823 1739 1905 1779 haec

497 1813 621 1851 solum
643 1811 712 1849 effe
732 1811 937 1853 leeturum,
969 1810 1036 1861 qui
1058 1823 1098 1845 ea
1119 1808 1260 1853 multo,
1292 1822 1409 1860 quam
1436 1821 1519 1852 nos,
1551 1808 1618 1860 qui
1639 1807 1742 1859 quasl
1772 1807 1907 1845 docere

497 1878 709 1920 videamur,
727 1875 865 1913 habeas
888 1875 1059 1919 notiora,
1083 1874 1143 1912 sed
1161 1873 1267 1912 hune
1287 1874 1434 1912 librum
1451 1874 1568 1912 etiam
1587 1874 1610 1912 fi
1633 1873 1762 1911 minus
1783 1872 1907 1911 nostra

497 1931 850 1987 commendatione,
883 1951 949 1980 tuo
971 1951 1098 1980 tamen
1121 1942 1279 1980 nomine
1300 1941 1489 1994 divulgari
1510 1940 1653 1980 necefi'e
1673 1941 1739 1978 est.

554 2011 729 2048 XXXII.
763 2009 847 2047 Effe
869 2009 987 2061 igitur
1007 2007 1171 2062 perfefflte
1193 2008 1409 2060 eloquentis
1431 2017 1540 2060 puto,
1573 2020 1650 2044 non
1671 2019 1754 2044 eam
1780 2004 1907 2044 solum

498 2077 722 2115 facultatem
758 2075 909 2120 habere,
942 2088 1026 2127 quae
1061 2075 1105 2112 sit
1136 2076 1216 2127 ejus
1242 2074 1407 2127 propria,
1438 2072 1534 2117 fuse,
1566 2072 1716 2124 lateque
1737 2071 1906 2116 dicendi,

500 2144 559 2182 scd
580 2145 695 2181 etiam
716 2143 886 2180 vicinam
906 2143 1001 2193 ejus,
1025 2151 1138 2193 atque
1158 2140 1383 2184 finitimam,
1401 2139 1689 2177 dialecticorum
1710 2137 1907 2177 scientiam

498 2209 693 2248 assumere.
755 2210 991 2260 Qanquam
1025 2206 1129 2244 aliud
1163 2206 1313 2244 videtur
1332 2206 1453 2244 oratio
1483 2205 1568 2251 effe,
1599 2204 1703 2243 aliud
1735 2203 1906 2257 disputa-
1932 2200 1935 2203 ¹

499 2277 554 2314 tio
571 2295 581 2320 ς
614 2289 682 2313 nec
714 2275 817 2312 idem
849 2274 957 2326 loqui
990 2273 1073 2317 effe,
1106 2273 1211 2325 quod
1238 2273 1361 2311 dicere
1377 2291 1389 2317 3
1421 2281 1587 2311 attamen
1621 2281 1833 2324 utrumque
1865 2271 1907 2310 in

499 2341 708 2381 differendo
729 2340 795 2379 est.
856 2339 1087 2393 Disputandi
1109 2340 1215 2384 ratio,
1235 2349 1271 2377 et
1292 2339 1491 2392 loquendi,
1523 2325 1812 2378 dialeffiticorum
1832 2337 1877 2376 fit
1892 2355 1906 2383 3

499 2417 695 2446 oratorum
717 2417 860 2451 autem,
883 2406 1050 2451 dicendi,
1087 2415 1125 2444 et
1145 2406 1318 2444 ornandi.
1353 2406 1463 2444 Zeno
1486 2406 1646 2458 quidem
1677 2405 1757 2450 ille,
1788 2417 1809 2442 a
1827 2416 1908 2456 quo

500 2473 700 2528 disciplina
731 2473 949 2513 Stoicorum
980 2472 1045 2518 est,
1078 2486 1195 2512 manu
1215 2472 1471 2511 demonstrare
1504 2472 1662 2517 solebat,
1695 2470 1790 2524 quid
1807 2469 1907 2509 inter
