2176 2912
592 125 870 170 LIBER
927 119 1428 162 SECUNDUS.
1638 130 1717 168 219

317 230 560 270 defendimus
577 247 589 273 3
621 236 664 264 ut
684 224 938 264 conciliemus
960 219 1069 258 nobis
1089 231 1168 262 εοε,
1199 217 1265 269 qui
1287 216 1473 260 audiunt3
1505 222 1548 252 ut
1568 214 1718 252 animos

317 311 466 342 eorum,
487 295 533 334 ad
553 302 827 346 quemcunque
847 286 956 326 causa
974 284 1182 339 postulabit
1202 290 1372 326 motum,
1394 293 1592 319 vocemus.

374 364 438 401 Ad
470 358 713 414 probandum
743 364 873 394 autem
905 353 1048 406 duplex
1079 350 1132 388 est
1164 349 1305 387 oratori
1335 347 1501 399 subjecta
1529 345 1718 384 materies.

321 430 422 472 Una,
454 440 580 465 rerum
601 437 747 467 earum,
778 435 863 473 quae
884 432 962 457 non
983 416 1252 468 excogitantur
1272 414 1318 452 ab
1339 422 1501 457 oratore,
1526 411 1601 455 sed,
1623 411 1662 448 in
1683 423 1722 447 re

320 495 460 549 politae,
493 492 636 530 ratione
657 491 890 531 tractantur3
924 494 966 523 ut
983 483 1136 528 tabulae,
1155 481 1385 524 testimonia,
1408 481 1528 532 pacta,
1551 490 1722 516 conven-

322 569 372 605 ta,
396 558 634 612 quaestiones,
661 555 779 607 leges,
810 548 1142 594 senatusconsulta,
1172 561 1228 585 res
1244 546 1438 599 judicatae,
1461 544 1624 587 decreta,
1647 540 1725 579 res·

322 625 451 679 ponsa,
482 633 520 661 et
540 622 700 673 reliqua,
731 620 756 657 s1
778 632 861 670 quae
882 616 982 660 sunt,
1016 628 1101 666 quae
1124 627 1201 651 non
1223 611 1464 664 reperiuntur
1497 609 1544 646 ab
1564 616 1725 650 oratore,

324 691 384 730 sed
405 691 452 728 ad
472 699 663 727 oratorem
683 700 704 724 a
722 684 843 729 causa,
865 692 980 735 atque
1000 695 1020 719 a
1035 681 1122 725 reis,
1139 678 1378 717 deferuntur.
1411 676 1544 714 Altera
1559 674 1624 718 est,
1643 686 1728 725 quae

325 767 406 795 tota
425 757 465 795 in
486 753 741 807 disputatione
771 760 810 788 et
830 747 1159 801 argumentatione
1189 745 1346 783 oratoris
1368 742 1554 781 collocata
1573 740 1638 778 est.
1672 740 1733 777 Ita

328 825 369 861 in
390 822 580 874 superiore
599 831 735 871 genere
756 817 802 854 de
821 814 1023 853 tractandis
1040 811 1291 864 argumentis,
1309 811 1349 847 in
1370 809 1444 846 hoc
1462 817 1592 846 autem
1611 807 1731 844 etiam

327 890 373 928 de
392 886 644 929 inveniendis,
666 882 916 935 cogitandum
938 880 1003 918 est.
1036 881 1169 930 Atque
1199 877 1259 915 isti
1280 876 1455 929 quidem,
1487 874 1555 926 qui
1576 873 1730 916 docent,

329 969 421 993 cum
441 953 566 991 causas
597 952 637 988 in
671 949 780 1003 plura
799 960 936 1001 genera
964 946 1177 989 secuerunt,
1208 943 1365 995 singulis
1387 940 1589 994 generibus
1617 951 1732 990 argu—

330 1030 552 1060 mentorum
572 1017 724 1069 copiam
746 1015 967 1066 suggerunt.
1000 1011 1120 1062 Qod
1151 1009 1216 1047 etfi
1248 1009 1294 1046 ad
1314 1006 1565 1045 instituendos
1587 1002 1734 1041 adoles-

332 1085 508 1125 centulos
529 1084 651 1134 magis
672 1090 805 1133 aptum
837 1079 903 1123 est,
937 1087 993 1122 ut,
1015 1076 1128 1115 fimul
1153 1089 1196 1113 ac
1218 1074 1337 1127 posita
1356 1074 1401 1111 fit
1420 1071 1542 1116 causa,
1570 1069 1736 1108 habeant

333 1165 412 1204 quo
433 1150 467 1188 se
487 1147 664 1191 referant,
697 1148 797 1183 unde
825 1145 951 1183 statim
971 1142 1150 1195 expedita
1179 1140 1319 1194 poffint
1338 1146 1565 1192 argumenta
1595 1136 1736 1188 depro-

334 1230 439 1256 mere
455 1234 466 1261 ;
499 1226 627 1253 tamen
648 1223 685 1250 et
706 1212 802 1250 tardi
823 1210 968 1263 ingenii
990 1209 1042 1246 est
1061 1207 1203 1246 rivulos
1225 1205 1443 1250 consectari,
1460 1203 1586 1242 fontes
1608 1214 1738 1240 rerum

335 1298 413 1323 non
433 1282 583 1325 videre3
615 1280 747 1332 etjam
769 1278 887 1316 aetatis
908 1276 960 1314 est
982 1275 1143 1327 ususque
1163 1273 1293 1317 nostri,
1315 1286 1335 1309 a
1355 1272 1493 1324 capite,
1515 1269 1620 1322 quod
1640 1267 1738 1306 veli-

337 1363 440 1394 mu8‚
472 1347 658 1392 arceii‘ere,
681 1355 732 1390 et,
756 1345 856 1383 unde
875 1343 1007 1381 omnia
1026 1350 1196 1386 manant,
1227 1340 1367 1378 videre.
1404 1340 1457 1376 Et
1476 1334 1648 1390 primum
1669 1348 1738 1387 ge-

339 1430 410 1456 nus
431 1414 529 1452 illud
550 1427 678 1451 earum
701 1425 843 1455 rerum,
866 1424 950 1462 quae
970 1409 1015 1447 ad
1035 1417 1225 1446 oratorem
1245 1405 1483 1448 deferuntur,
1507 1402 1740 1441 meditatum

339 1482 450 1522 nobis
466 1482 507 1519 in
523 1488 753 1533 perpetuum
772 1477 818 1515 ad
834 1489 994 1514 omnem
1011 1474 1122 1512 usum
1138 1472 1323 1510 fimilium
1340 1484 1466 1508 rerum
1483 1468 1554 1507 esse
1570 1467 1740 1506 debebit.

340 1549 447 1588 Nam
467 1561 536 1601 pro
555 1545 696 1584 tabulis
717 1553 755 1583 et
774 1552 908 1582 contra
927 1541 1074 1580 tabulas
1089 1558 1102 1585 3
1133 1552 1203 1592 pro
1219 1538 1377 1576 testibus
1397 1547 1434 1575 et
1454 1544 1586 1574 contra
1606 1533 1713 1572 testes
1727 1551 1741 1578 ς

341 1629 410 1669 pro
431 1612 702 1667 quaestionibus
732 1620 769 1649 et
789 1619 921 1649 contra
939 1607 1188 1661 quaestiones;
1220 1614 1257 1644 et
1283 1605 1379 1643 item
1399 1604 1446 1642 de
1465 1603 1610 1641 caeteris
1629 1601 1742 1638 rebus

343 1680 512 1734 ejusdem
533 1678 695 1732 generis,
727 1677 788 1715 vel
807 1676 1006 1729 separatim
1035 1673 1161 1711 dicere
1180 1671 1345 1710 solemus
1367 1670 1412 1708 de
1432 1681 1567 1722 genere
1589 1667 1744 1705 univer-

345 1747 398 1791 so,
419 1746 479 1784 vel
500 1744 656 1783 definite
676 1743 723 1781 de
743 1742 900 1795 singulis
921 1739 1174 1792 temporibus,
1196 1737 1437 1781 hominibus,
1469 1734 1585 1773 caufis
1605 1749 1613 1772 :
1646 1745 1745 1785 quos

347 1812 507 1865 quidem
529 1811 634 1848 locos
670 1809 795 1861 (vobis
827 1807 918 1852 hoc,
954 1808 1082 1850 Cotta,
1105 1814 1142 1843 et
1163 1805 1326 1857 Sulpici,
1347 1803 1451 1854 dico)
1476 1801 1599 1840 multa
1633 1813 1746 1838 com-

347 1878 584 1917 mentatione
618 1885 732 1928 atque
767 1873 1016 1913 meditatione
1049 1880 1195 1924 paratos
1227 1879 1341 1922 atque
1375 1868 1573 1920 expeditos
1609 1865 1750 1903 habere

348 1944 507 1982 debetis.
540 1943 725 1994 Longum
746 1940 798 1978 est
818 1940 923 1977 enim
945 1951 1047 1976 nunc
1079 1950 1142 1974 me
1169 1935 1372 1988 explicare,
1405 1947 1480 1985 qua
1510 1932 1654 1970 ratione
1683 1940 1750 1968 aut

349 2010 588 2054 confirmare,
625 2017 689 2046 aut
720 2006 913 2045 infirmare
943 2005 1065 2049 testes,
1103 2002 1265 2047 tabulas,
1294 2000 1532 2053 quaestiones,
1560 2006 1746 2051 oporteat.

351 2078 447 2116 Haec
479 2076 566 2114 sunt
595 2074 725 2113 omnia
762 2073 908 2125 ingenii
941 2071 1001 2110 vel
1035 2069 1270 2113 mediocris,
1308 2065 1590 2105 exercitationis
1620 2073 1750 2102 autem

351 2142 556 2182 maximae:
589 2150 709 2178 artem
731 2139 906 2192 quidem,
938 2146 976 2176 et
1003 2145 1187 2189 praecepta
1217 2135 1400 2173 duntaxat
1419 2132 1599 2170 haetenus
1620 2131 1751 2183 requi-

353 2218 457 2253 runt,
480 2217 521 2246 ut
541 2207 652 2245 certis
674 2206 825 2244 dicendi
846 2205 1063 2243 luminibus
1086 2212 1283 2242 ornentur.

411 2276 587 2326 Itemque
618 2273 696 2317 illa,
719 2286 802 2324 quae
823 2272 908 2310 sunt
939 2271 1094 2308 alterius
1115 2269 1276 2322 generis,
1313 2281 1397 2319 quae
1419 2275 1498 2304 tota
1528 2265 1575 2302 ab
1606 2272 1753 2302 oratore

357 2340 569 2393 pariuntur,
591 2338 916 2389 excogitationem
936 2350 1012 2374 non
1033 2334 1177 2373 habent
1208 2333 1424 2376 difficilem,
1456 2331 1753 2383 explicationem

359 2405 479 2458 magis
503 2404 687 2442 illustrem
709 2403 1014 2456 perpolitamque
1046 2401 1267 2438 defiderant.
1301 2400 1434 2450 Itaque
1455 2411 1545 2434 cum
1567 2395 1647 2433 haec
1678 2395 1754 2430 duo

359 2473 469 2511 nobis
491 2470 690 2523 quaerenda
711 2470 780 2508 sint
802 2470 839 2507 in
861 2469 992 2514 caulis,
1014 2465 1201 2521 primum,
1220 2465 1352 2517 Qid;
1375 2463 1525 2507 deinde,
1545 2459 1756 2512 Qomodo

443 2544 564 2581 Τοῖα.
590 2542 641 2579 II.
1287 2536 1348 2573 *E
1379 2549 1398 2572 e
1431 2547 1452 2572 2
