<?xml version="1.0" encoding="UTF-8"?>
<!DOCTYPE html PUBLIC "-//W3C//DTD XHTML 1.0 Transitional//EN"
    "http://www.w3.org/TR/xhtml1/DTD/xhtml1-transitional.dtd">
<html xmlns="http://www.w3.org/1999/xhtml" xml:lang="en" lang="en">
 <head>
  <title>
</title>
<meta http-equiv="Content-Type" content="text/html;charset=utf-8" />
  <meta name='ocr-system' content='tesseract 3.04.00' />
  <meta name='ocr-capabilities' content='ocr_page ocr_carea ocr_par ocr_line ocrx_word'/>
</head>
<body>
  <div class='ocr_page' id='page_1' title='image "./operacumindicibu01ciceuoft_0214.png"; bbox 0 0 2176 2912; ppageno 0'>
   <div class='ocr_carea' id='block_1_1' title="bbox 410 233 1460 278">
    <p class='ocr_par' dir='ltr' id='par_1_1' title="bbox 410 233 1460 278">
     <span class='ocr_line' id='line_1_1' title="bbox 410 233 1460 278; baseline 0.009 -12"><span class='ocrx_word' id='word_1_1' title='bbox 410 239 489 278; x_wconf 86' lang='lat'>204</span> <span class='ocrx_word' id='word_1_2' title='bbox 764 233 877 272; x_wconf 84' lang='lat' dir='ltr'>DE</span> <span class='ocrx_word' id='word_1_3' title='bbox 955 235 1460 274; x_wconf 83' lang='lat' dir='ltr'>ORATORE</span> 
     </span>
    </p>
   </div>
   <div class='ocr_carea' id='block_1_2' title="bbox 394 318 1837 2608">
    <p class='ocr_par' dir='ltr' id='par_1_2' title="bbox 398 318 1837 1352">
     <span class='ocr_line' id='line_1_2' title="bbox 406 318 1837 383; baseline 0.006 -24"><span class='ocrx_word' id='word_1_4' title='bbox 406 321 626 363; x_wconf 62' lang='lat' dir='ltr'>confectio:</span> <span class='ocrx_word' id='word_1_5' title='bbox 657 327 765 379; x_wconf 85' lang='lat' dir='ltr'>cujus</span> <span class='ocrx_word' id='word_1_6' title='bbox 797 329 862 372; x_wconf 89' lang='lat' dir='ltr'>rei,</span> <span class='ocrx_word' id='word_1_7' title='bbox 895 329 1167 381; x_wconf 77' lang='lat' dir='ltr'>memoriaeque</span> <span class='ocrx_word' id='word_1_8' title='bbox 1185 330 1353 383; x_wconf 82' lang='lat' dir='ltr'>publicae</span> <span class='ocrx_word' id='word_1_9' title='bbox 1380 328 1584 368; x_wconf 86' lang='lat' dir='ltr'>retinendae</span> <span class='ocrx_word' id='word_1_10' title='bbox 1604 325 1733 374; x_wconf 70' lang='lat' dir='ltr'>causa,</span> <span class='ocrx_word' id='word_1_11' title='bbox 1759 329 1807 368; x_wconf 87' lang='lat' dir='ltr'>ab</span> <span class='ocrx_word' id='word_1_12' title='bbox 1834 318 1837 320; x_wconf 21' lang='grc' dir='ltr'>Ι</span> 
     </span>
     <span class='ocr_line' id='line_1_3' title="bbox 407 389 1805 448; baseline 0.006 -23"><span class='ocrx_word' id='word_1_13' title='bbox 407 389 522 427; x_wconf 89' lang='lat' dir='ltr'>initio</span> <span class='ocrx_word' id='word_1_14' title='bbox 560 404 686 429; x_wconf 88' lang='lat' dir='ltr'>rerum</span> <span class='ocrx_word' id='word_1_15' title='bbox 726 394 992 433; x_wconf 85' lang='lat' dir='ltr'>Romanarum</span> <span class='ocrx_word' id='word_1_16' title='bbox 1031 396 1148 448; x_wconf 81' lang='lat' dir='ltr'>usque</span> <span class='ocrx_word' id='word_1_17' title='bbox 1185 397 1231 434; x_wconf 92' lang='lat' dir='ltr'>ad</span> <span class='ocrx_word' id='word_1_18' title='bbox 1269 397 1313 434; x_wconf 91' lang='grc' dir='ltr'>Ρ.</span> <span class='ocrx_word' id='word_1_19' title='bbox 1342 397 1543 441; x_wconf 89' lang='lat' dir='ltr'>Mucium,</span> <span class='ocrx_word' id='word_1_20' title='bbox 1575 395 1805 434; x_wconf 84' lang='lat' dir='ltr'>Pontificem</span> 
     </span>
     <span class='ocr_line' id='line_1_4' title="bbox 406 454 1805 512; baseline 0.006 -21"><span class='ocrx_word' id='word_1_21' title='bbox 406 454 646 501; x_wconf 80' lang='lat' dir='ltr'>Maximum,</span> <span class='ocrx_word' id='word_1_22' title='bbox 662 471 718 495; x_wconf 88' lang='lat' dir='ltr'>res</span> <span class='ocrx_word' id='word_1_23' title='bbox 734 472 868 497; x_wconf 79' lang='lat' dir='ltr'>omnes</span> <span class='ocrx_word' id='word_1_24' title='bbox 883 460 1121 512; x_wconf 85' lang='lat' dir='ltr'>fingulorum</span> <span class='ocrx_word' id='word_1_25' title='bbox 1139 475 1327 499; x_wconf 83' lang='lat' dir='ltr'>annorum</span> <span class='ocrx_word' id='word_1_26' title='bbox 1347 462 1551 499; x_wconf 84' lang='lat' dir='ltr'>mandabat</span> <span class='ocrx_word' id='word_1_27' title='bbox 1567 461 1686 499; x_wconf 84' lang='lat' dir='ltr'>literis</span> <span class='ocrx_word' id='word_1_28' title='bbox 1700 462 1805 499; x_wconf 91' lang='lat' dir='ltr'>Pon-</span> 
     </span>
     <span class='ocr_line' id='line_1_5' title="bbox 406 518 1805 579; baseline 0.005 -23"><span class='ocrx_word' id='word_1_29' title='bbox 406 518 502 557; x_wconf 85' lang='lat' dir='ltr'>tifex</span> <span class='ocrx_word' id='word_1_30' title='bbox 537 521 754 568; x_wconf 84' lang='lat' dir='ltr'>Maximus,</span> <span class='ocrx_word' id='word_1_31' title='bbox 786 524 1042 577; x_wconf 76' lang='lat' dir='ltr'>efferebatque</span> <span class='ocrx_word' id='word_1_32' title='bbox 1063 526 1102 563; x_wconf 89' lang='lat' dir='ltr'>in</span> <span class='ocrx_word' id='word_1_33' title='bbox 1134 526 1282 571; x_wconf 87' lang='lat' dir='ltr'>album,</span> <span class='ocrx_word' id='word_1_34' title='bbox 1318 536 1355 564; x_wconf 88' lang='lat' dir='ltr'>et</span> <span class='ocrx_word' id='word_1_35' title='bbox 1375 526 1612 579; x_wconf 85' lang='lat' dir='ltr'>proponebat</span> <span class='ocrx_word' id='word_1_36' title='bbox 1633 526 1805 564; x_wconf 87' lang='lat' dir='ltr'>tabulam</span> 
     </span>
     <span class='ocr_line' id='line_1_6' title="bbox 405 584 1804 643; baseline 0.005 -21"><span class='ocrx_word' id='word_1_37' title='bbox 405 584 527 630; x_wconf 92' lang='lat' dir='ltr'>domi,</span> <span class='ocrx_word' id='word_1_38' title='bbox 558 587 717 639; x_wconf 79' lang='lat' dir='ltr'>potestas</span> <span class='ocrx_word' id='word_1_39' title='bbox 739 598 781 626; x_wconf 90' lang='lat' dir='ltr'>ut</span> <span class='ocrx_word' id='word_1_40' title='bbox 808 590 894 627; x_wconf 85' lang='lat' dir='ltr'>effet</span> <span class='ocrx_word' id='word_1_41' title='bbox 925 592 1071 642; x_wconf 88' lang='lat' dir='ltr'>populo</span> <span class='ocrx_word' id='word_1_42' title='bbox 1104 591 1382 642; x_wconf 72' lang='lat' dir='ltr'>cognoscendi,</span> <span class='ocrx_word' id='word_1_43' title='bbox 1412 591 1532 643; x_wconf 83' lang='lat' dir='ltr'>hique</span> <span class='ocrx_word' id='word_1_44' title='bbox 1565 591 1682 629; x_wconf 88' lang='lat' dir='ltr'>etiarn</span> <span class='ocrx_word' id='word_1_45' title='bbox 1702 604 1804 629; x_wconf 87' lang='lat' dir='ltr'>nunc</span> 
     </span>
     <span class='ocr_line' id='line_1_7' title="bbox 404 652 1804 694; baseline 0.004 -6"><span class='ocrx_word' id='word_1_46' title='bbox 404 652 573 689; x_wconf 84' lang='lat' dir='ltr'>Annales</span> <span class='ocrx_word' id='word_1_47' title='bbox 619 654 781 691; x_wconf 83' lang='lat' dir='ltr'>maximi</span> <span class='ocrx_word' id='word_1_48' title='bbox 820 656 1083 693; x_wconf 82' lang='lat' dir='ltr'><strong>nominantur.</strong></span> <span class='ocrx_word' id='word_1_49' title='bbox 1141 657 1255 693; x_wconf 81' lang='lat' dir='ltr'>Hanc</span> <span class='ocrx_word' id='word_1_50' title='bbox 1290 656 1581 694; x_wconf 80' lang='lat' dir='ltr'>similitudinem</span> <span class='ocrx_word' id='word_1_51' title='bbox 1615 657 1804 694; x_wconf 87' lang='lat' dir='ltr'>scribendi</span> 
     </span>
     <span class='ocr_line' id='line_1_8' title="bbox 405 717 1806 771; baseline 0.004 -17"><span class='ocrx_word' id='word_1_52' title='bbox 405 717 521 755; x_wconf 89' lang='lat' dir='ltr'>multi</span> <span class='ocrx_word' id='word_1_53' title='bbox 541 718 657 755; x_wconf 84' lang='lat' dir='ltr'>secuti</span> <span class='ocrx_word' id='word_1_54' title='bbox 678 719 778 763; x_wconf 84' lang='lat' dir='ltr'>sunt,</span> <span class='ocrx_word' id='word_1_55' title='bbox 810 720 877 771; x_wconf 86' lang='lat' dir='ltr'>qui</span> <span class='ocrx_word' id='word_1_56' title='bbox 913 721 989 757; x_wconf 79' lang='lat' dir='ltr'>sine</span> <span class='ocrx_word' id='word_1_57' title='bbox 1019 721 1108 758; x_wconf 88' lang='lat' dir='ltr'>ullis</span> <span class='ocrx_word' id='word_1_58' title='bbox 1141 722 1374 758; x_wconf 71' lang='lat' dir='ltr'>ornamentis</span> <span class='ocrx_word' id='word_1_59' title='bbox 1396 730 1650 759; x_wconf 83' lang='lat' dir='ltr'>monumenta</span> <span class='ocrx_word' id='word_1_60' title='bbox 1678 721 1806 759; x_wconf 81' lang='lat' dir='ltr'>solum</span> 
     </span>
     <span class='ocr_line' id='line_1_9' title="bbox 404 782 1808 838; baseline 0.004 -19"><span class='ocrx_word' id='word_1_61' title='bbox 404 791 639 835; x_wconf 87' lang='lat' dir='ltr'>temporum,</span> <span class='ocrx_word' id='word_1_62' title='bbox 661 782 884 829; x_wconf 88' lang='lat' dir='ltr'>hominum,</span> <span class='ocrx_word' id='word_1_63' title='bbox 902 786 1093 830; x_wconf 88' lang='lat' dir='ltr'>Iocorum,</span> <span class='ocrx_word' id='word_1_64' title='bbox 1115 785 1382 838; x_wconf 85' lang='lat' dir='ltr'>gestarumque</span> <span class='ocrx_word' id='word_1_65' title='bbox 1403 800 1528 825; x_wconf 85' lang='lat' dir='ltr'>rerum</span> <span class='ocrx_word' id='word_1_66' title='bbox 1550 787 1808 838; x_wconf 39' lang='lat' dir='ltr'>reliqum-unta</span> 
     </span>
     <span class='ocr_line' id='line_1_10' title="bbox 402 848 1810 903; baseline 0.004 -19"><span class='ocrx_word' id='word_1_67' title='bbox 402 848 536 899; x_wconf 89' lang='lat' dir='ltr'>Itaque</span> <span class='ocrx_word' id='word_1_68' title='bbox 572 849 695 901; x_wconf 85' lang='lat' dir='ltr'>qualis</span> <span class='ocrx_word' id='word_1_69' title='bbox 727 850 827 902; x_wconf 90' lang='lat' dir='ltr'>apud</span> <span class='ocrx_word' id='word_1_70' title='bbox 869 852 1024 890; x_wconf 80' lang='lat' dir='ltr'>Graecos</span> <span class='ocrx_word' id='word_1_71' title='bbox 1057 850 1308 903; x_wconf 77' lang='lat' dir='ltr'><strong>Pherecydes,</strong></span> <span class='ocrx_word' id='word_1_72' title='bbox 1345 852 1589 897; x_wconf 76' lang='lat' dir='ltr'>Hellanicus,</span> <span class='ocrx_word' id='word_1_73' title='bbox 1633 852 1810 891; x_wconf 68' lang='lat' dir='ltr'>Acusilas.</span> 
     </span>
     <span class='ocr_line' id='line_1_11' title="bbox 401 911 1805 969; baseline 0.004 -19"><span class='ocrx_word' id='word_1_74' title='bbox 401 911 491 957; x_wconf 87' lang='lat' dir='ltr'>fuit,</span> <span class='ocrx_word' id='word_1_75' title='bbox 521 914 663 966; x_wconf 86' lang='lat' dir='ltr'>aliique</span> <span class='ocrx_word' id='word_1_76' title='bbox 684 916 866 967; x_wconf 86' lang='lat' dir='ltr'><strong>permulti</strong></span> <span class='ocrx_word' id='word_1_77' title='bbox 879 934 892 960; x_wconf 83' lang='lat'>;</span> <span class='ocrx_word' id='word_1_78' title='bbox 925 917 1009 954; x_wconf 88' lang='lat' dir='ltr'>talis</span> <span class='ocrx_word' id='word_1_79' title='bbox 1030 917 1152 954; x_wconf 89' lang='lat' dir='ltr'>noster</span> <span class='ocrx_word' id='word_1_80' title='bbox 1173 918 1284 962; x_wconf 91' lang='lat' dir='ltr'>Cato,</span> <span class='ocrx_word' id='word_1_81' title='bbox 1315 926 1352 954; x_wconf 89' lang='lat' dir='ltr'>et</span> <span class='ocrx_word' id='word_1_82' title='bbox 1373 917 1514 962; x_wconf 65' lang='lat' dir='ltr'>Pictor,</span> <span class='ocrx_word' id='word_1_83' title='bbox 1545 926 1581 954; x_wconf 89' lang='lat' dir='ltr'>et</span> <span class='ocrx_word' id='word_1_84' title='bbox 1603 917 1700 962; x_wconf 90' lang='lat' dir='ltr'>Piso,</span> <span class='ocrx_word' id='word_1_85' title='bbox 1735 917 1805 969; x_wconf 90' lang='lat' dir='ltr'>qui</span> 
     </span>
     <span class='ocr_line' id='line_1_12' title="bbox 400 981 1804 1034; baseline 0.004 -19"><span class='ocrx_word' id='word_1_86' title='bbox 400 992 525 1030; x_wconf 86' lang='lat' dir='ltr'>neque</span> <span class='ocrx_word' id='word_1_87' title='bbox 545 988 676 1018; x_wconf 84' lang='lat' dir='ltr'>tenent</span> <span class='ocrx_word' id='word_1_88' title='bbox 695 981 837 1032; x_wconf 91' lang='lat' dir='ltr'>quibus</span> <span class='ocrx_word' id='word_1_89' title='bbox 872 982 984 1019; x_wconf 88' lang='lat' dir='ltr'>rebus</span> <span class='ocrx_word' id='word_1_90' title='bbox 1015 992 1171 1020; x_wconf 85' lang='lat' dir='ltr'>ornetur</span> <span class='ocrx_word' id='word_1_91' title='bbox 1190 983 1326 1027; x_wconf 90' lang='lat' dir='ltr'>oratio,</span> <span class='ocrx_word' id='word_1_92' title='bbox 1349 983 1485 1034; x_wconf 88' lang='lat' dir='ltr'>(modo</span> <span class='ocrx_word' id='word_1_93' title='bbox 1515 983 1619 1020; x_wconf 88' lang='lat' dir='ltr'>enim</span> <span class='ocrx_word' id='word_1_94' title='bbox 1639 981 1716 1020; x_wconf 90' lang='lat' dir='ltr'>huc</span> <span class='ocrx_word' id='word_1_95' title='bbox 1737 983 1804 1021; x_wconf 85' lang='lat' dir='ltr'>ista</span> 
     </span>
     <span class='ocr_line' id='line_1_13' title="bbox 401 1043 1804 1099; baseline 0.003 -18"><span class='ocrx_word' id='word_1_96' title='bbox 401 1043 488 1081; x_wconf 85' lang='lat' dir='ltr'>sunt</span> <span class='ocrx_word' id='word_1_97' title='bbox 507 1045 729 1097; x_wconf 85' lang='lat' dir='ltr'>importata)</span> <span class='ocrx_word' id='word_1_98' title='bbox 751 1055 802 1090; x_wconf 76' lang='lat' dir='ltr'>et,</span> <span class='ocrx_word' id='word_1_99' title='bbox 833 1046 928 1084; x_wconf 89' lang='lat' dir='ltr'>dum</span> <span class='ocrx_word' id='word_1_100' title='bbox 960 1047 1199 1099; x_wconf 85' lang='lat' dir='ltr'>intelligatur</span> <span class='ocrx_word' id='word_1_101' title='bbox 1218 1048 1313 1099; x_wconf 91' lang='lat' dir='ltr'>quid</span> <span class='ocrx_word' id='word_1_102' title='bbox 1334 1048 1477 1092; x_wconf 88' lang='lat' dir='ltr'>dicant,</span> <span class='ocrx_word' id='word_1_103' title='bbox 1510 1061 1627 1085; x_wconf 87' lang='lat' dir='ltr'>unam</span> <span class='ocrx_word' id='word_1_104' title='bbox 1648 1048 1804 1085; x_wconf 82' lang='lat' dir='ltr'>dicendi</span> 
     </span>
     <span class='ocr_line' id='line_1_14' title="bbox 401 1109 1802 1163; baseline 0.003 -17"><span class='ocrx_word' id='word_1_105' title='bbox 401 1109 554 1148; x_wconf 83' lang='lat' dir='ltr'>laudem</span> <span class='ocrx_word' id='word_1_106' title='bbox 581 1120 718 1163; x_wconf 88' lang='lat' dir='ltr'>putant</span> <span class='ocrx_word' id='word_1_107' title='bbox 748 1111 818 1148; x_wconf 83' lang='lat' dir='ltr'>effe</span> <span class='ocrx_word' id='word_1_108' title='bbox 839 1112 1078 1150; x_wconf 83' lang='lat' dir='ltr'>brevitatem.</span> <span class='ocrx_word' id='word_1_109' title='bbox 1139 1113 1348 1151; x_wconf 88' lang='lat' dir='ltr'>Paululum</span> <span class='ocrx_word' id='word_1_110' title='bbox 1368 1113 1403 1149; x_wconf 90' lang='lat' dir='ltr'>se</span> <span class='ocrx_word' id='word_1_111' title='bbox 1423 1113 1563 1157; x_wconf 81' lang='lat' dir='ltr'>erexit,</span> <span class='ocrx_word' id='word_1_112' title='bbox 1587 1122 1626 1150; x_wconf 83' lang='lat' dir='ltr'>et</span> <span class='ocrx_word' id='word_1_113' title='bbox 1655 1112 1802 1150; x_wconf 78' lang='lat' dir='ltr'>addidit</span> 
     </span>
     <span class='ocr_line' id='line_1_15' title="bbox 398 1174 1801 1230; baseline 0.001 -17"><span class='ocrx_word' id='word_1_114' title='bbox 398 1174 565 1214; x_wconf 83' lang='lat' dir='ltr'>historiae</span> <span class='ocrx_word' id='word_1_115' title='bbox 585 1177 768 1228; x_wconf 85' lang='lat' dir='ltr'>majorem</span> <span class='ocrx_word' id='word_1_116' title='bbox 789 1176 925 1214; x_wconf 88' lang='lat' dir='ltr'>sonum</span> <span class='ocrx_word' id='word_1_117' title='bbox 946 1178 1052 1215; x_wconf 86' lang='lat' dir='ltr'>vocis</span> <span class='ocrx_word' id='word_1_118' title='bbox 1070 1177 1127 1215; x_wconf 90' lang='lat' dir='ltr'>vir</span> <span class='ocrx_word' id='word_1_119' title='bbox 1146 1178 1337 1230; x_wconf 84' lang='lat' dir='ltr'>optimus,</span> <span class='ocrx_word' id='word_1_120' title='bbox 1349 1177 1469 1215; x_wconf 85' lang='lat' dir='ltr'>Craffi</span> <span class='ocrx_word' id='word_1_121' title='bbox 1479 1176 1692 1222; x_wconf 82' lang='lat' dir='ltr'>familiaris,</span> <span class='ocrx_word' id='word_1_122' title='bbox 1714 1179 1801 1216; x_wconf 93' lang='lat' dir='ltr'>An-</span> 
     </span>
     <span class='ocr_line' id='line_1_16' title="bbox 400 1241 1804 1293; baseline 0.001 -14"><span class='ocrx_word' id='word_1_123' title='bbox 400 1241 548 1293; x_wconf 87' lang='lat' dir='ltr'>tipater.</span> <span class='ocrx_word' id='word_1_124' title='bbox 582 1242 721 1279; x_wconf 81' lang='lat' dir='ltr'>Caeteri</span> <span class='ocrx_word' id='word_1_125' title='bbox 741 1255 817 1280; x_wconf 85' lang='lat' dir='ltr'>non</span> <span class='ocrx_word' id='word_1_126' title='bbox 838 1252 1078 1280; x_wconf 73' lang='lat' dir='ltr'>exornatores</span> <span class='ocrx_word' id='word_1_127' title='bbox 1099 1255 1240 1288; x_wconf 86' lang='lat' dir='ltr'>rerum,</span> <span class='ocrx_word' id='word_1_128' title='bbox 1256 1243 1318 1280; x_wconf 85' lang='lat' dir='ltr'>fed</span> <span class='ocrx_word' id='word_1_129' title='bbox 1339 1243 1611 1282; x_wconf 83' lang='lat' dir='ltr'>tantummodo</span> <span class='ocrx_word' id='word_1_130' title='bbox 1630 1252 1804 1281; x_wconf 84' lang='lat' dir='ltr'>narrato-</span> 
     </span>
     <span class='ocr_line' id='line_1_17' title="bbox 400 1306 674 1352; baseline 0.004 -9"><span class='ocrx_word' id='word_1_131' title='bbox 400 1320 470 1352; x_wconf 85' lang='lat' dir='ltr'>res,</span> <span class='ocrx_word' id='word_1_132' title='bbox 502 1306 674 1345; x_wconf 82' lang='lat' dir='ltr'>fuerunt.</span> 
     </span>
    </p>

    <p class='ocr_par' dir='ltr' id='par_1_3' title="bbox 397 1363 1801 1690">
     <span class='ocr_line' id='line_1_18' title="bbox 454 1363 1801 1427; baseline 0.001 -17"><span class='ocrx_word' id='word_1_133' title='bbox 454 1374 568 1411; x_wconf 89' lang='lat' dir='ltr'>XIII.</span> <span class='ocrx_word' id='word_1_134' title='bbox 601 1373 682 1417; x_wconf 86' lang='lat' dir='ltr'>Est,</span> <span class='ocrx_word' id='word_1_135' title='bbox 718 1373 847 1425; x_wconf 88' lang='lat' dir='ltr'>inquit</span> <span class='ocrx_word' id='word_1_136' title='bbox 868 1373 1044 1418; x_wconf 85' lang='lat' dir='ltr'>Catulus,</span> <span class='ocrx_word' id='word_1_137' title='bbox 1077 1383 1120 1412; x_wconf 92' lang='lat' dir='ltr'>ut</span> <span class='ocrx_word' id='word_1_138' title='bbox 1140 1374 1249 1413; x_wconf 88' lang='lat' dir='ltr'>dicis.</span> <span class='ocrx_word' id='word_1_139' title='bbox 1293 1363 1365 1413; x_wconf 81' lang='lat' dir='ltr'>Sed</span> <span class='ocrx_word' id='word_1_140' title='bbox 1384 1375 1452 1413; x_wconf 89' lang='lat' dir='ltr'>iste</span> <span class='ocrx_word' id='word_1_141' title='bbox 1470 1375 1547 1427; x_wconf 84' lang='lat' dir='ltr'>ipse</span> <span class='ocrx_word' id='word_1_142' title='bbox 1568 1374 1709 1412; x_wconf 82' lang='lat' dir='ltr'>Caelius</span> <span class='ocrx_word' id='word_1_143' title='bbox 1730 1387 1801 1412; x_wconf 82' lang='lat' dir='ltr'>ne·-</span> 
     </span>
     <span class='ocr_line' id='line_1_19' title="bbox 398 1438 1799 1493; baseline 0.001 -17"><span class='ocrx_word' id='word_1_144' title='bbox 398 1452 472 1490; x_wconf 91' lang='lat' dir='ltr'>que</span> <span class='ocrx_word' id='word_1_145' title='bbox 492 1439 664 1477; x_wconf 84' lang='lat' dir='ltr'>distinxit</span> <span class='ocrx_word' id='word_1_146' title='bbox 685 1438 883 1477; x_wconf 85' lang='lat' dir='ltr'>historiam</span> <span class='ocrx_word' id='word_1_147' title='bbox 896 1440 1073 1478; x_wconf 83' lang='lat' dir='ltr'>varietate</span> <span class='ocrx_word' id='word_1_148' title='bbox 1088 1441 1289 1486; x_wconf 88' lang='lat' dir='ltr'>locorum;</span> <span class='ocrx_word' id='word_1_149' title='bbox 1312 1454 1436 1493; x_wconf 86' lang='lat' dir='ltr'>neque</span> <span class='ocrx_word' id='word_1_150' title='bbox 1452 1441 1657 1479; x_wconf 84' lang='lat' dir='ltr'>verborum</span> <span class='ocrx_word' id='word_1_151' title='bbox 1674 1440 1799 1478; x_wconf 90' lang='lat' dir='ltr'>collo-</span> 
     </span>
     <span class='ocr_line' id='line_1_20' title="bbox 397 1505 1797 1559; baseline 0.001 -17"><span class='ocrx_word' id='word_1_152' title='bbox 397 1505 561 1549; x_wconf 85' lang='lat' dir='ltr'>catione,</span> <span class='ocrx_word' id='word_1_153' title='bbox 578 1514 616 1542; x_wconf 83' lang='lat' dir='ltr'>et</span> <span class='ocrx_word' id='word_1_154' title='bbox 639 1507 759 1542; x_wconf 67' lang='lat' dir='ltr'>trastu</span> <span class='ocrx_word' id='word_1_155' title='bbox 778 1505 960 1542; x_wconf 89' lang='lat' dir='ltr'>orationis</span> <span class='ocrx_word' id='word_1_156' title='bbox 981 1505 1058 1543; x_wconf 81' lang='lat' dir='ltr'>leni</span> <span class='ocrx_word' id='word_1_157' title='bbox 1078 1516 1116 1544; x_wconf 87' lang='lat' dir='ltr'>et</span> <span class='ocrx_word' id='word_1_158' title='bbox 1135 1507 1313 1558; x_wconf 76' lang='lat' dir='ltr'>aequabili</span> <span class='ocrx_word' id='word_1_159' title='bbox 1332 1507 1539 1559; x_wconf 87' lang='lat' dir='ltr'>perpolivit</span> <span class='ocrx_word' id='word_1_160' title='bbox 1558 1506 1656 1544; x_wconf 90' lang='lat' dir='ltr'>illud</span> <span class='ocrx_word' id='word_1_161' title='bbox 1675 1518 1770 1558; x_wconf 91' lang='lat' dir='ltr'>opus</span> <span class='ocrx_word' id='word_1_162' title='bbox 1784 1524 1797 1550; x_wconf 82' lang='lat'>;</span> 
     </span>
     <span class='ocr_line' id='line_1_21' title="bbox 398 1570 1801 1625; baseline 0.001 -17"><span class='ocrx_word' id='word_1_163' title='bbox 398 1571 459 1609; x_wconf 86' lang='lat' dir='ltr'>sed</span> <span class='ocrx_word' id='word_1_164' title='bbox 480 1580 523 1608; x_wconf 92' lang='lat' dir='ltr'>ut</span> <span class='ocrx_word' id='word_1_165' title='bbox 553 1570 674 1608; x_wconf 92' lang='lat' dir='ltr'>homo</span> <span class='ocrx_word' id='word_1_166' title='bbox 696 1584 819 1622; x_wconf 87' lang='lat' dir='ltr'>neque</span> <span class='ocrx_word' id='word_1_167' title='bbox 840 1571 987 1615; x_wconf 63' lang='lat' dir='ltr'>doetus,</span> <span class='ocrx_word' id='word_1_168' title='bbox 1021 1585 1145 1623; x_wconf 87' lang='lat' dir='ltr'>neque</span> <span class='ocrx_word' id='word_1_169' title='bbox 1169 1573 1340 1610; x_wconf 80' lang='lat' dir='ltr'>maxime</span> <span class='ocrx_word' id='word_1_170' title='bbox 1370 1582 1480 1625; x_wconf 89' lang='lat' dir='ltr'>aptus</span> <span class='ocrx_word' id='word_1_171' title='bbox 1500 1572 1548 1610; x_wconf 87' lang='lat' dir='ltr'>ad</span> <span class='ocrx_word' id='word_1_172' title='bbox 1576 1572 1801 1618; x_wconf 87' lang='lat' dir='ltr'>dicendum,</span> 
     </span>
     <span class='ocr_line' id='line_1_22' title="bbox 398 1636 1582 1690; baseline 0.002 -16"><span class='ocrx_word' id='word_1_173' title='bbox 398 1637 492 1674; x_wconf 82' lang='lat' dir='ltr'>ficut</span> <span class='ocrx_word' id='word_1_174' title='bbox 512 1638 653 1689; x_wconf 89' lang='lat' dir='ltr'>potuit,</span> <span class='ocrx_word' id='word_1_175' title='bbox 685 1636 826 1674; x_wconf 84' lang='lat' dir='ltr'>dolavit</span> <span class='ocrx_word' id='word_1_176' title='bbox 846 1652 854 1674; x_wconf 90' lang='lat'>:</span> <span class='ocrx_word' id='word_1_177' title='bbox 886 1637 979 1674; x_wconf 89' lang='lat' dir='ltr'>vicit</span> <span class='ocrx_word' id='word_1_178' title='bbox 1001 1646 1143 1682; x_wconf 84' lang='lat' dir='ltr'>tamen,</span> <span class='ocrx_word' id='word_1_179' title='bbox 1167 1648 1209 1676; x_wconf 92' lang='lat' dir='ltr'>ut</span> <span class='ocrx_word' id='word_1_180' title='bbox 1230 1638 1338 1683; x_wconf 89' lang='lat' dir='ltr'>dicis,</span> <span class='ocrx_word' id='word_1_181' title='bbox 1359 1637 1582 1690; x_wconf 59' lang='lat' dir='ltr'>superiores,</span> 
     </span>
    </p>

    <p class='ocr_par' dir='ltr' id='par_1_4' title="bbox 394 1702 1799 2608">
     <span class='ocr_line' id='line_1_23' title="bbox 452 1702 1798 1754; baseline 0.001 -15"><span class='ocrx_word' id='word_1_182' title='bbox 452 1703 623 1740; x_wconf 88' lang='lat' dir='ltr'>Minime</span> <span class='ocrx_word' id='word_1_183' title='bbox 641 1702 800 1746; x_wconf 88' lang='lat' dir='ltr'>mirum,</span> <span class='ocrx_word' id='word_1_184' title='bbox 831 1702 958 1754; x_wconf 86' lang='lat' dir='ltr'>inquit</span> <span class='ocrx_word' id='word_1_185' title='bbox 980 1703 1189 1748; x_wconf 89' lang='lat' dir='ltr'>Antonius,</span> <span class='ocrx_word' id='word_1_186' title='bbox 1220 1703 1246 1741; x_wconf 87' lang='lat' dir='ltr'><strong>fi</strong></span> <span class='ocrx_word' id='word_1_187' title='bbox 1267 1703 1334 1740; x_wconf 88' lang='lat' dir='ltr'>ista</span> <span class='ocrx_word' id='word_1_188' title='bbox 1352 1717 1409 1741; x_wconf 88' lang='lat' dir='ltr'>res</span> <span class='ocrx_word' id='word_1_189' title='bbox 1429 1703 1554 1741; x_wconf 87' lang='lat' dir='ltr'>adhuc</span> <span class='ocrx_word' id='word_1_190' title='bbox 1575 1703 1700 1741; x_wconf 63' lang='lat' dir='ltr'>nostra</span> <span class='ocrx_word' id='word_1_191' title='bbox 1720 1704 1798 1741; x_wconf 88' lang='lat' dir='ltr'>lin-</span> 
     </span>
     <span class='ocr_line' id='line_1_24' title="bbox 398 1767 1799 1822; baseline 0.001 -17"><span class='ocrx_word' id='word_1_192' title='bbox 398 1769 473 1820; x_wconf 72' lang='lat' dir='ltr'>gua</span> <span class='ocrx_word' id='word_1_193' title='bbox 493 1767 677 1805; x_wconf 85' lang='lat' dir='ltr'>illustrata</span> <span class='ocrx_word' id='word_1_194' title='bbox 695 1781 771 1805; x_wconf 91' lang='lat' dir='ltr'>non</span> <span class='ocrx_word' id='word_1_195' title='bbox 792 1767 859 1805; x_wconf 85' lang='lat' dir='ltr'>est.</span> <span class='ocrx_word' id='word_1_196' title='bbox 911 1768 1043 1806; x_wconf 85' lang='lat' dir='ltr'>Nemo</span> <span class='ocrx_word' id='word_1_197' title='bbox 1063 1769 1168 1806; x_wconf 89' lang='lat' dir='ltr'>enim</span> <span class='ocrx_word' id='word_1_198' title='bbox 1189 1768 1312 1806; x_wconf 85' lang='lat' dir='ltr'>studet</span> <span class='ocrx_word' id='word_1_199' title='bbox 1331 1769 1561 1822; x_wconf 85' lang='lat' dir='ltr'>eloquentiae</span> <span class='ocrx_word' id='word_1_200' title='bbox 1581 1769 1799 1807; x_wconf 88' lang='lat' dir='ltr'>nostrorum</span> 
     </span>
     <span class='ocr_line' id='line_1_25' title="bbox 397 1833 1796 1887; baseline 0.002 -17"><span class='ocrx_word' id='word_1_201' title='bbox 397 1834 622 1878; x_wconf 88' lang='lat' dir='ltr'>hominum,</span> <span class='ocrx_word' id='word_1_202' title='bbox 653 1833 721 1871; x_wconf 85' lang='lat' dir='ltr'>nifi</span> <span class='ocrx_word' id='word_1_203' title='bbox 752 1843 794 1870; x_wconf 89' lang='lat' dir='ltr'>ut</span> <span class='ocrx_word' id='word_1_204' title='bbox 815 1835 852 1871; x_wconf 88' lang='lat' dir='ltr'>in</span> <span class='ocrx_word' id='word_1_205' title='bbox 876 1834 992 1871; x_wconf 78' lang='lat' dir='ltr'>Causls</span> <span class='ocrx_word' id='word_1_206' title='bbox 1013 1843 1127 1886; x_wconf 86' lang='lat' dir='ltr'>atque</span> <span class='ocrx_word' id='word_1_207' title='bbox 1148 1835 1189 1871; x_wconf 85' lang='lat' dir='ltr'>in</span> <span class='ocrx_word' id='word_1_208' title='bbox 1208 1833 1292 1872; x_wconf 90' lang='lat' dir='ltr'>foro</span> <span class='ocrx_word' id='word_1_209' title='bbox 1313 1835 1460 1873; x_wconf 85' lang='lat' dir='ltr'>eluceat</span> <span class='ocrx_word' id='word_1_210' title='bbox 1479 1850 1491 1873; x_wconf 69' lang='grc' dir='ltr'>ε</span> <span class='ocrx_word' id='word_1_211' title='bbox 1519 1835 1621 1887; x_wconf 88' lang='lat' dir='ltr'>apud</span> <span class='ocrx_word' id='word_1_212' title='bbox 1639 1836 1796 1873; x_wconf 81' lang='lat' dir='ltr'>Graecos</span> 
     </span>
     <span class='ocr_line' id='line_1_26' title="bbox 397 1898 1797 1951; baseline 0.001 -15"><span class='ocrx_word' id='word_1_213' title='bbox 397 1909 526 1936; x_wconf 82' lang='lat' dir='ltr'>autem</span> <span class='ocrx_word' id='word_1_214' title='bbox 547 1899 844 1951; x_wconf 70' lang='lat' dir='ltr'>eloquentissimi</span> <span class='ocrx_word' id='word_1_215' title='bbox 865 1898 1056 1944; x_wconf 85' lang='lat' dir='ltr'>homines,</span> <span class='ocrx_word' id='word_1_216' title='bbox 1094 1901 1233 1938; x_wconf 86' lang='lat' dir='ltr'>remoti</span> <span class='ocrx_word' id='word_1_217' title='bbox 1253 1913 1273 1938; x_wconf 92' lang='lat' dir='ltr'>a</span> <span class='ocrx_word' id='word_1_218' title='bbox 1301 1901 1418 1939; x_wconf 80' lang='lat' dir='ltr'>causis</span> <span class='ocrx_word' id='word_1_219' title='bbox 1448 1900 1674 1945; x_wconf 79' lang='lat' dir='ltr'>forensibus,</span> <span class='ocrx_word' id='word_1_220' title='bbox 1704 1914 1797 1938; x_wconf 87' lang='lat' dir='ltr'>cum</span> 
     </span>
     <span class='ocr_line' id='line_1_27' title="bbox 397 1965 1797 2009; baseline 0.001 -8"><span class='ocrx_word' id='word_1_221' title='bbox 397 1965 443 2001; x_wconf 83' lang='lat' dir='ltr'>ad</span> <span class='ocrx_word' id='word_1_222' title='bbox 463 1974 612 2002; x_wconf 77' lang='lat' dir='ltr'>caeteras</span> <span class='ocrx_word' id='word_1_223' title='bbox 633 1978 688 2002; x_wconf 88' lang='lat' dir='ltr'>res</span> <span class='ocrx_word' id='word_1_224' title='bbox 710 1965 884 2009; x_wconf 85' lang='lat' dir='ltr'>illustres,</span> <span class='ocrx_word' id='word_1_225' title='bbox 905 1974 989 2002; x_wconf 86' lang='lat' dir='ltr'>tum</span> <span class='ocrx_word' id='word_1_226' title='bbox 1010 1965 1056 2002; x_wconf 84' lang='lat' dir='ltr'>ad</span> <span class='ocrx_word' id='word_1_227' title='bbox 1082 1965 1321 2003; x_wconf 84' lang='lat' dir='ltr'>scribendam</span> <span class='ocrx_word' id='word_1_228' title='bbox 1341 1965 1552 2009; x_wconf 85' lang='lat' dir='ltr'>historiam,</span> <span class='ocrx_word' id='word_1_229' title='bbox 1575 1966 1745 2003; x_wconf 83' lang='lat' dir='ltr'>maxime</span> <span class='ocrx_word' id='word_1_230' title='bbox 1762 1965 1797 2002; x_wconf 90' lang='lat' dir='ltr'>se</span> 
     </span>
     <span class='ocr_line' id='line_1_28' title="bbox 397 2030 1794 2082; baseline 0 -16"><span class='ocrx_word' id='word_1_231' title='bbox 397 2030 695 2082; x_wconf 76' lang='lat' dir='ltr'>applicaverunt.</span> <span class='ocrx_word' id='word_1_232' title='bbox 741 2030 925 2082; x_wconf 81' lang='lat' dir='ltr'>Namque</span> <span class='ocrx_word' id='word_1_233' title='bbox 945 2039 981 2067; x_wconf 84' lang='lat' dir='ltr'>et</span> <span class='ocrx_word' id='word_1_234' title='bbox 1002 2031 1247 2068; x_wconf 86' lang='lat' dir='ltr'>Herodotum</span> <span class='ocrx_word' id='word_1_235' title='bbox 1269 2030 1397 2075; x_wconf 91' lang='lat' dir='ltr'>illum,</span> <span class='ocrx_word' id='word_1_236' title='bbox 1429 2031 1496 2082; x_wconf 90' lang='lat' dir='ltr'>qui</span> <span class='ocrx_word' id='word_1_237' title='bbox 1517 2030 1694 2082; x_wconf 90' lang='lat' dir='ltr'>princeps</span> <span class='ocrx_word' id='word_1_238' title='bbox 1725 2043 1794 2081; x_wconf 86' lang='lat' dir='ltr'>ge-</span> 
     </span>
     <span class='ocr_line' id='line_1_29' title="bbox 397 2095 1795 2147; baseline 0 -15"><span class='ocrx_word' id='word_1_239' title='bbox 397 2109 468 2132; x_wconf 85' lang='lat' dir='ltr'>nus</span> <span class='ocrx_word' id='word_1_240' title='bbox 488 2095 563 2132; x_wconf 88' lang='lat' dir='ltr'>hoc</span> <span class='ocrx_word' id='word_1_241' title='bbox 598 2096 760 2141; x_wconf 80' lang='lat' dir='ltr'>ornavit,</span> <span class='ocrx_word' id='word_1_242' title='bbox 792 2097 831 2133; x_wconf 87' lang='lat' dir='ltr'>in</span> <span class='ocrx_word' id='word_1_243' title='bbox 865 2096 982 2133; x_wconf 75' lang='lat' dir='ltr'>caulis</span> <span class='ocrx_word' id='word_1_244' title='bbox 1015 2095 1114 2133; x_wconf 84' lang='lat' dir='ltr'>nihil</span> <span class='ocrx_word' id='word_1_245' title='bbox 1147 2096 1308 2133; x_wconf 88' lang='lat' dir='ltr'>omnino</span> <span class='ocrx_word' id='word_1_246' title='bbox 1334 2096 1521 2133; x_wconf 85' lang='lat' dir='ltr'>versatum</span> <span class='ocrx_word' id='word_1_247' title='bbox 1553 2095 1624 2133; x_wconf 80' lang='lat' dir='ltr'>effe</span> <span class='ocrx_word' id='word_1_248' title='bbox 1643 2095 1795 2147; x_wconf 86' lang='lat' dir='ltr'>accepi-</span> 
     </span>
     <span class='ocr_line' id='line_1_30' title="bbox 397 2150 1794 2213; baseline 0.001 -15"><span class='ocrx_word' id='word_1_249' title='bbox 397 2174 484 2198; x_wconf 86' lang='lat' dir='ltr'>mus</span> <span class='ocrx_word' id='word_1_250' title='bbox 507 2176 515 2198; x_wconf 79' lang='lat' dir='ltr'>z</span> <span class='ocrx_word' id='word_1_251' title='bbox 548 2162 654 2212; x_wconf 83' lang='lat' dir='ltr'>atqui</span> <span class='ocrx_word' id='word_1_252' title='bbox 676 2150 777 2198; x_wconf 69' lang='lat' dir='ltr'>tanta</span> <span class='ocrx_word' id='word_1_253' title='bbox 804 2162 855 2198; x_wconf 89' lang='lat' dir='ltr'>est</span> <span class='ocrx_word' id='word_1_254' title='bbox 887 2161 1122 2212; x_wconf 65' lang='lat' dir='ltr'>eloquentia,</span> <span class='ocrx_word' id='word_1_255' title='bbox 1153 2170 1195 2199; x_wconf 93' lang='lat' dir='ltr'>ut</span> <span class='ocrx_word' id='word_1_256' title='bbox 1219 2174 1282 2198; x_wconf 90' lang='lat' dir='ltr'>me</span> <span class='ocrx_word' id='word_1_257' title='bbox 1302 2161 1477 2213; x_wconf 85' lang='lat' dir='ltr'>quidem,</span> <span class='ocrx_word' id='word_1_258' title='bbox 1506 2170 1695 2212; x_wconf 84' lang='lat' dir='ltr'>quantum</span> <span class='ocrx_word' id='word_1_259' title='bbox 1724 2174 1794 2213; x_wconf 88' lang='lat' dir='ltr'>ego</span> 
     </span>
     <span class='ocr_line' id='line_1_31' title="bbox 398 2226 1794 2278; baseline -0.001 -14"><span class='ocrx_word' id='word_1_260' title='bbox 398 2227 531 2264; x_wconf 60' lang='lat' dir='ltr'>Gra-ce</span> <span class='ocrx_word' id='word_1_261' title='bbox 553 2226 688 2277; x_wconf 78' lang='lat' dir='ltr'>scripta</span> <span class='ocrx_word' id='word_1_262' title='bbox 718 2226 929 2278; x_wconf 86' lang='lat' dir='ltr'>intelligere</span> <span class='ocrx_word' id='word_1_263' title='bbox 958 2226 1120 2277; x_wconf 79' lang='lat' dir='ltr'>poffum,</span> <span class='ocrx_word' id='word_1_264' title='bbox 1152 2240 1380 2278; x_wconf 82' lang='lat' dir='ltr'>magnopere</span> <span class='ocrx_word' id='word_1_265' title='bbox 1401 2227 1572 2264; x_wconf 62' lang='lat' dir='ltr'>delectet.</span> <span class='ocrx_word' id='word_1_266' title='bbox 1632 2227 1685 2264; x_wconf 91' lang='lat' dir='ltr'>Et</span> <span class='ocrx_word' id='word_1_267' title='bbox 1712 2226 1794 2278; x_wconf 90' lang='lat' dir='ltr'>post</span> 
     </span>
     <span class='ocr_line' id='line_1_32' title="bbox 394 2289 1793 2342; baseline -0.001 -14"><span class='ocrx_word' id='word_1_268' title='bbox 394 2291 509 2328; x_wconf 85' lang='lat' dir='ltr'>illum</span> <span class='ocrx_word' id='word_1_269' title='bbox 543 2290 794 2342; x_wconf 82' lang='lat' dir='ltr'>Thucydides</span> <span class='ocrx_word' id='word_1_270' title='bbox 828 2304 961 2328; x_wconf 86' lang='lat' dir='ltr'>omnes</span> <span class='ocrx_word' id='word_1_271' title='bbox 995 2291 1146 2328; x_wconf 84' lang='lat' dir='ltr'>dicendi</span> <span class='ocrx_word' id='word_1_272' title='bbox 1179 2291 1356 2336; x_wconf 88' lang='lat' dir='ltr'>artificio,</span> <span class='ocrx_word' id='word_1_273' title='bbox 1387 2305 1475 2329; x_wconf 85' lang='lat' dir='ltr'>mea</span> <span class='ocrx_word' id='word_1_274' title='bbox 1506 2291 1704 2335; x_wconf 86' lang='lat' dir='ltr'>sententia,</span> <span class='ocrx_word' id='word_1_275' title='bbox 1735 2289 1793 2328; x_wconf 87' lang='lat' dir='ltr'>fa-</span> 
     </span>
     <span class='ocr_line' id='line_1_33' title="bbox 396 2355 1793 2409; baseline 0.001 -16"><span class='ocrx_word' id='word_1_276' title='bbox 396 2356 469 2394; x_wconf 90' lang='lat' dir='ltr'>cile</span> <span class='ocrx_word' id='word_1_277' title='bbox 488 2356 581 2393; x_wconf 88' lang='lat' dir='ltr'>vicit</span> <span class='ocrx_word' id='word_1_278' title='bbox 598 2374 609 2400; x_wconf 72' lang='lat'>3</span> <span class='ocrx_word' id='word_1_279' title='bbox 641 2357 709 2408; x_wconf 85' lang='lat' dir='ltr'>qui</span> <span class='ocrx_word' id='word_1_280' title='bbox 730 2357 781 2393; x_wconf 86' lang='lat' dir='ltr'>ita</span> <span class='ocrx_word' id='word_1_281' title='bbox 800 2357 929 2394; x_wconf 86' lang='lat' dir='ltr'>creber</span> <span class='ocrx_word' id='word_1_282' title='bbox 948 2356 999 2394; x_wconf 85' lang='lat' dir='ltr'>est</span> <span class='ocrx_word' id='word_1_283' title='bbox 1020 2370 1148 2394; x_wconf 87' lang='lat' dir='ltr'>rerum</span> <span class='ocrx_word' id='word_1_284' title='bbox 1164 2355 1391 2408; x_wconf 77' lang='lat' dir='ltr'>frequentia,</span> <span class='ocrx_word' id='word_1_285' title='bbox 1414 2366 1456 2394; x_wconf 89' lang='lat' dir='ltr'>ut</span> <span class='ocrx_word' id='word_1_286' title='bbox 1476 2357 1682 2395; x_wconf 89' lang='lat' dir='ltr'>verborum</span> <span class='ocrx_word' id='word_1_287' title='bbox 1702 2369 1793 2409; x_wconf 84' lang='lat' dir='ltr'>pro-</span> 
     </span>
     <span class='ocr_line' id='line_1_34' title="bbox 398 2423 1792 2476; baseline 0 -16"><span class='ocrx_word' id='word_1_288' title='bbox 398 2437 443 2476; x_wconf 87' lang='lat' dir='ltr'>pe</span> <span class='ocrx_word' id='word_1_289' title='bbox 463 2436 669 2460; x_wconf 85' lang='lat' dir='ltr'>numerum</span> <span class='ocrx_word' id='word_1_290' title='bbox 689 2423 959 2461; x_wconf 82' lang='lat' dir='ltr'>sententiarum</span> <span class='ocrx_word' id='word_1_291' title='bbox 981 2437 1143 2461; x_wconf 84' lang='lat' dir='ltr'>numero</span> <span class='ocrx_word' id='word_1_292' title='bbox 1169 2423 1421 2475; x_wconf 85' lang='lat' dir='ltr'>consequatur</span> <span class='ocrx_word' id='word_1_293' title='bbox 1438 2442 1450 2468; x_wconf 73' lang='lat'>5</span> <span class='ocrx_word' id='word_1_294' title='bbox 1483 2424 1533 2461; x_wconf 87' lang='lat' dir='ltr'>ita</span> <span class='ocrx_word' id='word_1_295' title='bbox 1564 2436 1677 2476; x_wconf 89' lang='lat' dir='ltr'>porro</span> <span class='ocrx_word' id='word_1_296' title='bbox 1708 2436 1792 2460; x_wconf 89' lang='lat' dir='ltr'>ver-</span> 
     </span>
     <span class='ocr_line' id='line_1_35' title="bbox 396 2488 1793 2542; baseline -0.002 -15"><span class='ocrx_word' id='word_1_297' title='bbox 396 2489 454 2527; x_wconf 88' lang='lat' dir='ltr'>bis</span> <span class='ocrx_word' id='word_1_298' title='bbox 475 2498 598 2541; x_wconf 74' lang='lat' dir='ltr'>aptuS‚</span> <span class='ocrx_word' id='word_1_299' title='bbox 629 2499 665 2526; x_wconf 85' lang='lat' dir='ltr'>et</span> <span class='ocrx_word' id='word_1_300' title='bbox 700 2488 854 2542; x_wconf 81' lang='lat' dir='ltr'>preffus,</span> <span class='ocrx_word' id='word_1_301' title='bbox 885 2498 928 2526; x_wconf 91' lang='lat' dir='ltr'>ut</span> <span class='ocrx_word' id='word_1_302' title='bbox 958 2489 1112 2534; x_wconf 87' lang='lat' dir='ltr'>nescias,</span> <span class='ocrx_word' id='word_1_303' title='bbox 1141 2498 1274 2527; x_wconf 87' lang='lat' dir='ltr'>utrum</span> <span class='ocrx_word' id='word_1_304' title='bbox 1305 2503 1361 2527; x_wconf 89' lang='lat' dir='ltr'>res</span> <span class='ocrx_word' id='word_1_305' title='bbox 1391 2490 1573 2534; x_wconf 83' lang='lat' dir='ltr'>oratione,</span> <span class='ocrx_word' id='word_1_306' title='bbox 1604 2502 1651 2526; x_wconf 89' lang='lat' dir='ltr'>an</span> <span class='ocrx_word' id='word_1_307' title='bbox 1681 2488 1793 2526; x_wconf 88' lang='lat' dir='ltr'>verba</span> 
     </span>
     <span class='ocr_line' id='line_1_36' title="bbox 396 2553 1791 2608; baseline -0.001 -16"><span class='ocrx_word' id='word_1_308' title='bbox 396 2554 602 2599; x_wconf 85' lang='lat' dir='ltr'>sententiis,</span> <span class='ocrx_word' id='word_1_309' title='bbox 621 2554 868 2594; x_wconf 86' lang='lat' dir='ltr'>illustrentur.</span> <span class='ocrx_word' id='word_1_310' title='bbox 899 2555 1023 2607; x_wconf 86' lang='lat' dir='ltr'>Atqui</span> <span class='ocrx_word' id='word_1_311' title='bbox 1045 2569 1092 2594; x_wconf 87' lang='lat' dir='ltr'>ne</span> <span class='ocrx_word' id='word_1_312' title='bbox 1111 2553 1217 2593; x_wconf 89' lang='lat' dir='ltr'>hunc</span> <span class='ocrx_word' id='word_1_313' title='bbox 1232 2555 1408 2608; x_wconf 85' lang='lat' dir='ltr'>quidem,</span> <span class='ocrx_word' id='word_1_314' title='bbox 1439 2567 1659 2608; x_wconf 81' lang='lat' dir='ltr'>quanquam</span> <span class='ocrx_word' id='word_1_315' title='bbox 1679 2553 1731 2591; x_wconf 85' lang='lat' dir='ltr'>est</span> <span class='ocrx_word' id='word_1_316' title='bbox 1749 2553 1791 2591; x_wconf 89' lang='lat' dir='ltr'>in</span> 
     </span>
    </p>
   </div>
  </div>
 </body>
</html>
