2176 2912
410 182 459 222 16

405 301 540 347 sz.

833 182 1239 227 CODICES
1313 184 1441 224 MSS.

625 302 761 341 Codex
779 302 873 341 alter
892 302 1014 342 chart.
1036 303 1107 343 fol.
1132 304 1299 355 ejusdem
1319 305 1420 342 Coll.
1441 305 1480 342 in
1499 305 1584 343 Cat.
1603 304 1714 343 Bodl.
1734 319 1850 359 ¹217·

565 363 768 402 continens
789 364 928 402 Libros
948 377 984 416 5.
1012 365 1057 402 de
1077 365 1256 408 Finibus,
1279 375 1316 402 et
1337 367 1427 403 Lib.
1445 379 1481 417 5.
1505 366 1667 404 Tuscul.
1688 367 1842 418 Disput.

570 424 757 462 Scribitur
787 433 983 469 accurate;
1014 438 1204 462 annorum
1225 424 1373 463 fortasse
1401 427 1559 464 CCCL.
1621 428 1666 464 In
1689 424 1753 465 2⁶⁰.
1777 428 1849 464 Li-

569 484 639 522 bro
660 484 821 523 Tuscul.
844 486 999 537 Disput.
1024 486 1123 523 deest
1144 499 1266 523 unum
1287 485 1440 524 folium.
1472 501 1510 538 p.
1528 499 1617 539 277.
1639 487 1664 524 1.
1681 501 1714 538 3.
1748 487 1852 524 “illa

569 544 767 589 facul''tas,
800 545 918 598 usque
938 547 982 583 ad
1003 559 1040 598 p.
1059 559 1151 600 279.
1183 546 1210 584 l.
1230 559 1294 598 35.
1325 560 1403 585 non
1427 555 1453 570 “
1470 547 1637 585 nullos.''
1818 571 1822 573 -

465 687 581 727 1266.
613 686 653 724 in
674 688 760 725 Cat.
783 688 894 726 Bodl.
936 689 1071 727 Codex
1100 688 1192 725 alter
1222 688 1273 725 est
1304 688 1473 739 ejusdem
1506 688 1610 726 Coll.
1634 688 1755 727 chart.
1778 688 1848 727 fol.

400 1430 544 1487 4113.

570 748 756 785 Continet
770 749 956 786 orationes
973 761 1043 800 233
1062 762 1145 800 quae
1162 758 1304 792 tamen,
1318 762 1408 786 cum
1425 749 1626 787 mendosus
1640 750 1852 788 admodum

568 809 690 845 codex
711 808 966 860 deprehensus
984 808 1099 846 fuerit
1119 822 1189 847 nec
1211 822 1328 847 annos
1343 810 1463 847 CCC.
1489 808 1629 847 habere
1646 810 1853 854 videretur,

566 882 644 906 non
664 869 751 907 sunt
771 868 931 906 collatae.
981 870 1027 907 In
1061 869 1196 908 eodem
1227 869 1425 908 volumine
1451 870 1621 922 sequitur
1641 877 1668 893 “
1687 870 1852 908 Antonii

568 937 596 953 “
618 928 734 967 Lusci
756 930 998 968 Vincentini.
1041 931 1250 969 Secretarii.
1298 930 1543 968 Illustriffimi
1563 931 1671 968 ducis
1691 931 1850 969 Medio-

569 996 596 1013 “
619 990 696 1027 lani
729 990 774 1027 ad
810 990 921 1027 suum
956 990 1111 1028 fratrem
1146 1000 1260 1043 atque
1294 991 1543 1029 cariffimum.
1606 991 1850 1031 Ascolfinum

568 1057 595 1074 “
619 1050 761 1102 [nescio
782 1064 828 1089 an
848 1052 946 1088 recte
977 1051 1050 1089 five
1071 1051 1247 1089 scribitur
1267 1052 1340 1089 five
1361 1052 1519 1103 legitur]
1550 1052 1596 1089 de
1628 1052 1850 1090 Marmoni-

569 1118 597 1135 “
620 1112 691 1149 bus
726 1112 991 1149 secretarium.
1036 1111 1242 1164 Magnifici
1275 1111 1462 1150 francisci.
1509 1113 1571 1150 De
1598 1112 1850 1152 Barbanariis.

567 1179 595 1196 “
618 1172 820 1223 Inquisitio
839 1173 928 1210 artis
951 1173 989 1210 in
1010 1173 1246 1210 orationibus
1265 1173 1504 1210 Ciceronis.”
1537 1173 1625 1210 Nec
1646 1185 1723 1210 non
1744 1180 1773 1197 “
1790 1173 1851 1211 Si-

567 1239 595 1256 “
611 1245 780 1271 nonoma
801 1233 927 1270 Marci
954 1234 1080 1271 Tullii
1113 1233 1352 1272 Ciceronis.'’
1399 1233 1452 1270 Et
1474 1240 1501 1256 “
1519 1232 1758 1271 Differentiae
1790 1234 1850 1271 Si-

566 1299 595 1317 “
615 1295 917 1332 nonomorum.''

642 1435 777 1473 Codex
799 1435 888 1473 MS.
914 1436 952 1473 in
976 1434 1218 1474 Bibliotheca
1241 1435 1410 1487 Collegii
1430 1435 1663 1474 Balliolenfis
1687 1437 1851 1476 Oxoniae

563 1509 610 1533 ex
632 1497 805 1548 quinque
826 1496 971 1534 constat
994 1497 1258 1534 voluminibus
1287 1496 1327 1534 in
1356 1496 1452 1534 folio
1471 1505 1509 1534 et
1532 1497 1704 1536 continet
1722 1498 1851 1536 multo

563 1557 750 1608 majorem
777 1565 923 1608 partem
955 1556 1153 1595 Ciceronis
1187 1569 1348 1608 operum
1383 1570 1476 1595 cum
1505 1557 1734 1609 quibusdam
1763 1573 1849 1611 quae

564 1617 754 1670 supposita
772 1616 975 1656 habentur.
1027 1618 1154 1656 Hicce
1177 1617 1310 1655 Codex
1329 1617 1380 1655 est
1401 1619 1728 1664 membranaceus,
1759 1619 1850 1672 pul-

563 1677 754 1716 cherrime
774 1677 998 1731 descriptus,
1021 1687 1059 1716 et
1078 1678 1249 1731 plurium
1272 1678 1501 1730 scriptorum
1520 1693 1654 1717 manus
1673 1679 1847 1726 exhibet,

563 1753 727 1791 quarum
756 1752 889 1777 omnes
917 1740 1016 1777 lec‘tu
1045 1739 1131 1777 sunt
1157 1738 1366 1777 facillimae.
1417 1739 1511 1777 Non
1538 1749 1666 1778 autem
1687 1741 1852 1780 omnino

562 1800 703 1851 injuria
723 1808 841 1838 vacat.
894 1801 1000 1838 Nam
1020 1800 1060 1838 in
1081 1799 1210 1852 paucis
1231 1799 1325 1837 locis
1349 1800 1495 1852 paginae
1525 1810 1614 1839 totae
1636 1801 1850 1840 defideran-

564 1871 641 1906 tur,
671 1870 709 1899 et
729 1860 946 1913 complures
969 1861 1130 1913 turpiter
1151 1860 1338 1898 mutilatae
1358 1860 1457 1905 sunt,
1488 1860 1607 1899 literis
1636 1862 1849 1902 initialibus

565 1934 727 1974 operum
748 1921 965 1973 aliquorum
984 1922 1176 1966 inauratis,
1197 1934 1288 1959 cum
1311 1921 1550 1973 marginibus
1573 1935 1701 1960 earum
1720 1922 1848 1975 splen-

564 1983 677 2027 didis,
709 1983 855 2020 excisis.
904 1983 1101 2020 Volumen
1132 1983 1305 2034 primum
1333 1983 1506 2020 continet
1529 1983 1746 2021 Orationes.
1778 1997 1850 2035 pro

565 2044 746 2081 Milone:
780 2043 888 2091 cujus
910 2044 1146 2095 principium
1168 2042 1281 2080 deest.
1304 2056 1373 2096 pro
1395 2042 1478 2094 lege
1494 2042 1673 2082 Manilia.
1698 2057 1766 2096 pro
1779 2044 1844 2082 M.

567 2104 768 2142 Marcello.
799 2118 868 2155 pro
904 2105 1010 2156 Rege
1042 2104 1244 2155 Dejotaro.
1277 2117 1345 2156 pro
1377 2103 1536 2141 Archia.
1568 2104 1650 2156 post
1681 2105 1848 2142 reditum

563 2167 608 2203 ad
626 2166 813 2226 QiriteS.
846 2178 915 2217 pro
932 2165 1179 2216 QLigario.
1205 2178 1274 2216 pro
1291 2165 1366 2203 Cn.
1388 2165 1557 2202 Plancio.
1580 2164 1662 2217 post
1680 2165 1849 2203 reditum
1914 2208 1918 2211 ,

570 2227 609 2264 in
633 2227 786 2264 Senatu.
820 2239 888 2277 pro
910 2226 944 2263 se
973 2226 1017 2263 ad
1038 2226 1183 2277 equites
1213 2225 1409 2264 Romanos
1439 2239 1486 2263 ne
1514 2234 1572 2279 eat
1601 2226 1640 2262 in
1668 2225 1846 2264 exilium.

563 2301 631 2340 pro
661 2290 773 2325 Sexto
805 2286 945 2325 Roscio
976 2288 1176 2325 Amerino.
1208 2299 1276 2338 pro
1307 2288 1359 2324 A.
1388 2287 1586 2325 Cluentio.
1629 2300 1697 2338 pro
1728 2286 1844 2325 Publ.

565 2349 677 2399 Sylla.
711 2362 778 2400 pro
801 2348 848 2385 L.
873 2348 1049 2386 Murena.
1088 2349 1132 2387 In
1158 2347 1372 2386 Vatinium.
1416 2360 1487 2400 pro
1522 2347 1585 2385 M.
1610 2347 1743 2385 Caelio.
1775 2360 1845 2400 pro

565 2409 614 2448 L.
639 2410 820 2449 Cornelio
843 2409 974 2450 Balbo,
1010 2423 1083 2463 pro
1113 2409 1254 2448 Publio
1281 2408 1424 2448 Sextio.
1466 2421 1537 2462 pro
1567 2408 1684 2448 domo
1710 2408 1772 2446 sua
1799 2408 1845 2446 ad
