2176 2912
712 184 1381 226 PARTITIONES.
1671 194 1746 234 513

346 277 636 331 subsequentur.
696 280 869 317 F1L11Js.
901 280 1015 317 Num
1035 278 1221 330 quidnam
1251 278 1296 315 de
1327 286 1471 315 oratore
1498 275 1577 327 ipso
1607 274 1745 312 restat?

347 345 524 383 PATER.
558 343 674 383 Nihil
695 344 792 388 sane,
824 353 958 396 praeter
979 345 1223 387 memoriam,
1255 357 1341 395 quae
1361 342 1413 379 est
1446 342 1600 393 gemina
1618 337 1747 377 lite'ra-

347 418 440 446 turae
459 408 761 460 quodammod0‚
792 418 830 446 et
861 409 900 446 in
922 409 1093 446 dissimili
1124 421 1261 460 genere
1291 407 1504 459 persimilis.
1566 406 1670 443 Nam
1706 413 1748 442 ut

345 474 414 512 illa
442 474 587 512 constat
615 488 661 512 ex
683 475 783 512 notis
816 475 1028 519 literarum,
1059 483 1098 512 et
1117 488 1163 512 ex
1195 487 1254 518 eo,
1288 474 1327 510 in
1359 487 1437 524 quo
1467 472 1748 524 imprimuntur

345 539 422 577 illae
442 550 564 585 notae3
597 541 646 579 fic
678 540 870 578 confefdo
899 540 1110 586 memoriae,
1147 549 1333 592 tanquam
1362 551 1458 583 cera,
1494 538 1589 575 locis
1612 538 1745 581 utitur,

345 614 383 643 et
402 605 441 643 in
461 606 522 644 his
542 607 743 659 imagines,
766 616 808 644 ut
828 607 968 651 literas,
991 607 1169 645 collocat.

400 672 514 711 VIII.
547 673 719 711 F1L1Us.
740 674 938 725 Qoniam
959 674 1078 725 igitur
1097 673 1153 710 vis
1174 673 1329 710 oratoris
1350 671 1477 710 omnis
1497 669 1666 723 exposita
1681 669 1746 713 est,

345 737 440 790 quid
459 737 575 776 habes
593 738 641 776 de
660 739 842 777 orationis
862 739 1060 792 praeceptis
1081 739 1205 776 dicere
1221 739 1232 775 ?
1280 739 1457 776 PATER.
1481 737 1659 787 Qatuor
1677 734 1749 772 ess'e

344 805 424 855 ejus
446 814 568 857 partes
583 823 596 849 3
628 819 793 857 quarum
812 806 939 858 prima
964 814 1001 843 et
1021 805 1211 857 postrema
1240 804 1287 842 ad
1307 813 1462 842 motum
1481 802 1601 840 animi
1620 801 1745 839 valet:

343 869 376 907 is
397 871 502 907 enim
522 870 643 908 initiis
663 870 715 908 est
735 880 773 908 et
792 871 1095 923 perorationibus
1115 869 1381 908 concitandus.
1441 868 1626 912 Secunda,
1660 880 1748 904 nar-

345 937 468 981 rati03
501 946 539 974 et
569 937 693 981 tertia,
726 935 982 982 confirmatio,
1015 936 1134 975 fidem
1161 935 1254 974 facit
1286 935 1463 974 orationi.
1506 934 1578 973 Sed
1604 934 1747 986 ampli-

344 1001 474 1041 ficatio
504 1016 726 1055 quanquam
758 1002 875 1041 habet
904 1004 1107 1056 proprium
1128 1003 1274 1047 locum,
1307 1001 1402 1055 saepe
1421 1001 1538 1039 etiam
1558 1001 1747 1053 primum,

344 1069 582 1122 postremum
602 1070 761 1122 quidem
780 1069 859 1108 fere
880 1070 1040 1123 semper,
1063 1079 1191 1109 tamen
1207 1069 1356 1121 reliquo
1375 1069 1416 1106 in
1436 1067 1548 1106 cursu
1566 1068 1749 1106 orationis

345 1134 562 1174 adhibenda
580 1136 646 1181 est,
677 1137 925 1189 maximeque
943 1151 1036 1175 cum
1055 1136 1203 1189 aliquid
1222 1145 1287 1174 aut
1302 1135 1578 1174 confirmatum
1597 1134 1663 1179 est,
1684 1143 1749 1173 aut

346 1200 632 1254 reprehensum.
691 1203 826 1255 Itaque
860 1202 906 1240 ad
939 1202 1057 1240 fidem
1093 1215 1249 1255 quoque
1283 1201 1343 1239 vel
1383 1201 1601 1254 plurimum
1634 1200 1746 1239 valet.

345 1267 415 1305 Est
438 1268 543 1307 enim
574 1267 826 1321 amplificatio
856 1267 1063 1307 vehemens
1085 1268 1259 1320 quaedam
1282 1266 1579 1320 argumentatiO,
1610 1275 1654 1304 ut
1683 1266 1750 1304 illa

345 1333 508 1372 docendi
538 1334 648 1372 causa
680 1334 752 1380 fit3
795 1333 892 1380 haec,
925 1334 1213 1373 commovendi.
1273 1335 1446 1372 FILIUS.
1479 1333 1599 1384 Perge
1630 1332 1750 1384 igitur

344 1400 478 1438 ordine
511 1410 674 1453 quatuor
705 1399 807 1439 mihi
834 1401 919 1440 istas
949 1409 1070 1454 partes
1102 1400 1305 1453 explicare.
1366 1400 1543 1438 PATER.
1575 1398 1747 1443 Faciam,

343 1474 383 1503 et
415 1479 436 1503 a
465 1466 665 1519 principiis
696 1467 870 1519 primum
904 1467 1028 1505 ordiar
1043 1485 1054 1512 3
1087 1480 1172 1519 quae
1191 1465 1352 1518 quidem
1380 1465 1576 1503 ducuntur
1604 1472 1671 1502 aut
1701 1477 1750 1502 ex

343 1532 527 1584 personis,
563 1542 628 1570 aut
661 1547 707 1570 ex
743 1533 854 1571 rebus
890 1533 992 1585 ipfis.
1054 1533 1269 1570 Sumuntur
1302 1539 1431 1568 autem
1464 1530 1586 1568 trium
1619 1543 1749 1568 rerum

342 1599 464 1650 gratia
477 1616 490 1643 3
513 1607 556 1636 ut
576 1598 713 1643 amice,
736 1608 779 1636 ut
800 1599 1072 1651 intelligenter,
1094 1607 1138 1636 ut
1157 1606 1300 1635 attente
1318 1597 1532 1634 audiamur.
1565 1597 1749 1648 Qorum

342 1663 492 1717 primus
523 1663 630 1703 locus
651 1664 702 1701 est
728 1665 768 1702 in
794 1664 961 1717 personis
993 1664 1141 1708 nostris,
1173 1663 1484 1716 disceptatorum,
1516 1661 1746 1700 adversario-

344 1743 457 1775 rum3
488 1743 509 1767 e
529 1730 671 1782 quibus
691 1730 802 1767 initia
816 1730 1088 1768 benevolentiae
1109 1729 1356 1767 conciliandae
1377 1736 1660 1781 comparantur,
1682 1736 1747 1765 aut

289 1788 297 1794 ⁸
344 1796 492 1834 meritis
513 1796 661 1840 nostris,
679 1806 743 1833 aut
763 1796 963 1848 dignitate,
981 1805 1045 1834 aut
1065 1796 1195 1847 aliquo
1215 1809 1352 1848 genere
1372 1795 1539 1839 virtutis,
1560 1803 1598 1832 et
1618 1794 1747 1832 maxi-

345 1876 408 1899 me
428 1862 678 1906 liberalitatis,
703 1861 837 1906 officii,
851 1862 1022 1914 justitiae,
1055 1861 1143 1899 fidei
1162 1876 1170 1899 :
1203 1861 1400 1899 contrariis
1420 1862 1530 1899 rebus
1552 1861 1591 1898 in
1612 1860 1744 1898 adver-

343 1928 455 1967 sarios
477 1927 731 1973 conferendis,
762 1937 800 1966 et
823 1941 913 1966 cum
934 1929 994 1973 iis,
1020 1928 1087 1981 qui
1109 1927 1333 1980 disceptant,
1354 1928 1482 1979 aliqua
1500 1927 1746 1978 conjunstio-

343 1995 402 2033 nis
422 2003 487 2033 aut
506 1994 626 2039 causa,
654 2004 719 2032 aut
749 1994 812 2047 spe
831 1995 1103 2047 fignificanda3
1135 2003 1185 2038 et,
1219 1993 1244 2031 fi
1265 1994 1305 2031 in
1326 2006 1394 2031 nos
1416 1993 1571 2044 aliquod
1591 1992 1742 2038 odium,

343 2060 546 2099 offensiove
565 2060 704 2098 collata
724 2060 781 2104 fit,
812 2060 981 2098 tollenda
1001 2073 1055 2105 ea,
1077 2060 1347 2103 minuendave,
1375 2068 1439 2096 aut
1460 2058 1657 2103 diluendO,
1677 2067 1744 2096 aut

341 2126 596 2172 extenuando,
637 2134 702 2164 aut
731 2126 1030 2179 compensando,
1065 2135 1130 2164 aut
1169 2125 1419 2178 deprecando.
1478 2124 1744 2177 Intelligenter

342 2202 470 2231 autem
492 2202 535 2230 ut
554 2192 767 2236 audiamur,
796 2201 837 2230 et
855 2201 1011 2238 attente,
1033 2206 1054 2230 a
1073 2192 1184 2230 rebus
1205 2191 1291 2243 ipsis
1312 2190 1540 2228 ordiendum
1558 2190 1625 2228 est.
1671 2190 1743 2229 Sed

340 2258 529 2298 facillime
549 2259 699 2297 auditor
718 2259 841 2304 discit,
870 2269 921 2305 et,
943 2259 1038 2312 quid
1058 2268 1203 2312 agatur,
1223 2257 1422 2310 intelligit,
1443 2258 1468 2296 fi
1489 2258 1743 2309 complestare

341 2338 363 2362 a
382 2325 574 2377 principio
607 2337 742 2376 genus,
770 2333 1021 2377 naturamque
1052 2324 1183 2368 caus-ee,
1213 2323 1239 2362 fi
1265 2323 1435 2368 definias,
1471 2324 1496 2361 fi
1525 2322 1683 2365 dividas,
1714 2321 1741 2358 fi

342 2403 467 2441 neque
487 2388 730 2441 prudentiam
750 2390 829 2440 ejus
850 2390 1034 2442 impedias
1055 2388 1276 2428 confufione
1295 2389 1482 2441 partium,
1498 2400 1566 2425 nec
1587 2399 1740 2424 memo-

343 2456 440 2494 riam
461 2455 714 2494 multitudine
726 2474 738 2502 3
770 2469 930 2510 quaeque
949 2469 1043 2496 mox
1063 2455 1109 2493 de
1128 2455 1341 2495 narratione
1361 2454 1529 2492 dilucida
1550 2453 1740 2496 dicentur,

453 2521 652 2560 T0M.L
1332 2521 1442 2559 Ttt
