2176 2912
722 195 1392 235 PARTITIONES.
1679 212 1751 251 531

359 288 560 333 concursu,
583 288 738 340 quaestio
758 289 927 326 exoritur
945 289 1135 340 quaedam,
1164 302 1282 340 quam
1302 289 1615 342 disceptationem
1632 304 1727 328 voco
1743 309 1753 334 ;

359 356 400 391 in
422 368 510 405 qua,
531 354 625 405 quid
645 354 819 391 deveniat
839 355 878 391 in
894 355 1104 406 judicium,
1137 364 1173 392 et
1194 356 1239 392 de
1259 369 1337 407 quo
1363 356 1604 408 disceptetur,
1639 357 1757 407 quaeri

359 419 466 457 solet.
499 419 605 457 Nam
624 419 750 471 prima
769 419 1065 457 adversariorum
1085 421 1282 458 contentio
1302 420 1479 459 diffusam
1500 419 1615 458 habet
1635 421 1756 473 quaes-

359 486 523 531 tionem,
557 495 600 523 ut
631 486 671 523 in
702 486 931 537 con-{effiturzb
963 486 1169 539 Ceperitne
1200 487 1380 538 pecunias
1403 487 1560 525 Decius.
1622 488 1665 524 In
1690 488 1756 525 de-

358 551 548 596 finitione,
579 552 822 589 Minueritne
846 551 1081 604 majestatem
1112 552 1336 590 Norbanus.
1396 553 1441 590 In
1463 553 1653 603 aequitate,
1685 554 1756 603 Ju-

359 630 448 655 rene
468 618 653 656 occiderit
689 618 873 670 Opimius
905 617 1160 656 Gracchum..
1196 619 1309 663 Haec,
1345 632 1429 671 quae
1460 618 1628 671 primam
1663 631 1758 656 con-

360 685 574 722 tentionem
607 683 750 722 habent
780 698 827 722 ex
860 684 1052 737 arguendo
1088 694 1127 722 et
1159 683 1373 729 resistendo,
1403 684 1491 729 lata,
1527 693 1570 721 ut
1596 684 1690 728 dixi,
1721 693 1760 722 et

362 749 517 787 confusa
536 750 635 788 sunt.
695 751 923 795 Rationum,
956 759 994 787 et
1013 749 1349 788 firmamentorum
1381 749 1579 788 contentio
1604 750 1760 788 adducit

360 817 401 854 in
421 817 625 869 angustum
645 816 973 869 disceptationem.
1018 817 1076 855 Ea
1096 817 1136 854 in
1156 818 1374 869 conjestura
1394 817 1501 855 nulla
1519 817 1582 854 est.
1627 817 1761 855 Nemo

361 883 467 920 enim
500 885 595 934 ejus,
624 883 728 934 quod
747 892 859 934 negat
879 881 1039 927 fartum,
1075 883 1262 920 rationem
1293 893 1359 920 aut
1378 883 1512 936 potest,
1546 892 1611 920 aut
1631 883 1758 928 debet,

362 958 427 986 aut
446 948 541 986 solet
560 948 728 986 reddere.
788 949 923 1000 Itaque
941 949 982 986 in
1002 947 1062 985 his
1083 948 1200 986 causis
1220 949 1353 986 eadem
1373 957 1411 986 et
1438 950 1563 1001 prima
1588 950 1758 1001 quaestio,

361 1023 400 1052 et
419 1014 643 1067 disceptatio
664 1014 717 1051 est
737 1023 923 1052 extrema.
980 1015 1025 1052 In
1047 1014 1125 1051 illis
1145 1023 1288 1059 autem,
1311 1014 1379 1052 ubi
1399 1015 1452 1052 ita
1473 1015 1629 1059 dicitur,
1665 1015 1760 1053 Non

362 1081 506 1118 minuit
537 1079 786 1131 majestatem,
817 1080 923 1132 quod
962 1080 1042 1131 egit
1074 1079 1121 1117 de
1152 1080 1335 1132 Caepione
1363 1080 1621 1118 turbulentius
1638 1098 1649 1124 ς
1688 1095 1760 1133 po-

360 1147 445 1199 puli
478 1147 583 1184 enim
618 1146 787 1202 Romani
821 1145 1067 1198 dolorjustus
1100 1146 1182 1183 vim
1215 1146 1324 1184 illam
1355 1147 1550 1191 excitavit,
1581 1160 1659 1184 non
1691 1147 1762 1185 tri-

362 1213 459 1250 buni
499 1212 596 1250 affifio
614 1230 628 1257 ,ς
661 1211 829 1264 majestas
863 1221 1006 1256 autem,
1039 1212 1224 1264 quoniam
1245 1211 1299 1250 est
1327 1211 1556 1264 magnitudo
1587 1212 1761 1264 quaedam

361 1278 498 1332 populi
532 1278 700 1316 Romani
732 1278 772 1315 in
805 1279 886 1330 ejus
917 1277 1112 1330 potestate,
1142 1291 1185 1316 ac
1210 1279 1296 1330 jure
1330 1278 1543 1322 retinendo,
1574 1280 1682 1317 aneta
1710 1279 1763 1317 est

363 1345 507 1397 potius,
545 1357 662 1396 quam
697 1344 914 1382 diminuta:
960 1353 997 1381 et
1032 1343 1101 1381 ubi
1135 1344 1189 1381 ita
1221 1342 1395 1389 refertur,
1427 1343 1605 1395 Majestas
1636 1344 1688 1382 est
1721 1345 1764 1382 in

363 1411 533 1463 imperii,
565 1419 680 1461 atque
706 1410 744 1447 in
775 1411 883 1448 omni
904 1410 1039 1463 populi
1060 1411 1229 1448 Romani
1258 1410 1458 1462 dignitate,
1481 1424 1598 1462 quam
1619 1411 1764 1448 minuit

363 1477 409 1522 is,
433 1477 501 1529 qui
522 1490 587 1529 per
609 1477 691 1514 vim
712 1476 975 1514 multitudinis
1007 1489 1086 1514 rem
1106 1476 1152 1513 ad
1172 1476 1397 1514 seditionem
1426 1476 1602 1521 vocavit,
1635 1476 1766 1515 existit

363 1543 431 1580 illa
464 1543 702 1595 disceptatio,
740 1543 981 1580 Minueritne
1014 1542 1264 1594 majestatem,
1300 1543 1368 1594 qui
1398 1542 1595 1580 voluntate
1629 1542 1766 1595 populi

363 1609 535 1648 Romani
568 1622 649 1646 rem
680 1618 826 1661 gratam
860 1618 897 1646 et
928 1622 1078 1660 aequam
1108 1621 1175 1661 per
1194 1608 1275 1645 vim
1295 1608 1428 1660 egerit.
1488 1609 1534 1646 In
1553 1606 1614 1646 his
1635 1618 1765 1647 autem

363 1675 496 1719 causis,
532 1675 600 1712 ubi
619 1674 765 1726 aliquid
785 1676 883 1712 redte
904 1673 1064 1718 faetum,
1101 1683 1166 1711 aut
1186 1673 1491 1718 concedendum,
1522 1673 1594 1711 effe
1619 1672 1766 1712 faGmm

365 1740 598 1785 defenditur,
631 1753 722 1777 cum
744 1740 795 1776 est
827 1739 917 1777 faeti
938 1739 1104 1791 subjec'ta
1135 1740 1245 1784 ratio,
1281 1739 1376 1777 sicut
1395 1739 1441 1777 ab
1464 1740 1642 1792 Opimio,
1672 1741 1766 1791 Jure

366 1801 455 1846 feci,
478 1801 604 1838 salutis
625 1801 820 1845 omnium,
842 1810 879 1838 et
898 1800 1158 1838 conservandae
1177 1801 1397 1853 reipublicae
1413 1800 1520 1838 causa
1535 1819 1546 1845 ;
1579 1800 1765 1838 relatum-

365 1881 443 1919 que
462 1867 514 1905 est
533 1867 580 1904 ab
602 1867 739 1910 Decio,
771 1867 834 1905 Ne
864 1866 1190 1904 sceleratissimum
1221 1867 1382 1918 quidem
1402 1867 1527 1904 civem
1556 1866 1631 1904 fine
1656 1867 1765 1917 judi-

365 1935 429 1972 cio
454 1935 540 1986 jure
573 1933 654 1971 ullo
686 1947 818 1971 necare
839 1933 994 1986 potuisti
1013 1952 1025 1977 ;
1056 1934 1178 1971 oritur
1199 1933 1264 1970 illa
1284 1933 1521 1986 disceptatio,
1545 1934 1767 1971 Potueritne

367 2002 480 2045 redte,
502 2000 629 2037 salutis
651 2000 870 2052 reipublicae
890 1999 1010 2044 causa,
1025 2000 1164 2044 civem,
1182 1999 1389 2037 eversorem
1411 1999 1590 2043 civitatis,
1611 1998 1766 2037 indem-
1819 2002 1822 2003 ⁷

367 2075 503 2104 natum
534 2078 678 2103 necare.
739 2066 796 2103 Ita
828 2065 1118 2117 disceptationes
1150 2078 1215 2108 eae,
1249 2078 1333 2116 quae
1364 2064 1403 2101 in
1425 2062 1484 2101 his
1505 2064 1766 2103 controversiiS

368 2133 559 2177 oriuntur,
595 2146 679 2184 quae
711 2132 797 2170 sunt
817 2133 930 2170 certis
951 2132 1133 2184 personis,
1165 2141 1203 2168 et
1225 2131 1464 2183 temporibus
1486 2140 1637 2175 notatae,
1666 2130 1768 2168 fiunt

369 2199 492 2236 rursus
514 2198 687 2242 infinitae,
724 2198 971 2250 detraCtisque
1005 2198 1243 2251 temporibus
1276 2207 1313 2235 et
1343 2197 1510 2250 personis
1541 2196 1691 2235 rursum
1721 2196 1767 2234 ad

368 2264 657 2302 consultationis
678 2262 844 2302 formam
865 2265 1129 2316 rationemque
1150 2272 1385 2302 revocantur.

425 2330 576 2367 XXXI.
610 2329 682 2367 Sed
716 2330 754 2366 in
789 2330 1014 2381 graviffimis
1049 2330 1317 2373 firmamentis,
1346 2329 1462 2366 etiam
1498 2328 1562 2365 illa
1593 2326 1767 2379 ponenda

371 2394 472 2439 sunt,
505 2394 530 2431 si
552 2408 627 2446 qua
655 2408 700 2431 ex
723 2394 861 2447 scripto
891 2396 1000 2447 legis,
1035 2405 1101 2433 aut
1121 2395 1350 2440 testamenti,
1385 2404 1450 2432 aut
1479 2393 1682 2431 verborum
1703 2392 1765 2444 ip-

370 2460 442 2499 fiuS
457 2460 611 2513 judicii,
647 2470 711 2500 aut
737 2460 898 2513 alicujus
925 2461 1192 2514 stipulationis,
1225 2471 1290 2499 aut
1310 2460 1496 2499 cautionis
1518 2466 1766 2511 opponuntur

1285 2528 1321 2567 X
1342 2541 1367 2566 x
1387 2540 1411 2565 x
1444 2539 1465 2564 2
