2176 2912
597 195 700 235 DE
778 195 1111 235 CLARIS
1190 189 1444 236 ORAT.
1646 212 1721 250 337

322 289 474 341 gloriofi
497 289 635 327 laboris
655 289 868 327 amiseram.
917 287 1089 333 Etenim,
1112 288 1137 325 fi
1160 290 1198 325 in
1228 288 1418 326 leviorum
1439 289 1577 328 artium
1600 290 1722 329 studio

323 355 518 392 memoriae
538 354 736 406 proditum
757 354 822 398 est,
842 362 970 405 poetas
987 353 1133 391 nobiles
1150 362 1349 406 poetarum
1371 355 1576 406 aequalium
1598 365 1722 394 morte

321 420 501 464 doluiffe;
525 434 602 472 quo
623 421 777 458 tandem
793 421 923 457 animo
942 420 1022 472 ejus
1044 420 1243 458 interitum
1265 419 1362 458 ferre
1382 420 1512 465 debui,
1534 435 1625 459 cum
1643 436 1723 474 quo

321 494 462 523 certare
482 495 560 523 erat
591 486 805 538 gloriosius,
842 499 959 537 quam
981 486 1142 523 omnino
1169 486 1420 524 adversarium
1449 499 1524 523 non
1553 485 1720 524 habere?

319 563 411 588 cum
434 550 640 603 praesertim
658 565 735 590 non
756 551 873 589 modo
888 565 1089 603 nunquam
1105 551 1149 589 fit
1165 561 1229 589 aut
1249 551 1354 589 illius
1375 565 1395 589 a
1415 565 1477 589 me
1497 551 1626 589 cursus
1645 552 1719 589 im-

320 617 486 669 peditus,
508 626 573 655 aut
593 617 639 655 ab
660 618 729 655 illo
749 630 871 661 meus,
894 617 955 654 sed
975 627 1107 655 contra
1128 617 1274 670 semper
1294 618 1386 656 alter
1406 618 1452 655 ab
1474 618 1590 655 altero
1611 617 1719 669 adju-

320 692 381 720 tus
402 693 439 720 et
459 684 798 728 communicando,
834 692 871 720 et
892 684 1101 728 monendo,
1138 693 1174 721 et
1195 683 1371 724 favendo.
1422 684 1506 728 Sed,
1535 684 1720 736 quoniam

320 757 502 802 perpetua
521 749 684 801 quadam
702 748 884 787 felicitate
906 748 991 787 usus
1009 749 1074 786 ille
1093 749 1197 787 ceffit
1213 763 1232 787 e
1249 751 1340 795 vita,
1363 750 1428 788 suo
1444 751 1579 802 magis,
1602 762 1721 802 quam

319 814 474 852 suorum
505 816 666 859 civium,
701 825 899 867 tempore3
932 824 968 852 et
999 824 1084 853 tum
1114 815 1272 860 occidit,
1308 830 1400 854 cum
1423 816 1551 868 lugere
1571 814 1723 853 facilius

319 881 600 933 rempublicam
620 881 752 933 posset,
789 881 814 918 si
834 881 990 925 viveret,
1013 882 1277 933 quamjuvare
1291 901 1301 927 ς
1334 883 1507 934 vixitque
1527 891 1607 920 tam
1637 882 1718 926 diu,

317 960 435 999 quam
457 947 568 984 licuit
587 947 627 984 in
648 947 802 984 civitate
823 947 918 984 bene
939 947 1120 999 beateque
1137 948 1283 992 vivere;
1307 948 1433 986 nostro
1452 949 1719 993 incommodo,

317 1012 640 1065 detrimentoque,
661 1013 686 1050 fi
707 1013 760 1050 est
775 1013 827 1050 ita
842 1012 999 1057 necesse,
1018 1012 1214 1051 doleamus
1232 1028 1240 1051 ε
1263 1013 1365 1051 illius
1387 1028 1474 1052 vero
1494 1014 1630 1052 mortis
1646 1029 1719 1067 op-

318 1080 595 1132 portunitatem
609 1079 872 1118 benevolentia
883 1080 1013 1132 potius
1027 1093 1146 1131 quam
1159 1078 1418 1118 misericordia
1430 1081 1717 1134 prosequamur,

317 1154 375 1190 ut,
412 1145 714 1197 quotiescunque
747 1145 793 1182 de
827 1144 1030 1183 clarissimo
1064 1155 1102 1183 et
1138 1146 1350 1184 beatiffimo
1383 1147 1466 1185 viro
1485 1147 1717 1200 cogitemuS,

316 1212 431 1250 illum
452 1213 594 1265 potiuS,
627 1226 743 1264 quam
765 1211 1027 1264 nosmetipsos,
1049 1212 1206 1265 diligere
1225 1213 1436 1252 videamur.
1484 1215 1604 1259 Nam,
1633 1215 1659 1252 fi
1680 1214 1719 1252 id

317 1278 508 1323 dolemus,
542 1278 646 1330 quod
667 1292 711 1316 eo
732 1280 815 1330 jam
835 1277 911 1315 frui
933 1279 1043 1316 nobis
1064 1292 1141 1316 non
1163 1279 1266 1324 licet,
1298 1280 1471 1318 nostrum
1491 1280 1543 1318 est
1573 1281 1613 1318 id
1634 1294 1717 1319 ma-

317 1345 400 1383 lum
415 1364 426 1390 3
450 1346 553 1398 quod
571 1346 722 1383 modice
735 1344 915 1389 feramus,
930 1358 977 1382 ne
990 1344 1030 1382 id
1043 1359 1119 1383 non
1136 1345 1181 1382 ad
1197 1346 1423 1391 amicitiam,
1439 1346 1500 1383 sed
1516 1347 1560 1384 ad
1582 1346 1717 1385 dome-

316 1411 448 1450 sticam
470 1412 692 1457 utilitatem,
716 1411 850 1450 referre
870 1412 1080 1450 videamur.
1129 1412 1208 1456 Sin,
1233 1422 1416 1464 tanquam
1438 1413 1496 1450 illi
1523 1413 1591 1465 ipfi
1612 1427 1716 1452 acer-

316 1478 445 1516 bitatis
466 1479 613 1531 aliquid
633 1479 826 1523 acciderit,
848 1478 1042 1530 angimur,
1071 1477 1263 1516 summam
1284 1479 1364 1531 ejus
1386 1477 1611 1517 felicitatem
1639 1494 1717 1519 non

315 1543 399 1581 satis
420 1553 527 1596 grato
546 1544 676 1582 animo
695 1545 1002 1596 interpretamur.

357 1611 409 1649 ΙΙ.
443 1611 601 1648 Etenim
623 1611 648 1648 fi
668 1612 811 1649 viveret
833 1610 1152 1663 QHortenfius,
1175 1620 1308 1649 caetera
1327 1611 1476 1650 fortasse
1497 1613 1725 1652 desideraret

316 1690 390 1714 una
409 1690 500 1714 cum
521 1677 677 1729 reliquis
699 1678 809 1715 bonis
827 1687 864 1715 et
885 1676 1050 1715 fortibus
1069 1677 1238 1723 civibus5
1262 1677 1368 1716 hunc
1383 1687 1510 1716 autem
1527 1688 1565 1716 et
1582 1688 1717 1731 praeter

315 1752 483 1787 caeteros,
514 1753 577 1780 aut
598 1757 689 1782 cum
709 1745 840 1796 paucis
871 1743 1067 1781 sustineret
1092 1745 1278 1789 dolorem,
1304 1759 1395 1783 cum
1420 1744 1550 1783 forum
1580 1746 1716 1798 populi

315 1810 499 1853 Romani,
521 1809 626 1860 quod
646 1808 772 1847 fuiss'et
793 1809 894 1861 quas1
915 1808 1108 1847 theatrum
1129 1810 1232 1848 illius
1254 1812 1414 1863 ingenii,
1440 1825 1533 1850 voce
1553 1812 1713 1855 erudita,

313 1885 351 1913 et
373 1875 574 1919 Romanis,
607 1875 827 1926 Graecisque
847 1875 1000 1913 auribus
1022 1875 1150 1927 digna,
1173 1876 1376 1928 spoliatum
1397 1886 1510 1929 atque
1537 1878 1714 1915 orbatum

313 1942 469 1979 videret.
531 1942 725 1993 Equidem
747 1954 865 1994 angor
886 1942 1029 1986 animo,
1053 1955 1129 1979 non
1151 1942 1313 1987 coniilii,
1346 1957 1422 1980 non
1454 1944 1614 1996 ingenii,
1638 1957 1714 1981 non

312 2008 543 2045 auctoritatis
575 2008 689 2045 armis
719 2021 827 2060 egere
859 2007 1156 2059 rempublicam,
1186 2023 1269 2060 quae
1301 2009 1508 2047 didiceram
1543 2012 1712 2054 tractare,

312 2074 528 2126 quibusque
548 2087 610 2111 me
630 2073 908 2118 assuefeceram,
924 2087 1084 2126 quasque
1106 2083 1211 2111 crant
1232 2075 1382 2127 propria
1395 2089 1486 2112 cum
1506 2076 1712 2128 praestantis

312 2141 351 2177 in
374 2141 569 2193 republica
589 2141 674 2186 viri,
708 2150 793 2178 tum
814 2141 910 2178 bene
931 2150 1085 2178 morata¹
1111 2151 1149 2179 et
1170 2142 1266 2178 bene
1295 2142 1510 2180 constitutae
1530 2144 1709 2181 civitatis.

313 2206 430 2257 Qod
452 2207 476 2243 s1
498 2205 573 2244 fuit
594 2207 633 2244 in
661 2207 857 2260 republica
889 2217 1041 2259 tempus
1064 2208 1204 2251 ullum,
1241 2222 1331 2246 cum
1353 2218 1578 2260 extorquere
1609 2223 1711 2247 arma

313 2271 430 2323 poffet
451 2285 470 2308 e
492 2272 668 2309 manibus
684 2273 868 2311 iratorum
889 2273 1035 2311 civium
1057 2274 1145 2311 boni
1170 2275 1264 2311 civis
1286 2276 1484 2313 auctoritas
1506 2285 1543 2312 ct
1562 2276 1706 2319 oratio;

313 2347 397 2374 tum
420 2336 588 2388 profe&0
621 2336 711 2383 fuit,
742 2352 833 2376 cum
854 2340 1112 2391 patrocinium
1134 2341 1236 2391 pacis
1257 2340 1455 2378 exclusum
1476 2340 1528 2378 est
1558 2349 1622 2378 aut
1647 2354 1707 2377 er-

312 2416 393 2442 rore
414 2402 636 2448 hominum,
668 2413 732 2440 aut
753 2405 904 2444 timore.
952 2407 1010 2443 Ita
1029 2405 1309 2458 nobiiinctipsis
1330 2407 1482 2451 accidit,
1506 2416 1561 2450 ut,
1583 2419 1706 2458 quan-

311 2483 429 2522 quam
463 2468 578 2507 effent
599 2469 725 2508 multo
758 2471 880 2523 magis
914 2472 985 2509 alia
1015 2471 1192 2523 lugenda,
1230 2482 1358 2510 tamen
1377 2472 1453 2510 hoc
1474 2472 1704 2515 doleremus,

310 2534 428 2587 quod,
477 2548 556 2587 quo
589 2544 761 2588 tempore
800 2545 884 2575 aetas
923 2537 1046 2575 nostra
1079 2536 1278 2589 perfuncta
1304 2538 1428 2576 ‘rebus
1466 2535 1706 2589 ampliflimis

363 2602 498 2641 ToM.
531 2602 564 2641 I.
1244 2603 1279 2640 V
1311 2617 1333 2640 v
