2176 2912
424 165 499 203 218
741 162 855 201 DE
944 162 1496 203 ORATORE

419 255 542 309 potest
575 254 659 300 effe,
690 255 760 293 nisi
794 268 841 293 ex
872 255 1071 308 ambigu0‚
1103 256 1366 295 controversia.
1427 257 1533 295 Nam
1564 256 1662 296 illud
1682 258 1826 312 ipsum,

419 335 512 359 cum
545 321 731 374 scriptum
763 334 783 358 a
802 320 985 359 sententia
1005 321 1204 373 discrepat,
1236 336 1356 375 genus
1385 323 1581 374 quoddam
1601 323 1718 362 habet
1738 339 1824 364 am·-

419 388 529 440 bigui
548 407 558 433 ς
582 388 686 440 quod
707 397 791 425 tum
813 388 1040 440 explicatur,
1063 401 1155 426 cum
1177 402 1217 426 ea
1239 389 1364 434 verba,
1383 403 1468 441 quae
1489 390 1638 435 desunt,
1654 391 1826 444 suggesta

419 453 534 492 sunt:
567 454 708 506 quibus
740 453 878 491 additis
909 452 1142 498 defenditur,
1176 454 1402 493 sententiam
1423 456 1553 509 scripti
1585 457 1825 509 perspicuam

420 519 552 558 fuiffe:
575 530 613 558 et
630 534 676 558 ex
694 521 893 558 contrariis
915 520 1062 573 scriptis
1084 521 1110 558 fi
1132 522 1226 572 quid
1246 522 1469 573 ambigitur,
1493 536 1570 561 non
1590 537 1735 562 novum
1756 539 1826 577 ge-
1854 522 1859 523 ⁷

421 600 493 624 nus
515 587 693 631 nascitur,
715 586 776 623 sed
797 586 998 638 superioris
1016 587 1165 638 generis
1186 587 1294 624 causa
1314 588 1547 639 duplicatur.
1608 590 1742 641 Itaque
1762 599 1827 628 aut

421 667 624 705 nunquam
643 653 845 704 dijudicari
876 653 1032 703 poterit,
1064 661 1129 689 aut
1159 653 1212 689 ita
1231 653 1520 704 dijudicabitur,
1552 663 1596 691 ut
1622 654 1829 693 referendis

419 721 617 772 praeteritis
637 719 775 762 verbis,
794 718 832 755 id
854 718 1055 770 scriptum,
1073 719 1351 771 quodcumque
1371 718 1630 765 defendimus,
1648 720 1826 774 supplea-

419 795 495 823 tur.
556 787 613 823 Ita
634 785 691 828 fit,
724 793 766 821 ut
788 798 914 821 unum
932 797 1051 836 genus
1073 785 1112 821 in
1133 785 1179 822 iis
1201 785 1332 830 causis,
1361 800 1445 838 quae
1464 795 1622 839 propter
1640 786 1829 840 scriptum*

419 852 687 904 ambiguntur,
710 850 962 903 relinquatur,
984 851 1010 889 fi
1031 851 1083 888 est
1104 850 1291 903 scriptum
1311 852 1458 904 aliquid
1478 853 1674 905 ambigue.

475 918 767 969 Ambiguorum
798 927 927 954 autem
948 917 1149 969 complura
1168 931 1305 970 genera
1336 917 1436 963 sunt,
1465 932 1549 970 quae
1569 918 1669 956 mihi
1690 918 1825 957 viden-

420 992 482 1021 tur
514 985 540 1021 ii
573 983 712 1021 melius
735 983 848 1027 noffe,
882 983 949 1034 qui
971 983 1158 1021 dialectici
1179 983 1419 1035 appellantur
1434 1002 1445 1028 ;
1482 983 1523 1021 hi
1545 994 1674 1022 autem
1709 984 1829 1022 nostri·

420 1050 606 1102 ignorare,
638 1050 707 1100 qui
727 1063 803 1086 non
824 1049 954 1086 minus
982 1049 1082 1087 noffe
1103 1049 1291 1087 debeant:
1325 1059 1411 1087 tum
1431 1049 1529 1087 illud
1558 1050 1611 1087 est
1639 1049 1824 1102 frequen-

420 1116 609 1153 tiffimum
642 1116 681 1152 in
702 1116 811 1153 omni
842 1115 1116 1153 consuetudine
1151 1116 1210 1153 vel
1237 1115 1436 1160 sermonis,
1468 1115 1526 1153 vel
1557 1115 1700 1169 scripti,
1732 1129 1826 1154 cum

420 1182 566 1220 idcirco
586 1181 733 1234 aliquid
753 1181 978 1234 ambigitur,
1009 1181 1114 1234 quod
1143 1190 1209 1219 aut
1227 1182 1403 1227 verbum,
1417 1190 1482 1220 aut
1501 1182 1616 1220 verba
1634 1182 1707 1220 sint
1725 1195 1829 1235 prae-

421 1247 599 1285 termiffa.

476 1315 623 1351 Iterum
656 1322 783 1350 autem
816 1323 989 1365 peccant,
1022 1327 1114 1352 cum
1135 1327 1255 1367 genus
1290 1313 1364 1352 hoc
1399 1314 1611 1359 causarum,
1645 1314 1750 1366 quod
1782 1314 1824 1352 in

420 1379 550 1431 scripti
573 1379 885 1431 interpretatione
905 1379 1084 1424 versatur,
1115 1381 1162 1418 ab
1183 1380 1259 1418 illis
1281 1380 1413 1425 causis,
1436 1381 1475 1418 in
1498 1380 1652 1432 quibus,
1685 1379 1823 1431 Qalis

419 1458 583 1496 qumque
605 1458 659 1481 res
681 1444 738 1488 fit,
758 1443 1000 1496 disceptatur,
1019 1444 1237 1498 sejungunt.
1262 1445 1467 1497 Nusquam
1488 1446 1595 1483 enim
1615 1454 1693 1482 tam
1715 1459 1822 1496 quae-

421 1511 529 1555 fitur,
561 1509 672 1561 quale
692 1509 735 1546 s1t
755 1522 874 1560 genus
896 1509 1020 1560 ipsum
1042 1511 1107 1554 rei,
1140 1524 1258 1562 quam
1278 1511 1319 1548 in
1350 1510 1504 1563 scripto,
1528 1510 1633 1562 quod
1655 1518 1782 1548 totum
1802 1524 1823 1549 a

419 1575 510 1613 facti
530 1575 782 1613 controversia
802 1574 1013 1626 separatum
1034 1575 1099 1613 est.

476 1643 534 1679 Ita
564 1642 633 1678 tria
653 1641 739 1678 sunt
759 1641 920 1678 omnino
951 1654 1101 1693 genera,
1134 1655 1218 1693 quae
1240 1642 1279 1678 in
1311 1642 1626 1694 disceptationem
1660 1651 1698 1679 et
1725 1655 1821 1680 con—

419 1708 635 1746 troverfiam
656 1707 786 1744 cadere
806 1706 987 1759 poffunt5
1020 1707 1128 1758 Qid
1149 1707 1227 1752 fiat,
1249 1707 1410 1752 factum,
1432 1707 1657 1746 futurumve
1677 1708 1734 1752 fit,
1757 1717 1823 1746 aut

421 1773 546 1824 Qale
567 1773 625 1817 fit,
643 1782 707 1809 aut
722 1772 933 1822 Qomodo
955 1774 1188 1811 nominetur.
1220 1774 1327 1812 Nam
1348 1783 1385 1811 et
1402 1774 1498 1811 illud
1519 1773 1693 1825 quidem,
1716 1774 1822 1825 quod

419 1839 577 1890 quidam
610 1839 737 1876 Graeci
770 1837 997 1889 adjungunt,
1034 1839 1203 1877 Rectene
1222 1838 1369 1877 factum
1389 1839 1446 1884 fit,
1480 1848 1609 1877 totum
1630 1841 1668 1877 in
1689 1853 1733 1877 eo
1753 1839 1819 1885 est,

419 1904 539 1957 quod,
563 1904 687 1955 Qale
708 1903 764 1948 fit,
787 1906 1008 1955 quaerimus.

444 1960 447 1964 r
474 1971 646 2008 XXVII.
680 1970 751 2009 Sed
776 1971 858 2022 jam
879 1971 925 2008 ad
948 1970 1169 2010 institutum
1198 1980 1358 2009 revertar
1380 1985 1526 2009 meum.
1561 1973 1665 2009 Cum
1687 1971 1818 2023 igitur,

419 2046 575 2089 accepto
595 2036 710 2073 causae
730 2050 881 2089 genere,
909 2046 946 2074 et
967 2038 1138 2089 cognito,
1161 2051 1242 2074 rem
1264 2039 1418 2075 tractare
1444 2038 1560 2089 coepi,
1595 2035 1693 2074 nihil
1714 2037 1819 2088 prius

420 2103 624 2146 constituo,
652 2116 769 2153 quam
790 2103 883 2154 quid
905 2103 948 2140 fit
969 2103 1081 2148 illud,
1112 2117 1190 2156 quo
1211 2102 1309 2141 mihi
1331 2103 1525 2141 referenda
1545 2103 1589 2140 fit
1607 2102 1735 2140 omnis
1755 2103 1821 2140 illa

419 2169 552 2213 oratio,
581 2182 665 2220 quae
686 2169 729 2205 s1t
750 2170 900 2221 propria
919 2169 1134 2222 quaestionis
1167 2178 1203 2206 et
1217 2169 1355 2221 judicii
1376 2185 1383 2207 :
1417 2169 1553 2207 deinde
1574 2169 1640 2206 illa
1659 2170 1736 2206 duo
1756 2168 1818 2205 di-

420 2234 664 2286 ligentiffime
697 2235 902 2280 considero,
939 2249 1106 2288 quorum
1138 2236 1300 2273 alterurn
1334 2236 1711 2273 commendationem
1748 2233 1819 2272 ha-

421 2300 486 2337 bet
507 2299 686 2344 nostram,
718 2308 781 2337 aut
802 2313 949 2345 eorum,
978 2315 1074 2353 quos
1095 2300 1366 2345 defendimus;
1398 2300 1560 2338 alterum
1591 2301 1643 2338 est
1663 2313 1819 2337 accom-

421 2365 622 2404 modatum
655 2366 700 2403 ad
730 2379 863 2402 eorum
898 2367 1060 2412 animos,
1092 2366 1191 2420 apud
1221 2380 1316 2418 quos
1351 2367 1532 2411 dicimus,
1564 2367 1609 2404 ad
1630 2367 1682 2411 id,
1715 2365 1820 2418 quod

420 2431 615 2476 volumus,
646 2432 961 2470 commovendos.
1009 2434 1066 2471 Ita
1086 2434 1180 2471 ratio
1200 2433 1326 2471 omnis
1349 2433 1501 2470 dicendi
1523 2433 1643 2471 tribus
1664 2432 1709 2469 ad
1730 2445 1818 2484 per-

420 2496 656 2537 suadendum
685 2498 796 2537 rebus
831 2498 883 2536 cst
916 2499 1030 2537 nixa:
1082 2508 1124 2537 ut
1161 2499 1370 2552 probemus
1405 2513 1490 2538 vera
1523 2498 1593 2538 effe
1633 2512 1688 2544 ea,
1733 2511 1818 2551 quae
