2176 2912
475 210 560 252 ⁴392
839 196 969 235 DE
1084 196 1555 236 CLARIS

479 291 692 335 limaverat,
711 288 816 342 quod
831 298 908 327 erat
928 289 968 327 in
984 288 1303 342 reprehendendis
1320 289 1444 328 verbis
1460 290 1668 334 versutum,
1687 297 1725 327 et
1745 288 1855 328 solers
1870 307 1882 335 ;

479 357 542 396 sed
563 357 656 410 saepe
676 355 976 401 stomachosum,
1013 369 1293 408 nonnunquam
1314 354 1517 409 frigidum,
1551 355 1747 394 interdum
1767 357 1885 394 etiam

480 423 665 461 facetum.
709 424 746 461 Is
767 422 952 468 laborem,
975 422 1086 474 quasi
1107 422 1274 467 cursum,
1297 421 1500 467 forensem,
1520 422 1663 461 diutius
1684 436 1762 460 non
1781 422 1885 467 tulit,

479 491 587 545 quod
613 499 651 528 et
671 503 829 543 corpore
848 498 925 528 erat
945 489 1114 535 infirmo,
1147 498 1184 527 et
1204 488 1415 528 hominum
1435 490 1596 542 ineptias
1629 503 1670 527 ac
1691 489 1884 533 stultitias,

479 572 565 610 quae
586 556 808 595 devorandae
829 557 939 594 nobis
960 556 1061 601 sunt,
1080 569 1157 593 non
1178 555 1335 600 ferebat,
1358 555 1652 608 iracundiusque
1673 549 1900 608 respuebat,

480 625 553 662 five
575 623 736 667 morose,
759 632 802 660 ut
832 622 1049 674 putabatur,
1083 621 1155 658 five
1176 622 1359 673 ingenuo,
1396 621 1593 673 liberoque
1622 620 1787 659 fastidio.
1847 621 1884 659 Is

479 704 572 728 cum
593 689 677 727 satis
709 687 889 726 floruisset
918 686 1147 730 adolescens,
1184 686 1312 724 minor
1332 685 1465 724 haberi
1488 686 1543 724 est
1562 696 1712 738 coeptus
1743 686 1882 738 postea.

477 756 633 796 Deinde
653 769 700 794 ex
722 755 915 807 virginum
930 753 1081 805 judicio
1097 766 1279 806 magnam
1298 752 1451 792 laudem
1471 753 1522 791 est
1538 752 1708 806 adeptuS,
1723 762 1761 791 et
1778 766 1824 791 ex
1840 766 1885 791 eo

478 833 653 875 tempore
673 821 776 874 quafi
796 830 993 859 revocatus
1015 820 1054 858 in
1076 820 1244 864 cursum,
1268 819 1391 857 tenuit
1412 819 1545 858 locum
1567 829 1646 858 tam
1666 819 1747 865 diu,
1768 832 1885 871 quarn

479 888 576 927 ferre
597 889 723 942 potuit
744 886 938 925 laborem:
962 886 1101 939 postea,
1120 895 1310 939 quantum
1328 886 1491 924 detraxit
1511 899 1557 924 ex
1578 885 1716 931 studio,
1735 894 1886 924 tantum

479 956 604 994 amifit
625 968 671 993 ex
691 953 825 1007 gloria.

536 1023 580 1060 P.
604 1022 781 1060 Muraena
801 1019 985 1058 mediocri
1016 1020 1185 1073 ingenio,
1222 1020 1283 1058 sed
1313 1033 1455 1073 magno
1475 1019 1598 1058 studio
1628 1032 1758 1057 rerum
1777 1027 1883 1055 vete-

471 1102 567 1126 rum
581 1106 593 1133 ς
627 1087 826 1125 literarum
846 1095 882 1123 et
902 1086 1102 1130 studiosus,
1128 1096 1165 1123 et
1185 1100 1262 1124 non
1276 1086 1505 1139 imperitu83
1529 1085 1662 1124 multae
1678 1084 1882 1129 industriae,

479 1163 518 1192 et
539 1153 669 1206 magni
690 1152 829 1190 laboris
850 1150 939 1190 fuit.
973 1152 1020 1190 C.
1045 1151 1277 1189 Censorinus
1296 1152 1441 1189 Graecis
1462 1151 1584 1189 literis
1613 1150 1698 1188 satis
1719 1151 1852 1188 doetus
1868 1168 1881 1194 3

478 1221 584 1273 quod
604 1219 860 1273 proposuerat,
882 1218 1076 1272 explicans
1097 1218 1273 1272 expedite
1290 1237 1302 1264 ς
1334 1232 1413 1257 non
1432 1217 1653 1256 invenustus
1674 1218 1790 1262 aecor,
1821 1215 1884 1254 sed

474 1288 594 1333 iners,
612 1296 649 1324 et
668 1286 852 1324 inimicus
866 1284 955 1324 fori.
988 1287 1036 1324 L.
1048 1286 1194 1324 Turius
1208 1299 1323 1339 parvo
1339 1285 1509 1338 ingenio,
1526 1284 1588 1323 sed
1600 1283 1728 1323 multo
1740 1283 1881 1329 labore,

479 1367 638 1406 quoquo
660 1354 777 1391 modo
797 1361 957 1405 poterat,
990 1351 1084 1405 saepe
1115 1352 1280 1391 dicebat.
1327 1353 1462 1405 Itaque
1481 1352 1516 1390 ei
1545 1364 1675 1406 paucae
1701 1349 1883 1389 centuriae

474 1421 525 1459 ad
546 1420 790 1459 consulatum
812 1418 1030 1458 defuerunt.

534 1489 583 1526 C.
607 1488 741 1526 Macer
760 1487 980 1525 auecoritate
1010 1486 1157 1539 semper
1187 1488 1307 1540 eguit,
1338 1486 1400 1525 sed
1427 1485 1504 1525 fuit
1529 1495 1710 1540 patronus
1740 1497 1881 1538 prope·

475 1555 644 1594 modum
664 1552 972 1605 diligentissimus
993 1567 1001 1590 :
1034 1552 1149 1603 hujus
1181 1553 1207 1590 fi
1227 1554 1318 1598 vita,
1350 1553 1376 1590 fi
1397 1566 1536 1597 mores,
1568 1552 1594 1590 fi
1620 1552 1749 1590 vultus
1771 1550 1880 1589 deni-

479 1634 556 1674 que
577 1634 654 1658 non
686 1632 845 1657 omnem
866 1618 1244 1657 commendationem
1264 1619 1411 1672 ingenii
1431 1627 1625 1662 everteret,
1656 1618 1778 1670 majus
1808 1630 1881 1655 no-

479 1702 571 1727 men
592 1688 631 1725 in
652 1686 820 1740 patronis
841 1684 981 1724 fuisset.
1027 1686 1122 1724 Non
1143 1695 1221 1724 erat
1241 1686 1453 1731 abundans,
1484 1699 1562 1724 non
1583 1685 1693 1738 inops
1724 1694 1854 1722 tamen
1866 1701 1878 1728 5

478 1769 558 1793 non
578 1754 687 1791 valde
707 1753 847 1797 nitens,
878 1765 955 1790 non
977 1751 1088 1805 plane
1107 1750 1261 1790 horrida
1279 1752 1400 1790 oratio
1416 1771 1427 1796 3
1459 1765 1548 1795 vox,
1575 1750 1714 1803 gestus,
1735 1758 1772 1788 et
1792 1763 1880 1788 om-
1903 1796 1908 1799 .

479 1822 539 1860 nis
567 1821 664 1858 actio
694 1819 770 1857 fine
787 1818 938 1871 lepore,
971 1827 1008 1855 at
1028 1818 1067 1855 in
1101 1817 1352 1863 inveniendis,
1389 1816 1739 1870 componendisque
1768 1816 1880 1855 rebus

479 1888 578 1926 mira
597 1886 801 1936 accuratio,
834 1894 876 1923 ut
896 1899 973 1923 non
1003 1883 1117 1923 facile
1137 1885 1177 1923 in
1212 1884 1293 1923 ullo
1313 1884 1599 1937 diligentiorem
1620 1884 1881 1936 majoremque

479 1953 727 2007 cognoverim
741 1971 752 1997 5
776 1951 839 1990 sed
858 1964 941 1989 eam
957 1961 997 1989 ut
1018 1952 1132 1990 citius
1150 1951 1429 1996 veteratoriam,
1447 1963 1563 2003 quam
1584 1949 1799 1993 oratoriam,
1817 1948 1879 1986 di-

478 2033 594 2058 ceres.
628 2019 708 2057 Hic
728 2018 793 2057 etfi
809 2018 926 2056 etiam
946 2018 986 2055 in
1007 2018 1176 2070 publicis
1193 2017 1309 2056 caufis
1325 2016 1568 2070 probabatur,
1592 2024 1719 2052 tamen
1740 2015 1779 2052 in
1797 2014 1879 2067 pri-

478 2087 572 2124 vatis
592 2085 836 2123 illustriorem
857 2084 1057 2122 obtinebat
1078 2084 1224 2121 locum.

535 2151 725 2190 LXVIII.
760 2151 806 2187 C.
831 2149 967 2187 deinde
987 2148 1085 2194 Piso,
1108 2149 1292 2193 statarius,
1323 2157 1362 2186 et
1381 2146 1563 2186 sermonis
1584 2145 1719 2200 plenus
1739 2154 1878 2191 orator,
1936 2196 1939 2198 -

479 2219 643 2257 minime
664 2217 729 2254 ille
748 2216 907 2268 quidem
929 2215 1056 2253 tardus
1077 2216 1116 2252 in
1139 2214 1406 2268 excogitando,
1437 2223 1686 2252 veruntamen
1712 2213 1823 2251 vultu
1842 2222 1881 2252 et

478 2283 721 2324 simulatione
749 2282 875 2320 multo
905 2282 1022 2319 etiam
1053 2281 1214 2326 acutior,
1246 2295 1363 2334 quam
1392 2289 1483 2325 erat,
1513 2280 1725 2318 videbatur.
1772 2280 1879 2318 Nam

479 2352 560 2403 ejus
581 2348 765 2402 aequalem
787 2348 860 2385 Μ’.
886 2347 1154 2392 Glabrionem,
1177 2347 1273 2385 bene
1293 2347 1514 2385 institutum
1534 2347 1592 2384 avi
1623 2346 1796 2384 Scaevolae
1817 2346 1878 2383 di-

479 2416 652 2470 ligentia,
675 2416 798 2453 socors
817 2414 930 2467 ipsius
953 2423 1084 2452 natura
1108 2414 1378 2466 negligensque
1405 2413 1626 2452 tardaverat.
1676 2413 1808 2451 Etiam
1827 2413 1877 2451 L.

480 2485 704 2535 Torquatus
725 2481 874 2537 elegans
894 2481 932 2518 in
954 2480 1130 2526 dicendo,
1154 2480 1193 2518 in
1214 2479 1465 2519 existimando
1485 2479 1694 2519 admodum
1711 2477 1877 2532 prudens
