2176 2912
466 195 787 236 LIBER
862 193 1439 235 SECUNDUS.
1582 211 1657 251 117

249 286 463 339 judicibus,
493 286 520 324 fi
539 287 619 338 ejus
640 285 694 331 rei
714 284 880 329 causam,
902 294 1058 338 propter
1078 298 1196 337 quam
1216 284 1251 322 se
1273 299 1357 324 reus
1378 295 1511 324 contra
1527 287 1655 340 legem

254 351 381 391 feciffe
400 352 514 397 dicat,
545 351 817 404 exceptionem
850 350 929 404 ipse
963 351 1003 389 in
1024 351 1109 404 lege
1129 351 1329 396 adscribat,
1360 352 1547 404 passurine
1568 354 1654 391 sint.

256 419 387 457 Postea
404 418 495 464 hoc,
526 418 631 471 quod
651 417 778 463 faciat,
810 418 1008 470 indignius
1029 428 1067 456 et
1091 418 1358 471 impudentius
1379 418 1463 464 effe,
1497 433 1613 472 quam
1633 421 1658 458 fi

254 484 453 523 adscribat.
513 486 600 537 Age
620 498 747 538 porro,
779 484 874 537 quid
894 484 920 522 fi
940 484 1009 537 ipfi
1029 485 1150 522 velint
1166 485 1316 537 judices
1337 484 1559 530 adscribere,
1575 486 1659 537 pas-

255 551 412 589 surusne
432 550 477 589 fit
498 551 665 604 populus
685 552 698 589 ?
728 553 862 603 Atque
882 549 958 589 hoc
974 550 1045 589 effe
1067 552 1280 604 indignius,
1303 565 1421 603 quam
1443 565 1524 590 rem
1544 553 1661 590 verbo

255 626 294 655 et
327 617 447 655 literis
479 627 628 656 mutare
659 631 737 655 non
769 617 923 670 poffint,
955 631 1039 655 eam
1071 631 1110 655 re
1139 617 1217 670 ipsa
1247 627 1284 655 et
1303 617 1456 669 judicio
1489 618 1661 656 maxime

256 693 512 722 commutare.
545 684 699 721 Deinde
718 684 928 736 indignum
948 683 1018 721 effe
1038 684 1084 721 de
1104 684 1188 736 lege
1208 684 1356 736 aliquid
1376 684 1563 737 derogari,
1598 694 1663 722 aut

256 749 383 802 legem
419 750 606 802 abrogari,
637 758 703 788 aut
737 750 865 802 aliqua
897 763 944 787 ex
975 759 1080 802 parte
1114 751 1362 794 commutari,
1394 764 1487 789 cum
1513 750 1661 804 populo

256 816 526 869 cognoscendi,
544 826 582 854 et
602 816 804 869 probandi,
821 825 887 853 aut
906 817 1152 869 improbandi
1173 817 1334 870 potestas
1352 817 1457 855 nulla
1477 817 1561 862 fiat,
1584 816 1661 855 hoc

256 882 343 934 ipsis
358 882 559 933 judicibus
579 881 913 919 invidiofiffimum
932 880 1127 921 futurum.
1178 883 1272 921 Non
1293 882 1398 920 hunc
1419 883 1553 921 locuni
1573 882 1660 927 effe,

255 961 382 999 neque
397 946 472 985 hoc
493 957 647 1000 tempus
664 947 796 1000 legum
812 948 1124 1000 corrigendarum
1139 967 1150 993 ς
1183 949 1283 1001 apud
1299 948 1491 1001 populum
1511 948 1601 993 hoc,
1624 956 1663 987 et

255 1026 322 1065 per
336 1013 544 1066 populum,
566 1013 629 1065 agi
648 1014 866 1051 convenire.
891 1013 1010 1064 Qod
1023 1013 1050 1051 fi
1071 1014 1227 1052 nuncid
1240 1024 1367 1066 agant,
1385 1014 1482 1052 velle
1496 1014 1532 1052 se
1552 1014 1658 1058 scire,

255 1080 325 1130 qui
345 1079 442 1117 lator
470 1079 529 1124 fit,
561 1080 630 1131 qui
650 1080 723 1117 fint
742 1080 960 1132 accepturi;
993 1079 1028 1117 se
1048 1080 1214 1118 actiones
1232 1081 1360 1118 videre
1393 1090 1431 1118 et
1453 1080 1662 1118 dissuadere

256 1145 368 1183 velle.
408 1145 573 1196 Qodisi
599 1144 681 1183 haec
702 1159 795 1183 cum
815 1145 967 1183 summe
986 1146 1153 1191 inutilia,
1186 1155 1272 1184 tum
1292 1147 1420 1184 multo
1447 1146 1662 1199 turpiffima

258 1211 358 1256 fint3
391 1211 532 1263 legem,
553 1212 772 1263 cujusmodi
792 1212 851 1256 fit,
883 1213 922 1250 in
942 1212 1139 1264 praesentia
1165 1213 1373 1251 conservari
1394 1227 1413 1250 a
1431 1214 1630 1265 judicibus
1647 1232 1661 1258 3

258 1277 354 1329 post,
386 1277 411 1314 fi
433 1277 643 1330 displiceat,
676 1291 696 1315 a
715 1277 860 1330 populo
880 1278 1020 1330 corrigi
1040 1280 1258 1317 convenire.
1309 1280 1474 1324 Deinde,
1498 1279 1523 1317 s1
1540 1279 1663 1331 scrip-

257 1354 348 1382 tum
364 1358 447 1382 non,
462 1344 635 1389 exstaret,
654 1357 886 1397 magnopere
905 1358 1161 1396 quaereremus
1176 1364 1187 1389 ;
1219 1359 1344 1398 neque
1360 1346 1433 1390 isti,
1452 1359 1499 1383 ne
1515 1346 1540 1383 si
1557 1354 1665 1383 extra

257 1411 476 1464 periculum
497 1411 658 1463 quidem
678 1411 780 1456 efl'et,
811 1411 1067 1449 crederemus.
1128 1412 1248 1450 Nunc
1276 1426 1369 1450 cum
1395 1411 1582 1464 scriptum
1601 1412 1662 1457 fit,

258 1478 467 1515 amentiam
497 1477 567 1515 effe
587 1479 682 1530 ejus,
719 1478 787 1529 qui
808 1477 988 1530 peccarit,
1017 1478 1145 1530 potius
1171 1492 1289 1529 quam
1318 1478 1412 1530 legis
1435 1478 1548 1531 ipsius
1575 1491 1662 1516 ver-

259 1543 306 1581 ba
325 1543 565 1596 cognoscere.
630 1544 707 1582 His
727 1554 765 1581 et
785 1542 1011 1596 hujusmodi
1032 1545 1243 1582 rationibus
1265 1544 1488 1589 ostenditur,
1511 1544 1663 1583 causam

258 1618 364 1647 extra
384 1609 569 1661 scriptum
590 1610 713 1662 accipi
733 1623 811 1647 non
831 1619 1020 1662 oportere.

314 1676 461 1714 XLVI.
495 1676 666 1714 Secunda
684 1689 768 1728 pars
788 1675 853 1721 est,
876 1676 917 1713 in
937 1689 1014 1728 qua
1032 1676 1084 1714 est
1098 1676 1391 1720 ostendendum,
1410 1675 1435 1713 fi
1456 1676 1495 1713 in
1516 1675 1662 1713 caeteris

259 1741 409 1793 legibus
429 1751 616 1794 oporteat,
634 1743 675 1780 in
694 1741 766 1780 hac
787 1756 865 1781 non
877 1752 1064 1795 oportere.
1098 1743 1188 1780 Hoc
1205 1743 1539 1786 demonstrabitur,
1558 1743 1583 1780 s1
1600 1742 1663 1780 lex

260 1817 324 1844 aut
345 1808 390 1845 ad
411 1822 466 1846 res
487 1810 690 1852 maximas,
710 1808 938 1853 utiliffimas‚
961 1808 1252 1854 honestissimas,
1276 1809 1579 1862 religiofiffimas,
1602 1809 1661 1846 vi-

261 1873 414 1910 debitur
434 1874 647 1925 pertinere3
679 1882 745 1911 aut
764 1874 916 1918 inutile,
939 1884 1003 1911 aut
1024 1883 1147 1926 turpe,
1170 1885 1235 1912 aut
1256 1874 1358 1913 nefas
1380 1875 1450 1913 effe
1478 1875 1541 1913 tali
1563 1875 1602 1912 in
1625 1888 1663 1912 re

260 1951 338 1975 non
358 1938 645 1991 diligentiffime
677 1939 753 1991 legi
783 1939 1071 1991 obtemperare:
1105 1949 1168 1976 aut
1190 1940 1241 1977 ita
1261 1941 1323 1978 lex
1350 1940 1554 1992 diligenter
1573 1953 1662 1993 per-

260 2005 398 2056 scripta
429 2004 766 2049 demonstrabitur,
798 2005 851 2042 ita
870 2014 1029 2042 cautum
1054 2019 1282 2057 unaquaque
1311 2006 1356 2043 de
1385 2019 1437 2050 re,
1469 2006 1536 2050 ita,
1558 2004 1664 2058 quod

260 2071 486 2123 oportuerit,
517 2080 740 2124 exceptum,
773 2080 815 2109 ut
846 2071 1011 2109 minime
1045 2073 1247 2109 conveniat
1277 2072 1493 2124 quidquam
1523 2073 1563 2111 in
1583 2081 1664 2110 tam

260 2136 437 2189 diligenti
459 2136 642 2189 scriptura
661 2138 897 2189 praeteritum
917 2137 1103 2175 arbitrari.

316 2204 472 2241 Tertius
493 2204 600 2241 locus
621 2203 673 2241 est
689 2204 737 2249 ei,
760 2205 827 2255 qui
847 2217 918 2256 pro
937 2203 1079 2256 scripto
1099 2204 1214 2248 dicet,
1237 2204 1405 2242 maxime
1424 2203 1663 2249 neceffarhw,

262 2282 328 2321 per
348 2282 465 2320 quem
485 2269 656 2307 ostendat
681 2280 846 2322 oportet,
877 2270 904 2308 fi
923 2271 1126 2308 conveniat
1155 2271 1305 2308 causam
1325 2280 1457 2308 contra
1477 2270 1660 2323 scriptum

263 2335 399 2386 accipi,
413 2348 497 2372 eam
519 2345 647 2373 tamen
672 2336 836 2374 minime
857 2345 1046 2388 oportere,
1064 2350 1149 2388 quae
1166 2337 1212 2374 ab
1240 2337 1453 2374 adversariis
1471 2336 1661 2374 afferatur.

264 2400 346 2451 Qi
367 2400 473 2438 locus
496 2401 641 2440 idcirco
658 2402 710 2440 est
730 2401 823 2440 huic
844 2402 1080 2447 neceffarius,
1099 2403 1203 2455 quod
1224 2403 1370 2456 semper
1391 2404 1435 2447 is,
1452 2404 1517 2455 qui
1532 2413 1663 2440 contra

265 2465 452 2519 scripturn
480 2466 589 2513 dicit,
626 2468 814 2520 aequitatis
842 2469 990 2522 aliquid
1010 2468 1139 2507 afferat
1160 2479 1324 2521 oportet.
1378 2470 1482 2507 Nam
1514 2469 1663 2506 summa
