2176 2912
405 217 479 269 176
759 214 873 253 DE
950 214 1456 253 ORATORE

458 309 648 347 XLVIII.
682 306 975 361 Deprehensum
996 307 1177 359 equidem
1202 321 1279 352 me,
1310 307 1438 358 inquit
1459 306 1668 350 Antonius,
1690 307 1802 359 plane

403 376 528 420 video,
559 385 671 428 atque
693 374 836 419 senti03
869 387 945 412 non
967 374 1090 411 solum
1112 373 1217 426 quod
1237 387 1278 411 ea
1298 374 1544 425 requiruntur
1564 386 1583 409 a
1603 386 1680 417 me,
1703 386 1802 424 quo-

405 456 492 480 rum
513 441 597 479 sum
618 442 770 493 ignarus
791 449 905 492 atque
928 439 1106 484 insolens,
1138 439 1197 477 sed
1222 440 1324 491 quia,
1357 439 1461 491 quod
1485 439 1524 476 in
1548 438 1665 476 causis
1697 438 1805 476 valde

403 506 536 560 fugere
558 506 672 550 soleo,
695 519 741 543 ne
756 505 840 550 tibi,
864 504 1000 549 Craffe,
1017 504 1230 549 succedam,
1253 505 1292 542 id
1313 518 1375 542 me
1388 517 1491 542 nunc
1512 503 1571 541 isti
1592 504 1708 541 vitare
1728 516 1804 540 non
1846 544 1851 546 ⁴

405 573 546 611 sinunt.
580 573 726 609 Verum
748 570 821 608 hoc
843 571 1030 623 ingrediar
1060 570 1106 608 ad
1127 584 1181 615 ea,
1213 584 1297 622 quae
1323 570 1454 615 vultis,
1485 569 1678 614 audacius,
1701 568 1807 621 quod

406 640 510 677 idem
532 638 629 676 mihi
652 638 756 690 spero
778 637 846 674 usu
866 636 936 673 effe
957 646 1163 673 venturum
1187 637 1224 673 in
1246 635 1317 673 hac
1338 636 1606 688 disputatione,
1638 635 1743 687 quod
1766 635 1806 672 in

405 705 569 743 dicendo
594 704 699 748 solet,
743 712 784 740 ut
810 702 916 739 nulla
939 703 1156 753 expectetur
1187 710 1317 738 ornata
1351 701 1484 738 oratio.
1536 701 1676 752 Neque
1702 702 1807 738 enim

407 771 491 808 sum
519 770 564 808 de
578 779 654 807 arte
675 769 859 811 dicturus,
875 780 992 819 quam
1008 779 1208 818 nunquam
1229 765 1360 810 didici,
1392 765 1454 803 sed
1475 765 1520 803 de
1542 779 1627 803 mea
1646 765 1808 804 consue-

411 837 570 880 tudine;
604 834 757 888 ipsaque
779 833 856 878 illa,
888 847 972 885 quae
997 833 1036 870 in
1057 833 1382 870 commentarium
1406 845 1540 869 meum
1564 831 1691 876 retuli,
1724 831 1810 869 sunt

408 902 610 955 ejusmodi,
643 914 719 939 non
754 899 882 952 aliqu&
915 897 1015 936 mihi
1040 898 1212 936 doctrin&
1243 898 1392 942 tradita,
1424 897 1486 935 sed
1516 898 1556 935 in
1589 911 1718 935 rerum
1743 897 1811 935 usu

408 968 599 1020 causisque
632 969 811 1011 tractata5
843 979 928 1018 quae
959 966 984 1003 fi
1016 965 1138 1009 vobis,
1170 963 1397 1002 hominibus
1426 963 1702 1008 eruditiffimis,
1733 977 1811 1001 non

409 1035 688 1088 probabuntur,
712 1032 870 1070 vestram
891 1031 1136 1083 iniquitatem
1157 1030 1383 1075 accusatore,
1406 1031 1473 1082 qui
1494 1044 1540 1067 ex
1561 1043 1624 1067 me
1643 1043 1686 1067 ea
1705 1044 1810 1082 quae-

410 1101 558 1146 fieritis,
592 1114 677 1152 qua-2·
708 1112 778 1151 ego
813 1098 1023 1141 nescirem;
1058 1110 1186 1135 meam
1217 1095 1443 1134 facilitatem
1474 1095 1680 1140 laudatote,
1720 1108 1813 1133 cum

410 1168 519 1205 vobis
545 1180 621 1204 non
655 1179 741 1204 meo
756 1165 919 1218 judicio,
961 1163 1021 1201 sed
1041 1163 1162 1201 vestro
1194 1162 1329 1206 studio,
1357 1162 1535 1200 inductus
1561 1174 1638 1199 non
1663 1170 1814 1214 gravate

413 1234 651 1287 respondero.

467 1302 576 1339 Tum
600 1298 763 1343 Crassus,
788 1311 901 1351 perge
921 1297 1052 1341 modo,
1075 1296 1216 1348 inquit,
1250 1296 1411 1334 Antoni.
1445 1295 1617 1333 Nullum
1638 1294 1690 1332 est
1710 1294 1814 1332 enim

413 1367 646 1420 periculum,
678 1379 724 1403 ne
748 1365 842 1416 quid
865 1374 906 1402 tu
930 1364 1120 1415 eloquare,
1152 1363 1219 1400 nisi
1240 1363 1292 1400 ita
1308 1362 1527 1415 prudenter,
1556 1370 1598 1399 ut
1618 1362 1816 1399 neminem

414 1434 584 1472 nostrum
605 1432 788 1485 poeniteat
809 1431 853 1468 ad
874 1429 979 1468 hunc
1001 1439 1036 1468 te
1057 1429 1270 1468 sermonem
1290 1427 1494 1481 impuliffe.
1528 1428 1613 1480 Ego
1630 1441 1730 1472 vero,
1753 1427 1815 1464 in-

414 1501 514 1552 quit,
536 1512 716 1551 pergam3
748 1506 786 1534 et
815 1497 854 1534 id
876 1496 1030 1541 faciam,
1061 1496 1166 1547 quod
1186 1496 1225 1533 in
1254 1495 1445 1547 principio
1475 1493 1555 1532 fieri
1575 1494 1615 1531 in
1635 1493 1817 1531 omnibus

416 1564 738 1618 disputationibus
762 1571 936 1614 oportere
964 1561 1111 1605 censeo,
1140 1570 1195 1605 ut,
1221 1560 1316 1612 quid
1348 1560 1446 1597 illud
1474 1559 1531 1603 sit,
1565 1559 1611 1597 de
1632 1573 1710 1611 quo
1741 1558 1817 1597 dis-

416 1642 587 1685 putetur,
619 1629 866 1682 explanetur;
900 1641 946 1665 ne
976 1627 1101 1679 vagari
1137 1636 1174 1664 et
1208 1640 1328 1664 errare
1359 1634 1518 1678 cogatur
1541 1626 1676 1670 oratio,
1718 1625 1744 1663 fi
1775 1626 1816 1670 ii,

418 1699 483 1751 qui
505 1699 602 1736 inter
623 1695 656 1733 se
677 1694 922 1739 dissenserint,
954 1707 1031 1732 non
1062 1694 1166 1731 idem
1187 1693 1256 1731 effe
1282 1693 1393 1738 illud,
1426 1693 1471 1730 de
1489 1706 1566 1744 quo
1587 1693 1725 1744 agitur,
1756 1692 1818 1729 in-

419 1765 606 1818 telligent.
667 1763 787 1807 Nam,
819 1761 845 1799 fi
876 1760 975 1798 forte
995 1769 1237 1812 quaereretur,
1269 1774 1353 1811 quae
1374 1758 1460 1797 effet
1481 1773 1536 1796 ars
1568 1758 1819 1811 imperatoris,

419 1829 728 1870 constituendum
749 1836 923 1880 putarem
943 1827 1145 1879 principio,
1168 1826 1254 1878 quis
1272 1825 1358 1863 esset
1378 1826 1609 1878 imperator;
1641 1824 1709 1877 qui
1729 1838 1822 1863 cum

419 1896 505 1935 esset
527 1895 756 1948 constitutus
777 1892 1055 1930 administrator
1075 1892 1233 1944 quidam
1261 1891 1351 1929 belli
1378 1891 1546 1943 gerendi,
1579 1900 1665 1928 tum
1685 1890 1820 1941 adjun—

421 1976 596 2015 geremus
632 1961 677 1998 de
711 1959 894 2003 exercitu,
933 1959 978 1996 de
1012 1958 1153 2003 castris,
1198 1957 1243 1995 de
1273 1957 1506 2010 agminibus,
1552 1956 1598 1994 de
1628 1956 1823 2008 fignorum

422 2026 754 2070 collocationibus,
787 2026 832 2062 de
851 2024 1083 2077 oppidorum
1113 2022 1480 2075 oppugnationibus,
1514 2022 1558 2058 de
1589 2030 1822 2065 commeatu,

423 2095 469 2132 de
501 2094 642 2131 insidiis
669 2091 864 2135 faciendis,
896 2100 1009 2142 atque
1041 2089 1217 2133 vitandis,
1249 2088 1295 2125 de
1321 2088 1477 2139 reliquis
1509 2087 1635 2131 rebus,
1663 2100 1746 2138 quae
1766 2086 1823 2124 es-

423 2161 502 2198 sent
524 2160 682 2211 propriae
714 2158 806 2195 belli
842 2155 1154 2194 administrandi:
1188 2167 1351 2206 quarum
1383 2153 1451 2205 qui
1481 2152 1595 2191 effent
1625 2153 1754 2190 animo
1788 2162 1825 2190 et

423 2227 578 2264 scientia
624 2234 836 2276 compotes,
886 2236 948 2260 eos
981 2221 1050 2259 effe
1097 2222 1341 2273 imperatores
1377 2220 1543 2257 dicerem
1564 2238 1576 2264 3
1628 2229 1826 2271 utererque

423 2292 607 2343 exemplis
631 2289 917 2333 Africanorum,
949 2297 985 2325 et
1021 2288 1321 2325 Maximorum:
1355 2286 1680 2338 Epmninondam,
1712 2295 1826 2338 atque

424 2358 672 2400 Annibalem,
696 2367 808 2407 atque
829 2355 907 2406 ejus
929 2354 1075 2405 generis
1095 2352 1286 2396 homines,
1310 2352 1563 2396 nominarem.
1612 2352 1677 2390 Sin
1699 2361 1827 2389 autem

426 2436 692 2478 qunts‘cxcxiius,
739 2423 824 2474 quis
855 2420 940 2458 ess'ct
974 2421 1020 2465 is,
1062 2420 1128 2472 qui
1164 2419 1210 2457 ad
1241 2419 1520 2471 rempublicam
1555 2418 1828 2457 moderandam

428 2493 551 2534 ulum,
584 2500 619 2526 ct
654 2489 861 2531 scientiam,
893 2496 928 2524 et
952 2486 1119 2524 studium
1139 2485 1251 2523 suum
1272 2484 1501 2529 contulisset,
1533 2484 1731 2523 definirem
1751 2483 1827 2521 hoc

425 2557 543 2596 modo
556 2575 567 2601 ;
592 2557 686 2607 (Qu,
704 2555 845 2607 quibus
863 2554 972 2592 rebus
988 2553 1131 2592 utilitas
1149 2551 1296 2605 reipub.
1317 2560 1519 2604 pararetur,
1537 2559 1825 2604 augereturque,
