2176 2912
519 160 838 204 LIBER
913 151 1485 195 SECUNDUS.
1630 152 1706 204 267

313 260 449 299 volunt
478 258 613 296 dicere.
673 255 750 292 Res
770 251 876 289 enim
896 248 972 287 hoc
992 247 1170 301 postulat,
1201 254 1244 284 ut
1273 258 1407 282 eorum
1439 244 1706 297 expectationi,

314 327 382 379 qui
402 324 574 367 audiunt,
589 333 706 373 quam
725 316 922 357 celerrime
941 322 1161 354 occurratur
1178 331 1188 356 ;
1220 311 1283 349 cui
1304 310 1328 348 fi
1345 310 1457 348 initio
1477 309 1709 348 satisfactum

314 404 391 430 non
412 390 469 434 s1t,
492 388 618 426 multo
638 386 725 439 plus
746 384 791 422 s1t
811 384 851 420 in
873 382 1017 433 reliqua
1036 379 1144 417 causa
1162 375 1428 416 laborandum.
1480 374 1586 412 Male
1605 375 1711 412 enim

314 457 350 496 se
369 469 424 494 res
445 454 574 499 habet,
594 466 678 506 quae
698 464 776 490 non
799 448 940 492 statIm,
970 456 1013 484 ut
1046 445 1123 483 dici
1151 442 1277 497 coepta
1295 442 1360 487 est,
1383 441 1521 480 melior
1541 440 1622 477 fieri
1651 440 1710 477 vi-

312 523 436 561 detur.
482 522 600 573 Ergo,
636 527 679 556 ut
698 518 739 555 in
758 523 904 554 oratore
923 513 1096 566 optimus
1132 510 1307 563 quisque,
1338 508 1388 546 fic
1409 516 1447 545 et
1473 508 1513 544 in
1543 506 1713 543 oratione

314 587 575 627 firmiffimum
595 584 776 638 quodque
796 581 841 620 fit
860 581 1057 633 primum;
1090 577 1185 615 dum
1215 575 1313 614 illud
1335 583 1462 613 tamen
1490 573 1530 610 in
1551 580 1714 623 utroque

314 663 499 698 teneatur,
531 661 574 690 ut
593 665 648 695 ea,
671 663 755 702 quae
774 646 977 690 excellant,
1008 645 1201 682 serventur
1220 641 1337 680 etiam
1365 640 1411 678 ad
1431 637 1713 692 perorandum:

315 721 341 758 fi
362 735 445 773 quae
464 728 576 757 erunt
592 715 800 756 mediocria
822 714 929 765 (nam
942 711 1083 750 vitiofis
1100 710 1289 761 nusquam
1308 707 1379 745 effe
1398 714 1547 759 oportet
1562 704 1712 755 locum)

316 788 356 825 in
376 786 546 825 mediam
566 784 735 826 turbam,
756 789 870 832 atque
891 780 929 816 in
951 790 1120 830 gregem,
1143 774 1411 827 conjiciantur.

371 852 490 891 Hisce
509 849 691 888 omnibus
713 847 824 885 rebus
844 843 1100 887 consideratis,
1133 851 1219 880 tum
1239 840 1406 891 denique
1434 837 1487 882 id,
1510 836 1614 889 quod
1634 835 1715 888 pri-

315 931 429 956 mum
447 917 500 954 est
532 914 753 957 dicendum,
785 910 1022 964 postremum
1053 908 1153 946 soleo
1173 906 1354 958 cogitare,
1386 918 1464 956 quo
1491 912 1574 940 utar
1603 915 1716 939 exor-

315 984 394 1023 dio.
453 983 561 1022 Nam
592 981 617 1019 fi
638 978 792 1033 quando
822 977 861 1015 id
882 973 1054 1029 primum
1088 973 1257 1011 invenire
1289 970 1409 1014 volui,
1442 969 1597 1008 nullum
1618 966 1719 1006 mihi

315 1049 499 1093 occurrit,
531 1047 599 1086 nisi
619 1055 684 1085 aut
703 1044 814 1089 exile,
845 1051 910 1081 aut
930 1040 1191 1094 nugatorium,
1214 1047 1279 1076 aut
1297 1037 1452 1090 vulgare
1472 1045 1586 1088 atque
1606 1047 1718 1073 com-

317 1128 451 1154 mune.

375 1181 605 1220 LXXVIII.
638 1177 832 1231 Principia
851 1185 979 1215 autem
999 1174 1151 1213 dicendi
1174 1173 1320 1226 semper
1343 1184 1435 1209 cum
1465 1178 1650 1214 accurata,
1681 1177 1720 1206 et

318 1258 441 1293 acuta,
463 1258 500 1285 et
518 1247 697 1285 instructa
717 1244 925 1288 sententiis,
946 1251 1033 1295 apta
1047 1241 1185 1285 verbis,
1208 1249 1293 1277 tum
1312 1251 1399 1275 vero
1415 1236 1611 1275 causarum
1627 1248 1719 1288 pro-

319 1315 413 1367 pria,
435 1313 505 1351 effe
527 1313 679 1350 debent.
713 1311 841 1349 Prima
860 1308 912 1346 est
935 1308 1040 1346 enim
1061 1306 1164 1358 quafi
1187 1304 1359 1357 cognitio
1375 1312 1411 1340 et
1431 1300 1721 1339 commendatio

319 1380 501 1419 orationis
522 1380 562 1416 in
583 1377 787 1431 principio,
810 1390 894 1428 quae
914 1374 1101 1412 continuo
1121 1385 1224 1416 eum,
1245 1370 1313 1422 qui
1334 1368 1454 1413 audit,
1483 1367 1721 1420 permulcere

320 1457 435 1500 atque
463 1446 613 1484 allicere
632 1444 760 1482 debet.
812 1443 857 1480 In
878 1454 957 1493 quo
983 1439 1159 1477 admirari
1182 1438 1280 1475 soleo
1313 1449 1388 1473 non
1409 1434 1589 1486 equidem
1615 1433 1720 1478 istos,

321 1514 389 1567 qui
409 1513 557 1552 nullam
590 1510 682 1549 huic
704 1510 756 1548 rei
790 1521 943 1561 operam
970 1505 1167 1549 dederunt,
1200 1503 1261 1541 sed
1291 1501 1493 1539 hominem
1525 1501 1564 1538 in
1585 1500 1721 1552 primis

321 1580 517 1624 disertum,
546 1587 658 1629 atque
677 1575 888 1618 eruditum,
909 1572 1153 1624 Philippum,
1176 1570 1243 1621 qui
1264 1570 1315 1606 ita
1334 1568 1428 1605 solet
1448 1566 1492 1604 ad
1513 1566 1723 1604 dicendum

324 1647 483 1698 surgere,
504 1654 561 1689 ut,
583 1643 688 1696 quod
715 1642 888 1694 primum
909 1639 1070 1676 verbum
1092 1636 1291 1674 habiturus
1319 1634 1377 1678 fit,
1399 1633 1566 1677 nescizlt3
1598 1641 1637 1669 et
1670 1632 1722 1669 ait

322 1713 439 1756 idem,
457 1725 548 1748 cum
564 1707 768 1747 brachium
784 1703 1089 1747 concalefecerit‚
1107 1712 1191 1740 tum
1209 1702 1243 1739 se
1261 1701 1375 1738 solere
1389 1712 1555 1752 pugnare
1563 1717 1575 1743 3
1598 1711 1723 1749 neque

324 1777 499 1821 attendit,
531 1789 593 1813 eos
614 1775 726 1827 ipsos,
758 1773 858 1811 unde
878 1771 953 1809 hoc
975 1769 1096 1807 simile
1117 1769 1245 1812 ducat,
1268 1767 1350 1805 illas
1371 1766 1511 1819 primas
1535 1764 1655 1802 hastas
1672 1765 1723 1802 ita

318 1846 457 1897 jactare
491 1843 639 1885 leniter,
673 1850 716 1878 ut
745 1848 783 1876 et
814 1837 998 1876 venustati
1019 1835 1077 1872 vel
1096 1835 1266 1872 maxime
1296 1833 1469 1877 serviant,
1500 1841 1536 1869 et
1566 1831 1722 1883 reliquis

325 1912 468 1949 viribus
490 1910 561 1947 suis
582 1907 794 1946 consulant.
826 1906 967 1956 Neque
988 1902 1039 1940 cst
1055 1902 1234 1943 dubium,
1254 1901 1347 1951 quin
1366 1899 1568 1937 exordium
1589 1898 1722 1935 dicen-

325 1978 364 2015 di
384 1976 588 2015 vehemens
619 1984 656 2011 et
676 1985 830 2026 pugnax
851 1984 928 2008 non
957 1970 1047 2021 szvpe
1074 1967 1143 2005 effe
1164 1967 1297 2004 debeat
1317 1981 1324 2003 :
1359 1965 1419 2002 sed
1440 1964 1464 2001 fi
1494 1964 1532 2000 in
1554 1963 1633 2016 ipso
1654 1963 1723 2000 illo

325 2043 550 2097 gladiatorio
579 2041 664 2079 vitae
699 2038 919 2081 certamine,
965 2049 1043 2088 quo
1073 2033 1172 2071 ferro
1207 2032 1437 2075 decernitur,
1481 2039 1609 2067 tamen
1639 2038 1725 2066 ante

326 2109 564 2162 congreffum
582 2107 706 2146 multa
725 2105 837 2150 fiunt,
863 2118 946 2156 quae
969 2116 1044 2140 non
1066 2101 1108 2138 ad
1132 2100 1284 2144 vulnus,
1309 2098 1369 2135 sed
1389 2097 1434 2134 ad
1455 2096 1636 2149 speciem,
1659 2109 1723 2134 va-

327 2177 402 2214 lere
423 2175 619 2213 videantur
635 2193 654 2223 5:
678 2181 822 2225 quanto
842 2170 917 2209 hoc
944 2168 1065 2220 magis
1093 2167 1132 2204 in
1157 2166 1325 2203 oratione
1355 2163 1634 2215 expectandum
1659 2161 1724 2205 est,

328 2243 367 2280 in
388 2255 462 2293 qua
483 2255 558 2278 non
579 2241 634 2277 vis
655 2240 797 2292 potius,
819 2250 936 2289 quam
953 2234 1166 2277 delectatio,
1185 2231 1420 2284 postulatur?
1453 2227 1569 2267 Nihil
1586 2228 1638 2265 est
1658 2227 1725 2264 dc-

329 2308 445 2359 niquc
467 2307 502 2343 in
527 2315 657 2343 natura
676 2318 802 2342 rerum
822 2303 1016 2346 omnium,
1038 2299 1141 2352 quod
1163 2298 1196 2335 sc
1214 2296 1431 2335 universum
1453 2293 1671 2347 profundat,
1689 2301 1726 2330 et

329 2373 433 2426 quod
451 2382 577 2409 totum
600 2379 751 2423 repente
770 2370 906 2407 evolet.
939 2369 999 2406 Sic
1020 2366 1164 2408 onmia,
1189 2378 1273 2416 quac
1295 2363 1406 2406 fiunt,
1429 2375 1589 2414 quaequc
1604 2372 1725 2412 agun-

328 2449 391 2478 tur
411 2439 606 2483 acerrime,
627 2436 836 2475 lenioribus
857 2434 1056 2489 principiis
1078 2440 1209 2469 natura
1224 2429 1300 2482 ipsa
1319 2427 1533 2482 proetexuit.

1025 2499 1058 2537 L
1081 2497 1092 2534 l
1126 2509 1146 2535 2
