2176 2912
544 201 835 246 VARIAE

289 323 349 389 ἷξε)
374 309 410 386 314
429 354 546 394 uentura
558 346 579 373 B
593 348 723 373 eventura

293 400 350 431 500
396 399 405 417 ι
431 398 463 416 us
480 388 500 415 B
516 400 528 424 ς
540 387 565 413 d.

370 443 410 452 --
430 427 505 455 recta
520 427 540 453 Β
556 427 620 452 reae

394 478 408 506 3
431 476 497 503 ergo
511 465 540 493 U
555 465 637 502 {gitur

391 509 409 536 6
430 505 632 544 qualiscunque
646 515 657 541 g
671 499 850 539 qualiscunque
862 498 894 533 est

395 549 411 576 8
432 545 500 574 inest
514 559 526 583 ς
538 546 572 582 ss

373 603 414 611 —
434 585 557 614 maxime
571 584 592 611 B
607 596 620 621 ς
634 583 746 609 maxima

395 638 413 665 9
435 626 552 653 afferant
568 623 589 651 B
603 624 710 660 affirent

380 667 415 695 16
436 665 490 693 Sed
508 664 533 692 U
550 664 636 691 Sedet

375 722 416 731 --
435 705 518 733 rebus
534 703 562 732 U
578 704 606 730 A.

380 757 415 785 ¹9
437 753 485 773 aut
499 759 511 783 g
525 743 606 780 autst

383 797 418 816 zz
441 783 586 814 tormentis
601 778 797 821 gtormentg'sque

383 837 418 864 23
442 835 458 853 a
474 825 494 853 B
513 826 539 852 d.

384 876 423 903 24
443 864 505 893 sunt
522 865 541 891 Β
556 864 580 892 d.

384 908 422 936 28
444 904 477 932 ad
494 903 571 942 quod
588 902 607 930 Β
622 912 667 939 quo
681 900 709 928 id
723 913 736 937 ς
750 898 816 934 quod

384 961 426 970 --
446 943 538 982 ignari
552 957 564 982 ς
578 943 694 980 ignorari

388 996 427 1024 29
447 983 573 1012 somnum
590 981 742 1016 Bsbmnium

389 1035 427 1064 30
449 1024 562 1052 Staleno
575 1022 605 1050 U
621 1022 715 1049 Ssaieio
736 1017 758 1046 B
773 1015 879 1055 Stajeria

391 1075 422 1104 3¹
449 1064 488 1091 rei
503 1077 515 1102 ς
529 1062 572 1090 ille
584 1065 621 1089 rei

313 1116 365 1147 501
412 1107 428 1134 8
450 1102 566 1132 excellit
581 1101 601 1129 B
615 1098 715 1129 excellet

395 1155 430 1175 ιο
451 1144 481 1172 in
496 1143 516 1171 B
532 1144 558 1170 d.

395 1196 405 1215 ι
415 1195 429 1224 ς
451 1180 595 1222 praesenfio
609 1180 631 1209 B
641 1178 776 1217 praepenfio

397 1235 431 1263 23
455 1231 551 1252 rentur
571 1221 592 1249 Β
607 1220 759 1249 viderentur

396 1279 438 1288 —-
456 1262 553 1301 quales
569 1260 589 1288 Β
605 1258 689 1298 qualis

395 1319 436 1328 —-
457 1303 526 1332 tales
542 1302 562 1329 Β
580 1299 643 1328 talis

399 1354 438 1382 24
459 1351 543 1380 atque
557 1342 587 1369 in
605 1340 626 1367 B
640 1340 668 1366 d.

399 1394 436 1423 29
457 1391 541 1421 quam
557 1381 577 1409 Β
592 1390 644 1417 qua

402 1434 438 1463 32
459 1424 522 1451 sunt
536 1421 556 1449 Β
575 1421 603 1448 d.

403 1473 438 1502 3ς
462 1461 606 1491 nominare
621 1458 650 1487 U
666 1458 838 1484 connominare

324 1515 380 1547 502
424 1514 439 1542 3
461 1502 556 1540 aliquo
572 1500 593 1528 Β
607 1498 703 1536 aliquos

403 1559 444 1568 —
465 1550 513 1571 aut
528 1541 556 1568 in
572 1540 592 1567 Β
607 1546 653 1567 aut

408 1593 442 1621 ¹3
465 1592 500 1611 an
516 1580 548 1608 fit
562 1580 582 1607 B
596 1592 608 1618 g
623 1576 744 1614 autfitne

411 1633 448 1660 ¹4
468 1620 550 1660 quale
568 1619 587 1646 Β
601 1616 688 1656 quales

405 1677 447 1686 —-
466 1662 589 1700 primum
604 1658 632 1686 U
643 1659 729 1694 prima

407 1717 448 1725 —
469 1698 620 1730 secundum
633 1696 661 1724 U
669 1693 782 1732 secunda

412 1751 448 1811 :3
469 1736 724 1817 {ea‘ssss'snh‘ssa'rssiii‘

414 1831 449 1859 ¹9
471 1819 524 1852 Sit,
540 1824 626 1845 necne
642 1813 684 1847 fit,
701 1812 736 1840 fic
750 1811 772 1839 B
787 1809 840 1842 Sic,
855 1807 970 1844 net-neſse

412 1876 452 1883 —-
473 1856 651 1895 Ecquidnarn
667 1854 687 1882 B
704 1850 858 1889 thuidnam

414 1915 455 1923 --
475 1896 580 1936 ecquid
594 1896 616 1923 B
633 1895 672 1922 Ac
685 1893 751 1931 quid

416 1955 455 1963 —
475 1946 585 1975 aequum
601 1948 614 1974 ς
627 1943 736 1971 aequum.

418 1990 454 2009 22
477 1986 508 2007 ut
522 1986 587 2005 cum
602 1976 622 2003 B
637 1988 649 2013 g
664 1975 689 2001 d.

420 2030 454 2059 23
478 2025 571 2046 autem
588 2015 616 2043 U
629 2016 656 2042 d.

421 2069 459 2097 3ο
480 2057 589 2086 belluas
604 2056 625 2083 B
641 2052 727 2082 balba:

423 2109 458 2138 35
482 2098 652 2133 Comparate
665 2106 677 2131 ς
689 2089 885 2128 Compararefic

343 2150 400 2183 503
447 2148 457 2167 ι
481 2133 710 2173 Ptaeponendane
726 2132 746 2159 B
760 2128 936 2167 Praeponenda

442 2188 461 2215 4
481 2177 601 2205 alterum
616 2174 643 2201 U
659 2180 682 2201 et
697 2171 803 2200 atterum

445 2228 460 2256 5
485 2217 503 2244 sl
520 2215 548 2242 U
565 2215 619 2252 gd.

444 2257 464 2286 6
486 2263 513 2284 et
528 2269 540 2293 ς
553 2260 575 2282 et
591 2254 621 2281 de

441 2308 459 2334 9
482 2304 512 2324 ut
528 2295 546 2322 si
560 2299 700 2330 quaeratur
715 2290 735 2318 B
750 2290 777 2317 d.

431 2347 464 2373 ¹3
487 2332 614 2364 Actionis
642 2331 671 2360 U
687 2331 803 2359 Amonis
825 2328 968 2366 quaestione]
997 2323 1016 2352 B
1040 2335 1051 2361 ς

527 2375 643 2402 Λέὶίοηη

429 2431 468 2439 --
489 2414 551 2442 sunt
570 2420 673 2450 genera
686 2411 707 2439 B
723 2417 838 2448 egenen-a

434 2466 469 2491 ¹4
490 2452 641 2482 sedandum
656 2451 677 2479 B
685 2449 846 2487 servandum

434 2501 599 2533 15utcum
615 2491 636 2519 B
651 2491 771 2529 ‹Lgcum

425 2545 463 2571 ²4
483 2533 544 2561 sunt
559 2532 579 2561 B
584 2533 641 2571 sint

417 2575 509 2604 Tou.
530 2573 555 2601 1.

928 190 1481 237 LECTIONES.

1050 341 1105 371 503
1130 341 1167 367 24
1188 339 1256 368 quos
1271 328 1352 366 supra
1367 326 1488 354 diximus
1506 325 1525 352 Β
1541 325 1568 350 d.

1131 381 1164 408 25
1189 370 1234 397 sed
1252 370 1270 396 Β
1285 370 1313 396 α’.

1131 420 1168 448 29
1189 410 1276 437 altero
1292 409 1312 436 B
1327 409 1356 436 dc
1367 406 1446 435 altero

1134 460 1171 487 32
1193 447 1347 486 pertinacia
1361 445 1537 485 epertinmtia

1134 499 1169 527 33
1192 487 1390 525 consequentes
1406 486 1427 514 B
1438 483 1602 521 consequentis

1139 539 1175 566 34
1195 527 1332 565 adjunffis
1348 526 1368 554 B
1381 526 1496 564 adjunffli

1133 584 1174 591 —
1195 567 1305 595 duobus
1321 567 1354 594 iis
1373 567 1391 593 Β
1405 569 1474 602 izque

1139 618 1172 647 35
1196 607 1342 636 sumuntur
1358 605 1500 642 Bsumimr

1060 659 1118 689 304
1162 659 1171 677 ι
1197 647 1263 675 huic
1287 647 1326 674 rei
1352 645 1381 674 U
1403 645 1505 680 (daefimt
1525 643 1608 670 omnia
1630 641 1705 676 usque
1727 636 1763 664 ad

1237 686 1344 719 calcem)
1359 699 1372 725 ς
1385 685 1445 713 huic
1457 693 1496 711 res

1164 738 1180 757 2
1202 727 1241 755 rei
1257 727 1277 755 B
1291 739 1304 765 ς
1318 726 1344 754 d.

1164 778 1178 806 3
1203 766 1284 803 hujus
1299 766 1318 793 B
1333 766 1393 793 huic

1165 819 1178 846 ς
1202 805 1278 835 aliud
1300 806 1319 833 B
1333 804 1401 833 illud

1163 848 1181 875 6
1204 846 1250 874 Ad
1267 846 1286 874 B
1302 846 1339 874 Ae

1167 889 1183 915 8
1205 886 1240 914 de
1254 900 1266 924 ς
1280 887 1306 915 d.

1165 937 1184 964 9
1205 925 1398 964 fugiendoque
1412 921 1591 962 gfugiendm:

1151 976 1181 996 u
1207 975 1270 994 cum
1285 978 1297 1004 ς
1311 965 1336 992 d.

1146 1021 1187 1028 -—
1207 1005 1242 1033 ad
1259 1006 1279 1033 B
1293 1013 1339 1032 aut
1356 1003 1397 1041 (“
1410 1001 1464 1030 ad*
1472 1001 1556 1037 supra
1570 997 1637 1029 lin.)

1148 1061 1189 1068 —
1207 1045 1252 1073 vel
1266 1045 1287 1072 B
1303 1051 1350 1072 aut

1155 1096 1164 1114 ι
1174 1096 1188 1114 z
1207 1085 1299 1113 oratio
1315 1085 1335 1112 B
1351 1086 1419 1111 ratio

1154 1135 1187 1163 ¹3
1209 1125 1384 1162 colliguntur
1398 1123 1419 1150 B
1435 1119 1581 1157 colligentur

1157 1175 1189 1204 ις
1211 1164 1360 1192 tuitionem
1378 1163 1397 1191 B
1412 1175 1425 1200 ς
1439 1160 1599 1187 tributionem.-

1159 1215 1193 1242 ¹7
1215 1204 1377 1232 confirmata
1394 1202 1533 1239 Bfirmata

1155 1260 1196 1267 —
1216 1243 1304 1272 rursus
1319 1242 1435 1280 aequitas
1451 1241 1471 1268 Β
1486 1237 1619 1276 (equitatis
1631 1248 1643 1274 ς
1657 1238 1767 1272 exquiras

1160 1294 1197 1323 30
1218 1283 1399 1312 instituuntur
1413 1295 1424 1320 ς
1439 1281 1599 1318 instruuntur

1157 1339 1199 1346 —-
1217 1324 1246 1351 in
1263 1324 1281 1350 Β
1295 1336 1307 1361 ς
1322 1333 1380 1360 quae
1394 1324 1421 1348 in

1083 1375 1136 1405 505
1183 1374 1198 1393 z
1221 1362 1348 1391 oratoriis
1364 1362 1384 1389 B
1399 1361 1508 1388 oratoris

1160 1419 1199 1426 --
1220 1411 1314 1431 autem
1330 1401 1350 1429 B
1364 1409 1446 1429 autem
1466 1402 1539 1433 (cum
1552 1396 1644 1424 duobus
1653 1392 1774 1431 punffis)

1182 1454 1201 1481 4
1222 1443 1323 1471 Latine
1336 1439 1493 1478 appelletur
1506 1451 1518 1476 ς
1533 1435 1680 1474 appellatur
1696 1432 1791 1459 Latine

1163 1499 1203 1508 —
1223 1483 1258 1511 ad
1274 1480 1490 1519 repugnandum
1505 1478 1528 1505 E
1543 1473 1703 1514 repugnando

1184 1524 1202 1552 6
1223 1522 1310 1551 iidem
1327 1521 1347 1549 Β
1361 1521 1425 1548 idem

1187 1565 1202 1591 8
1224 1561 1335 1600 poffunt
1354 1560 1375 1588 B
1387 1559 1476 1597 poffi'nt

1165 1618 1206 1626 —-
1226 1601 1336 1640 possunt
1358 1599 1378 1627 B
1392 1599 1479 1636 peffnt

1172 1653 1208 1679 ¹4
1228 1639 1353 1669 affecerit
1372 1639 1393 1666 B
1408 1645 1452 1667 aut
1461 1637 1556 1674 fecerit

1173 1684 1207 1711 18
1230 1679 1376 1709 contentio
1392 1679 1411 1706 Β
1429 1678 1560 1706 convenae

1173 1731 1210 1752 20
1231 1720 1326 1758 agitur
1341 1717 1437 1747 vocari
1452 1717 1473 1745 Β
1488 1722 1579 1752 agetur
1592 1721 1684 1740 voras-.-

1177 1771 1209 1791 21
1235 1761 1294 1788 haec
1310 1772 1322 1798 ς
1336 1770 1366 1787 ea

1178 1812 1213 1839 23
1237 1797 1423 1836 disceptandis
1439 1796 1459 1824 B
1474 1791 1630 1831 disceptandi

1176 1851 1211 1879 25
1235 1839 1284 1877 qui
1297 1853 1310 1877 g
1317 1839 1366 1875 fid

1177 1881 1214 1910 26
1237 1881 1329 1917 legem
1345 1877 1365 1905 Β
1380 1876 1431 1914 lege

1179 1930 1215 1957 27
1239 1926 1268 1946 ut
1284 1918 1305 1946 B
1316 1931 1328 1955 ς
1342 1925 1389 1945 aut

1180 1969 1217 1997 30
1238 1958 1340 1987 debeat
1355 1958 1375 1985 B
1388 1955 1493 1983 debeant

1181 2009 1213 2037 3¹
1239 1998 1348 2036 possunt
1362 1997 1383 2024 B
1393 1996 1480 2032 pcffim

1182 2048 1217 2076 32
1239 2037 1333 2074 scripti
1349 2037 1476 2072 Bscmpra

1180 2094 1221 2101 —
1241 2077 1342 2114 scripta
1356 2075 1509 2114 gscm'ptwu

1107 2118 1162 2160 506
1188 2128 1221 2147 ιο
1242 2116 1420 2152 consequitur
1435 2113 1581 2149 Bsbquimr

1186 2168 1195 2187 ι
1208 2167 1216 2187 1
1242 2156 1376 2196 quoniam
1388 2168 1400 2193 ς
1414 2153 1527 2191 quomodo
1535 2151 1551 2188 (
1548 2151 1595 2187 fid
1602 2151 1717 2187 quoniam
1722 2145 1805 2182 scrib.

1284 2198 1351 2224 inter
1364 2193 1433 2230 lin.)

1190 2247 1221 2274 ¹3
1246 2235 1492 2273 amplificationem
1508 2230 1529 2258 B
1543 2228 1718 2266 aplicusionem

1190 2287 1226 2314 ¹4
1246 2277 1269 2304 is
1286 2276 1305 2303 B
1317 2289 1330 2313 ς
1344 2275 1386 2302 hic

1190 2326 1222 2354 ις
1246 2315 1306 2343 sunt
1322 2315 1342 2342 B
1349 2315 1407 2351 sint

1190 2366 1200 2385 1
1210 2358 1225 2384 8
1249 2356 1276 2383 in
1294 2355 1314 2382 B
1329 2355 1382 2393 ed.

1194 2405 1228 2434 ¹9
1249 2403 1312 2423 cum
1329 2407 1341 2432 ς
1355 2403 1430 2431 quam
1447 2390 1531 2427 (inter
1550 2388 1596 2414 lin.
1612 2386 1683 2417 cum)

1192 2445 1224 2464 21
1250 2444 1284 2462 ne
1301 2434 1321 2462 B
1335 2435 1362 2461 d.

1191 2490 1230 2498 —-
1250 2473 1328 2513 quod
1355 2472 1390 2500 ad
1420 2474 1616 2509 argumentum
1646 2465 1667 2493 B
1695 2464 1721 2490 d.
1743 2464 1815 2497 (tum

1279 2512 1384 2552 spano)
1494 2547 1524 2576 H
1540 2545 1557 2574 h
1574 2545 1591 2574 h
1606 2544 1624 2572 h
