2176 2912
430 197 504 251 348
771 196 901 234 DE
1016 193 1487 253 CLARis

483 289 594 328 Licet
614 288 759 341 aliquid
786 289 902 326 etiam
922 288 967 326 de
989 289 1051 326 M.
1072 287 1213 339 Popilii
1234 287 1389 339 ingenio
1408 285 1598 338 suspicari,
1623 284 1705 336 qui,
1735 297 1828 323 cum

429 354 574 393 Consul
595 354 696 399 effet,
728 355 942 406 eodemque
962 363 1133 406 tempore
1154 352 1382 391 sacrificium
1398 352 1602 404 publicum
1622 364 1714 388 cum
1734 350 1829 388 laena

427 420 580 464 faceret,
604 420 709 472 quod
728 430 805 458 erat
826 420 964 458 flamen
986 420 1255 463 Carmentalis,
1286 419 1408 470 plebis
1440 427 1571 456 contra
1589 426 1710 469 patres
1730 429 1826 454 con-

426 487 608 525 citatione
638 496 676 524 et
697 486 879 525 seditione
905 487 1098 530 nunciata,
1131 495 1172 523 ut
1202 494 1280 523 erat
1311 485 1406 522 laena
1434 485 1612 528 amietus,
1643 484 1695 520 ita
1724 482 1829 520 venit

426 553 468 590 in
488 553 730 599 concionem,
754 553 1053 604 seditionemque
1072 566 1163 589 cum
1184 553 1417 595 auctoritate,
1451 559 1536 588 tum
1552 550 1735 593 oratione,
1768 548 1825 585 se-
1878 550 1881 551 ⁷

427 618 543 656 davit.
577 619 649 656 Sed
668 632 730 656 eos
754 627 918 656 oratores
939 616 1089 654 habitos
1110 616 1193 660 effe,
1225 625 1289 653 aut
1309 616 1470 652 omnino
1491 624 1576 652 tum
1598 614 1725 651 ullum
1744 613 1825 651 elo-

425 684 593 735 quentiae
613 684 817 737 praemiurn
836 682 957 726 fuiffe,
990 681 1088 718 nihil
1102 681 1184 718 sane
1205 680 1304 718 mihi
1326 679 1453 732 legisse
1472 680 1629 724 videon
1652 687 1826 717 tantum-

425 750 543 788 modo
562 750 778 801 conjetftura
797 749 916 786 ducor
935 747 981 785 ad
1001 747 1284 800 suspicandum.

482 816 639 853 Dicitur
664 816 782 852 etiam
816 816 864 853 C.
902 814 1133 859 Flaminius,
1170 814 1215 858 is,
1247 813 1314 866 qui
1341 812 1518 850 tribunus
1548 812 1671 864 plebis
1700 811 1828 863 legem

425 882 472 919 de
489 895 578 934 agro
598 882 752 920 Gallico
782 890 819 919 et
841 882 983 920 Piceno
1002 881 1151 918 viritim
1184 880 1389 918 dividendo
1409 879 1553 924 tulerit,
1585 879 1654 931 qui
1681 876 1828 916 Consul

424 948 525 1000 apud
544 948 816 986 Trasimenum
837 948 881 986 s1t
919 946 1156 992 interfectus,
1186 947 1231 984 ad
1259 947 1449 999 populum
1477 944 1627 983 valuisse
1647 943 1824 983 djcendo.

426 1014 619 1065 Qetiam
641 1014 841 1052 Maximus
856 1013 1108 1057 Verrucosus,
1130 1022 1254 1051 orator
1266 1011 1420 1050 habitus
1444 1011 1496 1049 est
1517 1010 1753 1063 temporibus
1774 1009 1825 1046 il-

425 1079 471 1117 lis
484 1097 497 1124 ;
529 1089 566 1118 et
587 1080 864 1132 QMetellus,
898 1080 943 1124 is,
975 1079 1043 1131 qui
1064 1078 1167 1116 bello
1188 1078 1335 1116 Punico
1366 1077 1531 1115 secundo
1561 1090 1653 1114 curn
1673 1077 1722 1114 L.
1744 1075 1824 1112 Ve—

423 1145 526 1183 turio
549 1144 712 1184 Philone
733 1145 877 1184 Consul
897 1144 987 1183 fuit.

478 1211 568 1248 XV.
603 1213 734 1262 Qem
754 1225 843 1250 vero
863 1220 979 1255 extet,
1001 1219 1039 1248 et
1061 1211 1107 1248 de
1127 1224 1205 1262 quo
1225 1210 1269 1248 fit
1292 1209 1488 1248 memoriae
1508 1208 1720 1262 proditum,
1741 1205 1823 1245 elo-

421 1286 608 1328 quentem
642 1276 764 1323 fuiffe,
796 1287 833 1316 et
867 1277 919 1315 ita
951 1277 1022 1315 effe
1052 1276 1247 1321 habitum,
1282 1277 1430 1329 primus
1461 1275 1514 1313 est
1533 1275 1596 1312 M.
1621 1272 1824 1312 Cornelius

424 1343 619 1396 Cethegus
636 1362 647 1389 3
680 1346 789 1396 cujus
819 1344 1046 1396 eloquentiae
1066 1344 1117 1382 est
1135 1346 1278 1388 auetor,
1300 1353 1337 1381 et
1357 1344 1517 1381 idoneus
1537 1341 1711 1394 quidem,
1739 1352 1824 1377 mea

423 1410 620 1455 sententia,
653 1411 895 1463 QEnnius,
931 1410 1136 1463 praesertim
1157 1424 1249 1449 cum
1275 1419 1313 1447 et
1333 1409 1410 1461 ipse
1435 1422 1526 1446 eum
1557 1407 1755 1450 audiverit,
1786 1413 1825 1442 et

424 1476 558 1513 scribat
579 1476 624 1514 de
646 1486 825 1520 mortt103
858 1490 905 1514 ex
926 1490 1003 1528 quo
1025 1476 1130 1513 nulla
1150 1475 1311 1528 suspicio
1331 1475 1396 1519 est,
1430 1474 1606 1512 amicitiae
1626 1471 1733 1510 causa
1752 1470 1822 1508 effe

422 1543 646 1579 mentitum.
672 1542 738 1579 Est
758 1543 878 1593 igitur
898 1542 947 1579 fic
968 1542 1067 1593 apud
1085 1542 1200 1578 illum
1218 1542 1258 1578 in
1280 1555 1381 1579 nono
1413 1542 1474 1591 (ut
1493 1540 1646 1593 opinor)
1669 1538 1818 1581 annali5

558 1607 723 1646 Additur
742 1616 866 1645 orator
887 1606 1343 1658 Corneliu'stmviloquenti

561 1675 635 1711 Ore
656 1673 832 1724 Cethegus
852 1673 1017 1716 Mat—cd,
1041 1669 1218 1710 Tuditano
1238 1671 1381 1723 collega,

560 1740 691 1778 Marci
692 1739 796 1791 filius
819 1769 826 1777 .
853 1769 861 1777 .
888 1770 895 1777 .

422 1808 473 1844 Et
495 1814 681 1843 oratorem
695 1806 879 1857 appellat,
902 1814 937 1842 et
959 1804 1300 1856 suaviloquentiam
1321 1803 1482 1847 tribuit;
1505 1816 1589 1854 quae
1609 1816 1713 1840 nunc
1729 1803 1820 1854 qui-

420 1872 509 1908 dem
541 1885 617 1908 non
640 1880 718 1908 tam
739 1871 856 1908 est'in
887 1871 1090 1924 plerisque.
1137 1871 1295 1908 Latrant
1320 1870 1425 1907 enim
1442 1870 1524 1920 jam
1557 1869 1715 1920 quidam
1734 1882 1818 1906 ora-

422 1946 534 1981 tores,
558 1930 633 1974 non
656 1938 879 1989 loquuntur.
933 1937 1001 1974 Sed
1033 1937 1084 1974 est
1105 1950 1146 1973 ea
1168 1937 1246 1974 laus
1268 1936 1493 1988 eloquentiae
1514 1944 1613 1972 certe
1634 1935 1816 1973 maxima.

722 2006 760 2041 Is
780 2003 892 2041 dift‘us
911 2004 984 2041 ollis
998 2003 1229 2055 popularibus
1248 2003 1338 2046 olim,

557 2071 632 2119 Qn'
649 2079 724 2107 tum
745 2070 920 2108 vivebant
940 2070 1103 2112 homines,
1124 2078 1232 2120 atque
1250 2082 1368 2105 (evum
1387 2067 1593 2119 agitabant,

557 2138 592 2173 F
594 2137 640 2173 los
659 2135 829 2172 delibatus
844 2135 976 2186 populi.

422 2201 544 2238 Probe
565 2214 665 2238 vero.
704 2202 759 2237 Ut
779 2201 882 2237 enim
904 2199 1075 2237 hominis
1097 2199 1224 2242 decus,
1257 2199 1484 2250 ingenium3
1518 2198 1566 2235 sic
1589 2198 1732 2249 ingenii
1755 2199 1816 2250 ip—

420 2267 491 2304 sius
513 2267 644 2303 lumen
667 2266 718 2303 est
747 2266 977 2316 eloquentia,
1009 2278 1083 2316 qua
1103 2265 1228 2302 virum
1264 2264 1514 2302 excellentem
1537 2264 1709 2316 praeclare
1731 2273 1816 2302 tum

421 2333 476 2370 illi
499 2332 675 2370 homines
696 2332 827 2369 florem
851 2331 983 2383 populi
1005 2331 1075 2368 effe
1096 2331 1273 2368 dixerunt
1292 2350 1300 2374 ;

996 2397 1190 2449 szdfeque
1208 2396 1368 2435 medulhz.

419 2466 514 2504 Παθῲ
545 2479 658 2517 quam
691 2473 826 2502 vocant
858 2464 999 2507 Graeci,
1031 2464 1139 2514 cujus
1174 2462 1328 2500 effector
1361 2463 1413 2500 est
1432 2472 1569 2507 orator,
1599 2462 1697 2500 hanc
1719 2464 1814 2501 Sua-

419 2532 499 2569 dam
530 2530 734 2583 appellavit
756 2529 919 2568 Ennius.
967 2530 1062 2581 Ejus
1084 2537 1211 2567 autem
1234 2527 1455 2582 Cethegum
1476 2527 1687 2567 medullam
1706 2526 1816 2566 fuiffe
