2176 2912
451 204 533 245 454
895 186 1425 226 ORATOR.

452 285 534 323 fieri
555 282 689 336 poffit:
723 281 949 335 significatio
969 281 1063 334 saepe
1082 282 1153 329 erjt
1174 282 1309 333 major,
1330 293 1447 333 quam
1468 278 1589 318 oratio
1607 294 1616 318 ;
1649 279 1742 333 saepe
1760 278 1861 319 hila-

455 352 558 395 ritas,
591 351 684 402 saepe
704 349 803 394 vitae,
826 357 1125 400 naturarumque
1145 348 1326 385 imitatio.

509 418 620 455 XLI.
655 418 745 454 Hoc
767 416 806 453 in
835 428 970 468 genere
1004 415 1112 467 (nam
1134 415 1236 466 quasi
1258 414 1388 451 silvam
1408 414 1530 465 vides)
1567 413 1693 451 omnis
1715 414 1863 451 eluceat

452 492 607 537 oportet
628 482 858 535 eloquentiae
878 481 1119 533 magnitudo.
1180 480 1251 518 Sed
1270 479 1366 524 haec,
1390 480 1457 517 nifi
1478 479 1679 524 collocata,
1701 489 1738 517 et
1760 479 1862 531 quasi

455 550 607 593 struem,
650 557 687 586 et
722 561 818 585 nexa
849 547 987 591 verbis,
1020 547 1065 583 ad
1100 559 1182 583 eam
1218 545 1386 589 laudem,
1419 559 1536 597 quam
1568 546 1763 589 volumus,
1794 545 1861 582 ad-

456 616 593 669 spirare
624 629 701 653 non
737 613 902 666 possunt,
963 613 1024 650 De
1044 626 1122 663 quo
1149 625 1241 649 cum
1262 610 1362 648 mihi
1395 611 1572 663 deinceps
1594 611 1763 649 viderem
1793 610 1864 648 effe

457 682 683 726 dicendum,
714 680 778 717 etfi
814 679 1021 717 movebant
1045 679 1128 730 jam
1161 691 1223 716 me
1243 677 1322 722 illa,
1354 691 1439 729 quae
1459 677 1568 730 supra
1588 677 1773 722 dixeram,
1805 686 1864 714 ta-

458 763 548 787 men
577 749 637 792 iis,
669 761 753 799 quae
774 745 998 797 sequuntur,
1031 744 1279 797 perturbabar
1299 745 1435 796 magis.
1484 743 1725 781 Occurrebat
1744 743 1863 788 enim,

455 815 558 868 poffe
579 813 733 866 reperiri
754 825 830 849 non
853 811 1003 849 invidos
1024 810 1162 855 solum,
1197 811 1338 863 quibus
1364 809 1501 848 referta
1520 809 1607 848 sunt
1626 810 1771 854 omnia,
1804 809 1866 847 sed

457 880 622 919 fautores
643 879 760 917 etiam
781 891 956 916 mearum
982 877 1157 922 laudum,
1187 877 1254 929 qui
1276 890 1353 914 non
1375 876 1569 914 censerent
1589 877 1669 928 ejus
1689 876 1761 913 viri
1781 874 1864 921 effe,

457 948 504 986 de
525 949 634 1000 cujus
662 946 810 984 meritis
833 953 935 982 tanta
955 944 1101 982 senatus
1127 944 1275 996 judicia
1303 943 1458 988 fecisset,
1487 943 1763 995 comprobante
1792 956 1865 995 po-

452 1014 547 1067 pulo
568 1014 761 1056 Romano,
795 1020 935 1063 quanta
969 1010 1014 1047 de
1044 1010 1167 1055 nullo,
1198 1010 1245 1048 de
1265 1009 1426 1048 artificio
1453 1009 1603 1047 dicendi
1637 1008 1757 1046 literis
1786 1017 1865 1046 tam

459 1080 584 1118 multa
616 1079 807 1116 mandare.
869 1077 1025 1128 Qibus
1057 1077 1082 1114 fi
1114 1075 1213 1114 nihil
1241 1076 1345 1113 aliud
1377 1075 1657 1128 responderem,
1689 1074 1772 1118 nisi,
1804 1087 1868 1111 me

459 1148 524 1185 M.
548 1147 667 1184 Bruto
702 1157 836 1196 negare
870 1144 1019 1195 roganti
1054 1142 1225 1187 noluiss'e,
1265 1142 1365 1195 justa
1406 1142 1493 1180 effet
1523 1140 1729 1186 excusatio,
1775 1153 1867 1178 cum

461 1222 499 1250 et
536 1210 764 1249 amiciffimo
787 1218 825 1246 et
858 1208 1160 1261 praestantiffimo
1195 1209 1289 1252 viro,
1334 1217 1372 1245 et
1406 1209 1504 1245 recta
1535 1215 1572 1244 et
1606 1205 1761 1244 honesta
1796 1219 1865 1258 pe-

460 1278 573 1322 tenti,
606 1275 815 1314 satisfacere
837 1274 1049 1313 voluissem.
1111 1274 1181 1312 Sed
1208 1275 1233 1311 s1
1254 1274 1432 1327 profitear
1464 1273 1587 1325 (quod
1609 1273 1758 1311 utinam
1778 1271 1867 1324 pos-

460 1344 584 1396 seml)
628 1357 691 1381 me
725 1342 896 1380 studiofis
929 1342 1083 1379 dicendi
1118 1351 1317 1394 praecepta,
1362 1350 1400 1379 et
1431 1341 1534 1393 quasi
1569 1341 1659 1385 vias,
1702 1353 1786 1392 quae
1820 1338 1867 1376 ad

459 1410 723 1462 eloquentiam
755 1407 912 1452 ferrent,
944 1408 1203 1452 traditurum,
1236 1408 1322 1460 quis
1345 1407 1498 1445 tandem
1519 1406 1559 1444 id
1584 1405 1707 1458 justus
1741 1417 1870 1443 rerum

459 1476 666 1515 aestimator
686 1473 976 1528 reprehenderet
994 1475 1006 1511 ?
1039 1474 1145 1512 Nam
1167 1474 1252 1526 quis
1287 1487 1459 1526 unquam
1481 1472 1684 1516 dubitavit,
1713 1471 1808 1523 quin
1828 1470 1869 1508 in

464 1541 660 1594 republica
680 1540 803 1578 nostra
822 1541 962 1592 primas
984 1540 1203 1590 eloquentia
1232 1540 1395 1577 tenuerit
1415 1539 1575 1591 semper,
1603 1538 1770 1581 urbanis,
1801 1550 1870 1588 pa-

462 1607 630 1659 catisque
651 1606 762 1644 rebus
779 1625 791 1650 3
823 1605 1016 1649 secundas,
1042 1606 1140 1656 juris
1175 1605 1358 1642 scientia?
1390 1617 1482 1642 cum
1503 1605 1543 1641 in
1565 1604 1690 1647 altera,
1725 1602 1868 1655 gratiae,

462 1673 606 1726 gloriae,
637 1672 796 1725 praefidii
818 1672 1035 1724 plurimum
1055 1670 1168 1715 ess'et3
1203 1671 1242 1708 in
1264 1671 1392 1715 altera,
1420 1670 1744 1723 persecutionum,
1775 1682 1868 1706 cau-

462 1741 695 1791 tionumque
729 1737 966 1791 praeceptioj
995 1751 1078 1789 quae
1099 1737 1257 1789 quidem
1290 1737 1367 1789 ipsa
1391 1737 1582 1774 auxilium
1603 1736 1649 1773 ab
1680 1735 1868 1787 eloquen-

463 1807 517 1844 tia
536 1805 630 1858 saepe
651 1813 810 1857 peteret,
841 1804 883 1841 ea
917 1817 1004 1841 vero
1025 1813 1261 1856 repugnante
1292 1803 1357 1840 vix
1392 1802 1472 1840 suas
1508 1802 1679 1854 regiones
1702 1801 1870 1853 finesque

464 1871 697 1911 defenderet.
759 1872 840 1908 Cur
860 1871 978 1922 igitur
992 1871 1056 1922 jus
1087 1870 1199 1907 civile
1219 1870 1352 1907 docere
1374 1869 1520 1922 semper
1546 1867 1757 1921 pulchrum
1777 1867 1867 1912 fuit,

463 1937 752 1990 hominumque
773 1936 1065 1974 clariffimorum
1097 1936 1293 1988 discipulis
1315 1935 1526 1973 floruerunt
1546 1934 1709 1978 domu83
1741 1934 1787 1971 ad
1807 1933 1868 1971 di-

464 2005 634 2043 cendum
651 2004 677 2042 si
699 2004 784 2056 quis
805 2012 928 2048 acuat,
951 2013 1015 2041 aut
1035 2003 1185 2055 adjuvet
1206 2003 1246 2039 in
1266 2016 1311 2039 eo
1325 2003 1586 2054 juventutem,
1609 2001 1867 2052 vituperetur?

466 2071 573 2111 Nam
608 2071 634 2108 fi
668 2070 848 2108 vitiosum
882 2069 933 2106 est
960 2069 1085 2107 dicere
1117 2078 1260 2113 ornate,
1292 2068 1455 2120 pellatur
1474 2066 1635 2104 omnino
1665 2080 1685 2104 e
1716 2066 1870 2104 civitate

466 2136 697 2188 eloquentia.
759 2136 824 2173 Sin
856 2149 899 2173 ea
931 2149 1008 2172 non
1041 2134 1158 2172 modo
1192 2147 1255 2171 eos
1287 2142 1408 2177 ornat,
1439 2145 1553 2184 penes
1588 2145 1683 2183 quos
1711 2131 1776 2175 est,
1809 2131 1871 2170 sed

466 2202 584 2240 ctiam
606 2201 817 2239 universam
839 2200 1148 2253 rempublicam;
1181 2213 1249 2236 cur
1270 2208 1333 2236 aut
1364 2198 1505 2236 discere
1533 2207 1641 2250 turpe
1670 2197 1735 2242 est,
1766 2197 1871 2249 quod

467 2269 561 2307 scire
580 2267 783 2305 honestum
804 2266 882 2311 est;
915 2275 992 2311 aut,
1024 2265 1127 2319 quod
1162 2264 1262 2304 noffe
1288 2263 1595 2318 pulcherrimum
1627 2264 1692 2309 est,
1724 2263 1763 2303 id
1792 2277 1870 2302 non

466 2334 677 2388 gloriosum
699 2334 831 2371 docere
851 2333 863 2370 ?

525 2401 655 2442 XLII.
688 2401 742 2438 At
768 2399 934 2438 alterum
961 2398 1177 2437 faistitatum
1208 2398 1273 2443 est,
1304 2398 1466 2437 alterum
1499 2411 1658 2438 novum.
1703 2397 1867 2442 Fateor,

470 2466 532 2506 sed
567 2465 765 2518 utriusque
798 2465 849 2502 rei
877 2465 984 2502 causa
1003 2465 1068 2502 est.
1129 2464 1281 2504 Alteros
1311 2464 1416 2502 enim
1448 2464 1713 2517 respondentes
1740 2462 1869 2500 audire

471 2533 524 2573 sat
544 2542 634 2577 erat,
668 2542 709 2571 ut
729 2532 770 2578 ii,
792 2532 860 2585 qui
881 2531 1073 2577 docerent,
1093 2530 1246 2571 nullum
1267 2530 1335 2570 sibi
1355 2530 1400 2571 ad
1421 2544 1504 2569 cam
1526 2543 1607 2569 rem
1629 2539 1780 2582 tempus
1802 2527 1869 2581 ipsi
