2176 2912
382 223 455 274 196
733 222 847 260 DE
925 218 1431 259 ORATORE

378 315 512 367 Itaque
533 314 700 366 experiar
718 314 899 366 equidem
921 312 1033 357 illud,
1066 320 1110 350 ut
1129 325 1176 350 ne
1203 311 1409 364 Sulpicius,
1431 308 1629 348 familiaris
1650 321 1775 352 meus,

377 389 442 418 aut
475 381 604 424 Cotta,
636 379 722 432 plus
753 393 871 432 quam
904 392 977 431 ego
1010 377 1109 430 apud
1131 387 1166 415 te
1186 377 1307 414 valere
1337 376 1522 420 videatur,
1554 384 1592 413 et
1623 383 1659 413 te
1685 387 1778 412 exo-

376 447 468 484 rabo
498 445 682 499 profe&o,
714 455 757 483 ut
791 444 890 483 mihi
910 457 1064 497 quoque
1083 453 1121 482 et
1141 443 1282 481 Catulo
1313 452 1387 480 tuae
1418 442 1608 480 suavitatis
1629 439 1775 492 aliquid.

376 512 586 565 impertias.
621 512 684 549 Sin
707 512 777 548 tibi
799 511 837 548 id
858 511 987 548 minus
1009 510 1154 554 licebit,
1184 522 1259 546 non
1282 517 1317 546 te
1339 508 1495 559 urgebo,
1519 520 1642 559 neque
1661 519 1772 544 com-

375 579 545 622 mittam,
567 587 623 622 ut‚
645 578 739 615 dum
761 590 906 614 vereare
923 590 969 614 ne
990 585 1032 614 tu
1052 576 1096 613 fis
1117 576 1284 627 ineptus,
1307 587 1369 611 me
1384 573 1455 611 effe
1469 573 1632 625 judices.

431 645 541 682 Tum
577 643 654 687 ille,
687 656 759 694 ego
779 641 1013 685 mehercule,
1050 641 1192 691 inquit,
1226 639 1360 683 Caesar,
1391 652 1437 676 ex
1458 639 1642 676 omnibus
1664 637 1772 675 Lati-

376 710 435 747 nis
456 710 578 747 verbis
598 708 714 760 hujus
736 708 840 745 verbi
861 708 941 744 vim
962 707 1020 743 vel
1042 705 1253 743 maximam
1280 704 1426 756 semper
1457 704 1600 755 putavi.
1643 704 1775 754 Qem

374 777 481 813 enim
502 788 569 813 nos
600 775 756 826 ineptum
787 785 984 817 vocamus,
1014 772 1046 809 is
1066 770 1166 809 mihi
1186 770 1337 808 videtur
1366 770 1413 807 ab
1433 768 1508 807 hoc
1529 782 1671 806 nomen
1702 767 1774 806 ha-

376 842 463 879 bere
483 841 657 884 dmstum,
680 840 785 891 quod
804 853 872 877 non
899 838 943 876 fit
968 847 1100 891 aptus:
1131 837 1247 888 idque
1266 837 1304 873 in
1334 835 1516 873 sermonis
1537 835 1653 872 nostri
1679 847 1774 872 con-

375 906 573 944 suetudine
592 905 734 958 perlate
754 913 871 957 patet.
904 904 1009 942 Nam
1031 903 1099 954 qui
1119 911 1198 946 aut,
1221 911 1373 954 tempus
1390 901 1484 953 quid
1497 900 1675 953 postulet,
1696 913 1774 937 non

374 972 501 1017 videt3
533 981 598 1009 aut
611 972 720 1024 plura
731 971 928 1022 loquitur,
951 977 1016 1006 aut
1028 968 1063 1006 se
1080 968 1264 1012 ostentat,
1288 976 1352 1005 aut
1367 980 1516 1011 eorum,
1539 965 1774 1018 quibuscum

374 1038 442 1082 est,
463 1037 520 1075 vel
541 1036 754 1089 dignitatis,
785 1036 846 1073 vel
873 1034 1071 1073 commodi
1102 1034 1288 1072 rationem
1308 1046 1385 1070 non
1406 1031 1521 1070 habet
1534 1050 1545 1076 5
1578 1040 1642 1068 aut
1663 1031 1773 1068 deni-

375 1116 450 1155 que
470 1103 510 1140 in
531 1103 661 1154 aliquo
681 1114 829 1153 genere,
860 1110 924 1138 aut
944 1100 1214 1143 inconcinnus,
1236 1107 1300 1135 aut
1321 1097 1468 1135 multus
1489 1096 1541 1133 est
1554 1115 1564 1140 3
1584 1096 1775 1148 isineptus

375 1169 445 1207 effe
466 1169 619 1206 dicitur.
652 1169 743 1206 Hoc
764 1168 859 1205 vitio
879 1166 1075 1204 cumulata
1101 1165 1153 1202 est
1172 1163 1421 1201 eruditiffima
1449 1163 1515 1199 illa
1547 1163 1775 1200 Graecorum

376 1235 493 1273 natio.
526 1236 660 1286 Itaque
680 1233 785 1285 quod
805 1234 885 1270 vim
906 1231 1021 1283 hujus
1042 1231 1135 1269 mali
1152 1229 1279 1268 Graeci
1299 1243 1376 1267 non
1397 1228 1541 1272 vident,
1564 1241 1611 1265 ne
1630 1240 1773 1265 nomen

373 1300 532 1352 quidem
553 1301 586 1336 ei
607 1300 701 1336 vitio
719 1298 984 1351 imposuerunt
1003 1311 1011 1334 :
1044 1305 1087 1334 ut
1107 1296 1211 1333 enim
1235 1308 1377 1347 quaeras
1397 1294 1541 1338 omnia,
1574 1292 1774 1345 quomodo

374 1366 501 1403 Graeci
520 1366 676 1417 ineptum
695 1364 902 1416 appellent,
925 1376 1002 1400 non
1024 1362 1198 1414 reperies.
1242 1361 1436 1398 Omnium
1457 1368 1586 1397 autem
1606 1359 1771 1411 ineptia-

374 1444 475 1474 rum,
498 1445 582 1482 quae
603 1430 688 1467 sunt
708 1428 1022 1472 innumerabiles,
1039 1426 1143 1465 haud
1162 1426 1252 1471 scio,
1272 1439 1318 1463 an
1333 1425 1411 1463 ulla
1424 1425 1468 1463 fit
1483 1425 1619 1476 major,
1637 1437 1770 1476 quam,

323 1537 327 1541 ⁴
374 1506 416 1534 ut
436 1496 493 1533 illi
515 1496 649 1539 solent,
671 1508 903 1546 quocunque
923 1495 962 1531 in
983 1494 1085 1538 loco,
1115 1492 1379 1544 quoscumque
1399 1491 1499 1528 inter
1514 1489 1691 1528 homines
1711 1490 1772 1527 vi-

373 1561 457 1599 sum
477 1561 542 1605 est,
564 1561 610 1597 de
631 1560 741 1597 rebus
762 1569 826 1597 aut
846 1559 1104 1602 difficillimis,
1119 1567 1183 1595 aut
1200 1571 1276 1594 non
1294 1556 1514 1600 necessariis,
1536 1555 1771 1607 argutifiime

373 1626 576 1679 disputare.
623 1626 714 1663 Hoc
735 1638 803 1662 nos
824 1624 871 1661 ab
891 1624 969 1662 istis
990 1623 1291 1662 adolescentibus
1312 1621 1448 1666 facere,
1471 1622 1582 1659 inviti
1602 1630 1640 1658 et
1660 1634 1771 1659 recu-

374 1692 507 1736 santes,
530 1690 611 1729 heri
631 1691 749 1728 coaeti
770 1690 914 1728 sumus.

401 1758 451 1795 V.
484 1759 594 1795 Tum
616 1757 792 1801 Catulus,
815 1770 861 1794 ne
879 1756 1004 1794 Graeci
1025 1755 1197 1807 quidem,
1220 1755 1360 1807 inquit,
1394 1754 1532 1799 Craffe,
1554 1754 1621 1805 qui
1642 1755 1681 1791 in
1711 1754 1770 1791 ci-

374 1824 554 1861 vitatibus
575 1823 649 1860 suis
670 1823 775 1867 clari,
806 1831 843 1860 et
861 1823 992 1874 magni
1012 1821 1184 1866 fuerunt,
1206 1822 1316 1859 sicuti
1337 1830 1377 1858 tu
1398 1834 1451 1865 eS,
1473 1820 1616 1871 nosque
1636 1833 1770 1857 omnes

374 1889 412 1926 in
448 1888 570 1925 nostra
586 1888 797 1940 =republica
815 1888 994 1925 volumus
1015 1886 1100 1932 effe,
1131 1886 1274 1924 horum
1296 1887 1538 1929 Graecorum,
1561 1885 1628 1937 qui
1650 1885 1685 1922 se
1705 1885 1768 1923 in-

373 1955 526 1991 culcant
547 1954 700 1991 auribus
723 1953 871 1997 nostris,
905 1952 1044 1990 ssmiles
1065 1951 1248 1997 fuerunt5
1282 1965 1351 1989 nec
1373 1961 1501 1989 tamen
1521 1951 1561 1988 in
1593 1952 1673 1988 otio
1692 1950 1769 1987 ser-

373 2033 506 2057 mones
528 2019 762 2071 hujusmodi,
785 2017 1131 2071 disputationesque
1155 2016 1368 2068 fugiebant.
1414 2018 1474 2054 Ac
1494 2016 1520 2053 fi
1543 2016 1613 2053 tibi
1634 2015 1768 2052 viden-

373 2095 448 2129 tur,
471 2085 537 2136 qui
560 2085 756 2137 temporiS,
780 2085 847 2136 qui
868 2083 958 2127 loci,
988 2083 1056 2134 qui
1076 2082 1284 2119 hominum
1306 2081 1493 2118 rationem
1515 2094 1590 2117 non
1610 2079 1767 2124 habent,

372 2151 508 2203 inepti,
531 2152 623 2188 ficut
645 2151 785 2188 debent
815 2149 958 2193 videri,
990 2162 1085 2186 num
1113 2148 1269 2185 tandem
1289 2156 1354 2184 aut
1372 2147 1478 2184 locus
1499 2145 1564 2184 hic
1585 2159 1662 2183 non
1683 2147 1768 2183 ido-

372 2230 464 2254 neus
485 2216 647 2259 videtur,
670 2216 708 2252 in
731 2229 809 2266 quo
828 2215 998 2267 porticus
1019 2212 1101 2251 haec
1122 2213 1212 2265 ipsa,
1230 2213 1297 2250 ubi
1318 2212 1619 2256 inambulamus,
1642 2221 1679 2249 et
1699 2226 1767 2264 pa-

369 2282 500 2325 hestra,
523 2290 560 2318 et
582 2289 638 2317 tot
659 2280 751 2316 locis
772 2279 957 2323 seffiones,
980 2278 1279 2330 gymnasiorum,
1300 2286 1337 2314 et
1354 2278 1578 2315 Graecarum
1597 2276 1767 2328 disputa-

368 2348 520 2385 tionum
542 2346 770 2384 memoriam
791 2344 1080 2397 quodammodo
1099 2353 1348 2382 commovent
1365 2345 1377 2380 ?
1409 2353 1473 2382 aut
1492 2344 1764 2396 importunum

370 2423 522 2465 tempus
544 2412 581 2449 in
604 2421 709 2448 tanto
729 2412 823 2455 otio,
841 2411 945 2462 quod
965 2420 1002 2448 et
1018 2424 1100 2448 raro
1118 2410 1242 2454 datur,
1263 2419 1300 2447 et
1322 2423 1424 2447 nunc
1441 2418 1640 2462 peroptato
1655 2409 1765 2446 nobis

368 2479 502 2516 datum
523 2478 605 2515 est?
637 2487 700 2515 aut
720 2476 898 2515 homines
929 2477 976 2514 ab
995 2476 1070 2514 hoc
1100 2490 1234 2529 genere
1255 2476 1520 2528 disputationis
1541 2475 1670 2518 alieni,
1699 2475 1766 2526 qui

369 2556 502 2583 omnes
522 2542 564 2581 hi
584 2543 729 2588 sumus,
759 2552 801 2581 ut
821 2542 896 2581 fine
914 2540 975 2580 his
995 2542 1126 2580 studiis
1147 2542 1266 2580 vitam
1288 2541 1437 2579 nullam
1457 2541 1526 2579 effe
1546 2540 1730 2580 ducamus
1750 2539 1763 2575 ?
