2176 2912
493 155 812 203 LIBER
895 143 1472 191 SECUNDUs.
1616 146 1692 198 263

345 255 537 298 LXXIII.
571 253 643 292 Sed
663 250 758 304 quid
777 247 852 286 hoc
871 246 960 284 loco
980 256 1046 282 vos
1068 242 1166 280 inter
1184 253 1266 285 vos,
1286 238 1447 278 Catule?
1470 251 1515 276 an
1536 236 1631 282 haec,
1649 246 1693 276 ut

290 324 378 363 sunt
397 317 690 362 contemnenda,
708 312 957 354 contemnitis
974 311 987 347 ?
1018 309 1205 352 Minime,
1228 305 1355 358 inquit
1376 304 1439 342 ille
1456 322 1467 348 ;
1496 303 1556 341 sed
1573 303 1693 342 Caesar

291 391 338 428 de
356 389 426 427 isto
442 386 522 440 ipso
542 385 728 438 quiddam
744 381 842 419 velle
862 379 985 417 dicere
1004 375 1217 413 videbatur.
1241 373 1312 411 Me
1332 384 1420 409 vero
1437 370 1607 415 lubente,
1629 370 1691 408 in·-

291 454 377 507 quit
393 451 603 495 Antonius,
625 448 778 491 dixerit,
800 445 872 483 five
889 441 1087 481 refellendi
1107 439 1228 483 causa,
1243 438 1315 476 five
1335 435 1541 488 quaerendi.

347 521 457 558 Turn
480 517 620 569 Julius,
653 528 725 567 ego
752 510 987 554 mehercule,
1023 506 1165 560 inquit,
1197 504 1359 548 Antoni,
1391 502 1537 555 semper
1570 501 1599 538 is
1621 499 1693 545 fui,

293 586 361 639 qui
388 585 434 622 de
468 593 505 622 te
534 591 680 620 oratore
700 580 749 618 fic
769 577 1028 631 praedicarem,
1059 585 1185 611 unum
1206 580 1242 609 te
1264 570 1303 607 in
1324 568 1488 607 dicendo
1508 565 1608 605 mihi
1635 567 1694 603 vi-

294 653 374 690 deri
402 649 675 691 lectiffi1num;
709 644 986 699 propriumque
1020 638 1095 677 hoc
1129 637 1198 675 effe
1219 636 1338 675 laudis
1372 644 1458 679 tuae,
1491 632 1588 671 nihil
1619 646 1640 670 a
1659 641 1695 669 te

296 730 468 769 unquam
489 714 559 753 effe
588 714 749 756 dictum,
781 710 885 762 quod
906 705 1044 746 obeffet
1075 705 1123 749 ei,
1156 717 1224 757 pro
1250 716 1328 754 quo
1358 701 1515 738 diceres.
1576 699 1697 750 quue

295 783 482 821 memoria
502 790 625 823 teneo,
657 791 748 816 cum
779 774 877 813 mihi
910 773 1032 810 sermo
1061 784 1152 808 cum
1182 768 1257 806 hoc
1278 767 1358 819 ipso
1389 765 1529 809 Craffo,
1561 764 1696 802 multis

296 847 555 889 audientibus,
570 844 657 882 effet
677 843 723 880 de
744 851 780 879 te
800 840 1009 881 institutus,
1032 833 1256 886 Crass‘usque
1272 832 1449 886 plurimis
1471 831 1593 868 verbis
1613 830 1695 867 elo-

296 914 495 967 quentiam
530 910 698 948 laudaret
718 918 839 950 tuam,
871 902 1001 941 dixiffe
1022 915 1098 946 me,
1130 914 1221 938 cuin
1243 900 1385 937 caeteris
1417 898 1490 935 tuis
1521 896 1696 934 laudibus

297 979 398 1018 hanc
428 977 498 1016 effe
519 975 577 1014 vel
610 974 835 1016 maximam,
868 969 972 1022 quod
994 982 1070 1006 non
1093 966 1230 1010 solum,
1254 964 1359 1017 quod
1388 976 1483 1016 opus
1504 962 1605 1006 esset,
1637 961 1699 998 di-

299 1059 416 1090 ceres,
450 1044 510 1082 sed
531 1043 661 1085 etiam,
683 1039 787 1093 quod
808 1052 885 1076 non
905 1049 1001 1089 opus
1023 1033 1124 1079 effet,
1155 1046 1232 1071 non
1254 1032 1410 1069 diceres.
1457 1031 1567 1068 Tum
1585 1028 1699 1065 illum

300 1110 401 1150 mihi
435 1109 659 1162 respondere
686 1104 879 1148 memini;
911 1112 1043 1140 caetera
1073 1101 1112 1138 in
1143 1110 1180 1137 te
1210 1099 1359 1136 summe
1393 1096 1464 1134 effe
1500 1094 1699 1139 laudanda,

292 1178 391 1217 illud
411 1190 500 1214 vero
522 1174 690 1227 improbi
720 1171 790 1210 effe
807 1169 993 1213 hominis,
1023 1176 1061 1205 et
1095 1164 1298 1219 perfidiofi,
1330 1164 1453 1201 dicere
1474 1162 1578 1214 quod
1606 1161 1700 1198 alie-

302 1259 399 1283 num
431 1242 532 1287 effet,
565 1250 602 1278 et
633 1248 785 1278 noceret
815 1237 862 1281 ei,
894 1249 961 1288 pro
982 1247 1059 1288 quo
1090 1232 1249 1284 quisque
1270 1231 1425 1268 diceret.
1472 1230 1601 1279 Qare
1622 1241 1701 1265 non

301 1311 370 1349 fibi
401 1324 490 1347 eum
522 1308 718 1350 disertum,
750 1304 817 1356 qui
844 1303 882 1341 id
914 1315 991 1340 non
1018 1299 1171 1343 faceret,
1202 1298 1346 1340 videri3
1381 1295 1442 1333 sed
1461 1294 1699 1347 improbum,

302 1377 369 1429 qui
403 1374 556 1413 faceret.
616 1373 751 1415 Nunc,
783 1370 808 1407 fi
836 1368 908 1406 tibi
928 1367 1090 1409 videtur,
1123 1363 1284 1406 Antoni,
1317 1360 1546 1399 demonstres
1567 1360 1699 1404 velim,

302 1457 417 1496 quare
448 1452 491 1479 tu
511 1440 585 1478 hoc
615 1441 667 1477 ita
687 1449 872 1490 magnum
895 1443 1018 1487 putes,
1049 1430 1165 1470 Nihil
1195 1431 1234 1467 in
1256 1428 1363 1466 causa
1378 1427 1469 1465 mali
1490 1426 1626 1470 facere,
1659 1434 1703 1463 ut

302 1508 401 1547 nihil
423 1508 494 1546 tibi
514 1508 553 1544 in
574 1515 721 1544 oratore
739 1503 859 1554 majus
880 1500 950 1537 effe
970 1498 1154 1536 videatur.

359 1574 547 1613 LXXIV.
580 1572 721 1610 Dicam
739 1567 932 1621 equidem,
949 1564 1082 1608 Caesar‚
1101 1562 1242 1616 inquit,
1261 1561 1354 1614 quid
1370 1559 1599 1612 intelligam.
1634 1557 1705 1596 Sed

304 1649 343 1678 et
363 1649 418 1685 tu,
440 1649 476 1677 et
497 1652 562 1676 vos
583 1650 716 1676 omnes
737 1635 826 1679 hoc,
858 1632 998 1684 inquit,
1020 1638 1268 1673 mementote,
1297 1641 1372 1665 non
1395 1640 1456 1664 rne
1476 1626 1520 1663 de
1547 1623 1704 1677 perfecti

306 1706 462 1744 oratoris
484 1704 681 1742 divinitate
700 1700 865 1753 quadam
885 1698 1009 1748 loqui,
1038 1696 1097 1734 sed
1117 1695 1163 1732 de
1183 1692 1462 1733 exercitationis
1484 1700 1521 1728 et
1542 1689 1702 1728 consue-

307 1772 451 1809 tudinis
483 1784 575 1808 meae
596 1767 870 1806 mediocritate.
917 1762 1032 1801 Craffi
1064 1762 1223 1814 quidem
1243 1759 1460 1813 responsum
1481 1756 1704 1795 excellentis

307 1838 502 1889 cujusdam
523 1835 576 1873 est
605 1833 750 1886 ingenii
776 1845 818 1869 ac
848 1829 1068 1881 fingularis:
1101 1828 1164 1864 cui
1192 1826 1375 1878 quiddam
1398 1824 1563 1877 portenti
1584 1822 1706 1860 fimile

308 1903 377 1941 effe
397 1903 519 1941 visum
548 1901 614 1946 est,
636 1898 735 1952 posse
755 1898 923 1949 aliquem
943 1894 1103 1932 inveniri
1124 1902 1327 1936 oratorem,
1349 1892 1416 1942 qui
1437 1889 1582 1941 aliquid
1612 1888 1704 1926 mali

309 1969 447 2007 faceret
468 1967 643 2011 dicendo,
665 1964 880 2015 obeffetque
903 1962 952 2006 ei,
985 1974 1102 2012 quem
1124 1959 1354 1997 defenderet.
1406 1957 1514 1994 Facit
1534 1955 1639 1992 enim
1659 1955 1707 1991 de

310 2036 344 2074 se
375 2036 659 2087 conjecturam;
691 2032 800 2083 cujus
834 2038 936 2066 tanta
967 2028 1021 2063 vis
1049 2026 1193 2079 ingenii
1224 2025 1289 2068 est,
1321 2032 1363 2061 ut
1396 2023 1604 2065 neminem,
1637 2020 1709 2058 nist

309 2102 498 2145 consulto,
530 2108 650 2152 putet,
683 2097 785 2149 quod
820 2105 952 2133 contra
984 2093 1143 2145 seipsum
1166 2092 1222 2135 fit,
1260 2091 1395 2128 dicere.
1448 2088 1518 2125 Sed
1538 2101 1607 2139 ego
1629 2100 1707 2124 non

311 2168 357 2205 de
379 2166 563 2219 praestanti
585 2164 749 2216 quadam
767 2172 804 2199 et
824 2161 979 2203 eximia,
1002 2159 1061 2196 sed
1083 2172 1199 2211 prope
1219 2157 1264 2194 de
1285 2155 1432 2207 vulgari
1461 2164 1497 2191 ct
1524 2166 1706 2191 commu-

313 2234 351 2270 ni
369 2231 580 2284 prudentia,
602 2229 766 2282 disputo.
798 2229 855 2266 Ut
873 2226 974 2279 apud
994 2227 1149 2263 Graecos
1168 2223 1287 2261 fertur
1304 2221 1521 2260 incredibili
1542 2220 1707 2272 quadam

312 2296 577 2349 magnitudine
609 2295 754 2332 consilii
781 2304 895 2346 atque
921 2291 1064 2344 ingenii
1092 2289 1335 2328 Atheniensis
1368 2288 1432 2325 ille
1463 2286 1571 2323 fuiffe
1594 2283 1706 2323 The-

313 2362 531 2405 mistocles;
563 2360 609 2397 ad
629 2373 745 2411 quem
767 2360 923 2411 quidam
945 2358 1076 2395 donftus
1109 2355 1242 2399 homo,
1272 2364 1386 2406 atque
1407 2354 1444 2390 in
1468 2352 1598 2404 primis
1618 2363 1707 2386 eru-

312 2429 416 2467 ditus
436 2425 617 2464 acceffiffe
636 2425 791 2469 dicitur,
821 2424 931 2476 eique
945 2432 1066 2461 artem
1086 2422 1295 2465 memoriae,
1327 2433 1410 2471 quae
1431 2428 1516 2455 tum
1537 2417 1708 2468 primum

312 2493 586 2549 proferebatur,
616 2491 840 2544 pollicitum
858 2489 929 2528 effe
944 2489 980 2527 se
998 2488 1244 2527 traditurum.
1304 2487 1409 2524 Cum
1430 2483 1495 2521 ille
1511 2479 1706 2533 quaefiffet,
