2176 2912
555 137 874 179 LIBER
950 134 1526 175 SECUNDUS.
1674 151 1751 191 229

348 247 398 273 ex
417 232 538 272 tribus
558 232 636 270 istis
656 230 868 269 clariffimis
884 227 1144 282 Philosophis,
1161 241 1257 281 quos
1271 230 1442 268 Romam
1456 228 1593 268 venifl‘e
1606 230 1749 277 dixisti,

351 298 501 338 videsne
517 299 736 349 Diogenem
756 294 879 340 fuisse,
902 296 970 347 qui
991 295 1147 340 diceret,
1169 303 1289 333 artem
1306 295 1341 333 se
1358 296 1502 334 tradere
1521 296 1618 334 bene
1639 297 1751 336 diffe-

352 365 472 409 rendi,
495 373 533 402 et
552 376 638 401 vera
663 376 706 400 ac
729 361 820 400 falsa
840 361 1091 414 dijudicandi,
1113 375 1231 414 quam
1247 362 1363 400 verbo
1388 363 1527 400 Graeco
1547 359 1755 405 ὣαλεκτικῆν

351 430 586 483 appellaret?
632 429 678 467 In
698 427 770 466 hac
789 438 881 473 arte,
913 428 940 466 fi
970 428 1090 466 modo
1116 427 1169 466 est
1198 426 1280 466 haec
1306 441 1377 473 ars,
1410 428 1565 466 nullum
1584 427 1637 465 est
1656 441 1753 480 prae-

349 506 509 550 ceptum
540 509 619 549 quo
652 495 770 534 modo
802 509 934 534 verum
955 495 1181 540 inveniatur,
1213 495 1275 533 sed
1301 504 1454 533 tantum
1482 494 1534 532 est
1561 508 1639 547 quo
1665 507 1754 532 mo-

351 562 400 600 do
414 563 624 615 judicetur.
656 562 763 600 Nam
783 571 820 600 et
840 575 969 606 omne,
991 561 1096 613 quod
1116 561 1351 614 eloquimur,
1385 560 1448 605 fic,
1480 570 1524 598 ut
1544 560 1583 598 id
1602 568 1667 598 aut
1685 560 1757 599 effe

350 628 540 673 dicamus,
562 638 627 666 aut
648 642 726 666 non
746 627 816 666 effe
828 647 840 673 3
863 637 900 665 et
913 627 938 665 fi
955 627 1180 680 simpliciter
1199 627 1348 666 dietum
1369 627 1427 672 fit,
1446 627 1655 680 suscipiunt
1671 626 1754 664 dia-

350 695 492 741 lcetici,
524 705 567 734 ut
592 696 768 748 judicent
794 708 978 733 verumne
999 695 1044 732 sit
1075 708 1121 732 an
1153 693 1319 732 falsum:
1352 704 1390 732 et
1420 694 1446 731 fi
1476 695 1680 746 conjunete
1711 693 1757 731 fit

351 762 510 808 elatum,
541 772 580 800 et
612 762 791 813 adjundta
820 761 892 798 fint
923 761 1008 805 alia,
1034 760 1210 812 judicent
1231 762 1378 798 rectene
1403 760 1579 812 adjumfta
1599 760 1685 805 fint,
1717 767 1755 797 et

351 842 486 866 verane
506 829 657 866 summa
672 828 716 865 fit
737 827 1034 878 uniuscujusque
1055 827 1210 864 rationis
1227 842 1236 865 z
1269 836 1305 865 et
1326 827 1371 864 ad
1392 836 1611 864 extremum
1632 827 1700 878 ipfi
1720 825 1756 863 se

351 903 624 947 compungunt
643 893 717 931 suis
739 892 998 937 acuminibus,
1020 902 1057 930 et
1077 893 1202 930 multa
1221 893 1437 945 quaerendo,
1460 893 1654 944 reperiunt
1675 905 1754 930 non

351 960 470 998 modo
489 974 545 1005 ea,
576 974 660 1012 quae
688 961 770 1012 jam
790 973 868 997 non
889 959 1028 1013 poffint
1048 958 1115 1011 ipsi
1137 958 1344 1004 difl'olvere,
1375 958 1436 997 sed
1468 960 1585 996 etiam
1611 958 1754 1010 quibus

349 1035 438 1064 ante
455 1026 597 1071 exorsa,
627 1035 665 1064 et
685 1026 812 1079 potius
834 1026 984 1064 detexta
1007 1038 1125 1078 prope
1151 1034 1381 1064 retexantur.
1432 1025 1509 1063 His
1541 1038 1609 1063 nos
1636 1024 1755 1077 igitur

353 1092 501 1130 Stoicus
535 1092 602 1129 iste
628 1090 727 1130 nihil
754 1092 919 1143 adjuvat,
961 1092 1162 1143 quoniam,
1198 1091 1531 1144 quemadmodum
1558 1090 1755 1128 inveniam

352 1158 448 1210 quid
468 1158 609 1202 dicam,
625 1171 701 1196 non
718 1157 852 1195 docet:
876 1166 990 1209 atque
1010 1157 1113 1195 idem
1130 1158 1245 1196 etiam
1260 1158 1437 1211 impedit,
1452 1157 1556 1209 quod
1576 1166 1614 1195 et
1634 1155 1758 1194 multa

353 1225 504 1277 reperit,
541 1239 625 1277 quae
645 1234 757 1277 neget
791 1224 872 1262 ullo
892 1223 1010 1262 modo
1030 1223 1131 1276 posse
1151 1224 1298 1262 diffolvi
1315 1243 1326 1269 ;
1359 1233 1395 1261 et
1429 1237 1547 1276 genus
1569 1223 1752 1261 sermonis

352 1290 461 1328 affert
481 1304 558 1329 non
579 1291 788 1343 liquidum,
821 1304 898 1328 non
918 1289 1047 1328 fusum
1078 1303 1119 1327 ac
1141 1290 1347 1342 profluens,
1370 1289 1431 1327 sed
1451 1290 1565 1334 exile,
1586 1289 1754 1333 aridum,

352 1356 552 1395 concisum
572 1371 614 1394 ac
635 1357 859 1394 minutum:
892 1357 997 1408 quod
1022 1356 1047 1394 fi
1069 1356 1154 1408 quis
1176 1355 1368 1409 probabit,
1399 1356 1451 1393 ita
1478 1355 1670 1408 probabit,
1708 1362 1753 1392 ut

351 1424 492 1462 oratori
520 1432 647 1461 tamen
668 1432 802 1475 aptum
824 1436 901 1460 non
921 1422 991 1460 effe
1010 1421 1184 1459 fateatur.
1237 1423 1334 1460 Haec
1365 1422 1470 1459 enim
1491 1421 1614 1459 nostra
1632 1421 1754 1458 oratio

353 1489 616 1528 multitudinis
637 1489 687 1526 est
708 1489 862 1526 auribus
883 1487 1224 1531 accommodanda,
1255 1487 1300 1524 ad
1325 1487 1569 1525 obleetandos
1589 1486 1752 1531 animos,

351 1557 399 1595 ad
419 1557 685 1609 impellendos,
722 1556 768 1593 ad
788 1569 830 1594 ea
850 1555 1057 1608 probanda,
1095 1569 1179 1607 quae
1209 1568 1288 1593 non
1319 1553 1485 1592 aurificis
1516 1554 1661 1599 statera,
1692 1552 1756 1592 sed

353 1623 518 1674 quadam
538 1622 714 1675 populari
735 1622 891 1666 trutina,
922 1621 1202 1659 examinantur.

410 1690 537 1740 Qare
557 1689 666 1726 istam
686 1698 805 1726 artem
826 1698 947 1726 totam
964 1688 1222 1733 dimittamus,
1245 1701 1328 1740 quae
1349 1688 1388 1725 in
1410 1686 1671 1739 excogitandis
1692 1698 1752 1722 ar-

353 1755 549 1807 gumentis
570 1763 678 1792 muta
698 1755 866 1792 nimium
886 1754 949 1797 est,
984 1754 1023 1790 in
1039 1753 1256 1804 judicandis
1278 1754 1446 1791 nimium
1467 1753 1622 1804 loquax.
1662 1751 1752 1789 Cri-

353 1822 501 1858 tolaum
534 1820 663 1864 istum,
695 1834 812 1871 quem
839 1819 950 1856 simul
981 1833 1074 1856 cum
1096 1820 1271 1872 Diogene
1300 1819 1436 1857 venisse
1457 1830 1752 1862 commemoraS,

354 1896 449 1940 puto
470 1887 555 1939 plus
576 1885 668 1923 huic
690 1886 813 1923 studio
844 1885 970 1923 nostro
990 1885 1156 1937 prodeffe
1176 1884 1336 1938 potuiffe
1354 1899 1362 1921 :
1395 1893 1473 1921 erat
1491 1884 1596 1921 enim
1615 1884 1662 1921 ab
1684 1883 1753 1920 isto

354 1952 570 1997 Aristotele,
601 1966 621 1989 a
655 1953 764 2004 cujus
784 1952 948 1989 inventis
985 1951 1055 1989 tibi
1077 1965 1148 2004 ego
1167 1951 1297 1989 videor
1327 1963 1403 1988 non
1424 1950 1537 2002 longe
1568 1949 1749 1987 aberrare.

354 2020 484 2071 Atque
518 2019 615 2056 inter
644 2016 750 2056 hunc
770 2017 1031 2061 Aristotelem,
1063 2018 1170 2069 cujus
1192 2027 1228 2054 et
1258 2016 1372 2054 illum
1408 2016 1484 2067 legi
1517 2014 1681 2059 librum,
1711 2014 1752 2051 in

353 2098 432 2136 quo
451 2084 626 2136 exposuit
644 2084 797 2121 dicendi
817 2093 912 2121 artes
932 2083 1112 2123 omniurn
1133 2083 1383 2135 superiorum,
1415 2091 1451 2118 et
1472 2081 1572 2125 illos,
1601 2081 1640 2118 in
1661 2080 1750 2133 qui-

352 2150 424 2188 bus
446 2150 522 2202 ipse
554 2150 616 2187 sua
635 2150 809 2202 quaedam
830 2151 875 2188 de
895 2150 1026 2187 eadem
1046 2158 1122 2186 arte
1153 2149 1266 2194 dixit,
1297 2158 1333 2186 et
1359 2148 1428 2186 hos
1449 2159 1649 2200 germanos
1674 2146 1750 2183 hu-

348 2217 414 2268 jus
447 2217 535 2252 artis
558 2216 768 2266 magistros,
799 2215 874 2254 hoc
904 2215 1002 2254 mihi
1023 2215 1147 2253 visum
1166 2215 1217 2253 est
1237 2214 1430 2259 intereffe3
1462 2214 1566 2266 quod
1593 2213 1658 2250 ille
1688 2225 1749 2249 ca-

355 2281 444 2318 dem
466 2281 543 2317 acie
564 2281 719 2325 mentis,
753 2295 827 2333 qua
859 2295 986 2319 rerum
1006 2281 1187 2318 omnium
1212 2281 1292 2318 vim
1323 2289 1573 2331 naturamque
1594 2278 1749 2320 viderat,

354 2344 436 2384 haec
457 2359 612 2397 quoque
639 2345 821 2397 adspexit,
853 2360 938 2397 quae
971 2347 1016 2384 ad
1047 2346 1198 2384 dicendi
1225 2354 1359 2389 artem,
1391 2358 1508 2396 quam
1529 2343 1594 2380 ille
1625 2341 1749 2393 despi-

354 2412 493 2456 ciebat,
544 2411 810 2465 pertinebant:
860 2413 918 2451 illi
957 2422 1099 2457 autem,
1144 2412 1212 2464 qui
1250 2410 1324 2449 hoc
1372 2410 1497 2448 solum
1542 2407 1749 2455 colendum

351 2479 558 2523 ducebant,
589 2476 811 2517 habitarunt
841 2478 880 2517 in
912 2477 982 2516 hac
1015 2492 1090 2517 una
1120 2478 1263 2516 ratione
1284 2475 1487 2520 metanda,
1519 2487 1596 2512 non
1617 2471 1749 2510 eadem
