2176 2912
450 205 530 256 484
900 210 1404 254 TOPICA.

450 297 512 335 sed
543 297 696 337 dicendi
716 313 873 354 quoque
907 303 1126 343 incredibili
1157 307 1324 358 quadam
1346 304 1437 344 cum
1468 306 1592 360 copia,
1624 313 1711 346 tum
1737 306 1854 345 etiam

451 364 643 404 suavitate.
703 367 798 406 Non
818 371 927 422 potui
958 372 1077 424 igitur
1102 373 1173 411 tibi
1201 373 1332 426 saepius
1352 372 1428 412 hoc
1458 374 1623 426 roganti,
1653 382 1692 412 et
1723 382 1856 412 tamen

451 433 610 478 verenti,
643 447 690 471 ne
721 434 822 472 mihi
841 437 964 489 gravis
985 438 1089 484 effes,
1123 439 1252 491 (facile
1274 441 1380 478 enim
1400 441 1439 478 id
1470 441 1694 493 cernebam)
1710 440 1856 479 >debere

451 497 611 544 diutius,
647 513 694 537 ne
714 500 782 553 ipfi
807 502 905 553 juris
927 504 1125 556 interpreti
1147 505 1228 543 ficri
1259 506 1448 544 videretur
1482 507 1634 558 injuria.
1693 505 1855 544 Etenim

451 577 544 601 cum
567 573 610 602 tu
629 564 730 604 mihi
761 568 932 620 meisque
952 570 1076 607 multa
1097 571 1192 622 smpe
1212 572 1422 623 scripsisses,
1444 573 1584 609 veritus
1604 573 1703 617 sum,
1734 585 1796 617 ne,
1827 571 1856 610 fi
1898 560 1902 561 ⁷

451 643 522 682 ego
541 645 725 683 gravarer,
748 643 812 670 aut
833 635 1026 684 ingratum
1044 636 1096 679 id,
1111 646 1175 673 aut
1191 637 1398 688 superbum
1418 637 1624 675 videretur.
1657 637 1742 682 Sed,
1758 637 1856 675 dum

451 695 599 735 fuimus
621 697 709 742 unzi,
743 708 783 736 tu
805 701 976 752 optimus
1011 714 1048 739 es
1071 701 1187 747 testis,
1217 716 1333 755 quam
1354 702 1495 741 fuerim
1514 712 1739 757 occupatus.
1797 704 1858 741 Ut

451 772 581 801 autem
614 777 634 801 a
671 773 707 801 te
737 764 897 810 disceffi,
926 767 968 804 in
990 767 1183 806 Graeciam
1216 769 1476 821 proficiscens,
1506 768 1597 808 cum
1624 769 1739 822 opera
1769 768 1858 807 mea

452 842 522 867 nec
549 830 772 883 respublica,
814 845 886 870 nec
916 834 1033 872 amici
1072 844 1283 881 uterentur,
1325 849 1396 874 nec
1436 835 1593 875 honeste
1622 837 1722 875 inter
1752 848 1857 874 arma

451 895 586 933 versari
605 896 765 949 possem,
797 911 844 936 ne
865 899 890 936 fi
923 908 1008 938 tuto
1027 900 1068 938 id
1088 901 1248 953 quidem
1278 901 1378 939 mihi
1406 902 1565 947 liceret;
1598 911 1641 940 ut
1659 902 1748 940 veni
1773 903 1856 940 Ve-

452 961 560 1006 liam,
593 971 747 1015 tuaque,
782 973 821 1002 et
852 974 936 1003 tuos
958 966 1050 1011 vidi,
1082 967 1302 1005 admonitus
1335 967 1451 1020 hujus
1483 969 1565 1006 aeris
1593 969 1721 1013 alieni,
1746 967 1857 1007 nolui

453 1027 571 1066 deeffe
592 1042 639 1066 ne
660 1031 782 1068 tacitae
795 1031 955 1082 quidem
972 1032 1200 1085 flagitationi
1221 1043 1307 1072 tuae.
1330 1035 1464 1086 Itaque
1477 1033 1572 1080 haec,
1587 1048 1681 1072 cum
1698 1048 1858 1074 mecum

451 1094 570 1132 libros
591 1109 669 1134 non
689 1094 884 1142 haberem,
913 1099 1102 1136 memoria
1122 1100 1293 1152 repetita,
1325 1101 1365 1138 in
1392 1100 1471 1152 ipsa
1490 1100 1731 1153 navigatione
1759 1114 1857 1139 con-

452 1160 593 1214 scripsi,
625 1161 776 1214 tibique
796 1176 843 1201 ex
862 1163 998 1202 itinere
1018 1164 1131 1210 mifi3
1164 1174 1208 1204 ut
1238 1166 1325 1204 mea
1353 1165 1556 1219 diligentia
1586 1166 1860 1205 mandatorum

453 1236 625 1273 tuorum,
661 1237 699 1266 te
730 1242 899 1282 quoque,
941 1231 1006 1269 etfi
1037 1232 1279 1270 admonitore
1310 1247 1386 1271 non
1417 1246 1518 1286 eges,
1549 1232 1596 1270 ad
1626 1233 1860 1272 memoriam

453 1293 664 1333 nostrarum
695 1309 823 1334 rerum
854 1298 1076 1338 excitarem.
1137 1299 1208 1338 Sed
1231 1300 1315 1352 jam
1342 1309 1497 1353 tempus
1518 1299 1572 1339 est
1602 1299 1721 1345 adid,
1752 1299 1859 1354 quod

450 1360 703 1407 instituimus,
725 1364 916 1403 accedere.

507 1428 560 1466 II.
594 1429 701 1467 Cum
721 1430 850 1469 omnis
882 1431 978 1470 ratio
1011 1432 1177 1486 diligens
1208 1433 1408 1473 differendi
1439 1433 1530 1472 duas
1560 1432 1699 1471 habeat
1718 1441 1861 1487 partes,

449 1506 570 1531 unam
590 1493 826 1542 inveniendi,
843 1497 1002 1536 alteram
1016 1499 1217 1551 judicandi
1229 1519 1242 1545 ,·
1265 1499 1463 1553 utriusque
1478 1493 1672 1553 princeps,
1694 1508 1738 1537 ut
1757 1497 1860 1538 mihi

450 1559 612 1611 quidem
631 1561 798 1607 videtur,
829 1564 1052 1602 Aristoteles
1072 1565 1163 1604 fuit.
1223 1566 1342 1604 Stoici
1363 1575 1493 1604 autem
1522 1567 1563 1604 in
1590 1566 1706 1604 altera
1725 1565 1857 1604 elabo-

451 1636 642 1665 raverunt.
666 1628 873 1679 Judicandi
893 1630 1000 1668 enim
1019 1631 1098 1669 vias
1118 1631 1323 1684 diligenter
1342 1631 1528 1684 persecuti
1548 1631 1648 1676 sunt,
1671 1631 1714 1669 ea
1732 1631 1858 1670 scien-

451 1695 519 1740 tia,
550 1709 670 1747 quam
699 1696 924 1735 Dialeffl‘icen
954 1698 1161 1750 appellant.
1221 1699 1448 1736 Inveniendi
1478 1712 1566 1738 vero
1599 1708 1735 1744 artem,
1772 1712 1860 1751 quae

451 1760 578 1815 ‘Topice
609 1761 765 1807 dicitur,
796 1776 958 1816 quaeque
991 1764 1037 1802 ad
1063 1764 1176 1802 usum
1201 1765 1330 1817 potior
1363 1773 1456 1810 erat,
1485 1774 1524 1803 et
1554 1765 1687 1803 ordine
1714 1773 1859 1803 naturae

451 1838 554 1867 certe
574 1829 692 1882 prior,
722 1837 852 1867 totum
885 1830 1137 1883 reliquerunt.
1198 1832 1283 1870 Nos
1303 1840 1448 1876 autem,
1480 1831 1665 1884 quoniam
1691 1832 1732 1869 in
1752 1839 1859 1869 utra-

450 1908 528 1947 que
546 1895 696 1937 summa
715 1894 861 1933 utilitas
878 1895 943 1941 est,
960 1906 997 1933 et
1019 1905 1237 1949 utramque,
1255 1896 1281 1935 fi
1301 1897 1373 1935 erit
1392 1897 1534 1943 otium,
1554 1897 1728 1950 persequi
1747 1897 1857 1949 cogi-

451 1971 594 2007 tamus,
614 1962 661 1999 ab
679 1975 737 2006 ea,
754 1976 838 2014 quae
859 1963 963 2015 prior
979 1963 1046 2008 est,
1067 1963 1276 2002 ordiemur.

509 2031 567 2068 Ut
600 2030 719 2082 igitur
748 2043 879 2067 earum
906 2043 1048 2075 rerum,
1081 2044 1166 2083 quae
1190 2030 1419 2068 absconditae
1449 2029 1550 2074 sunt,
1585 2028 1857 2074 demonstrato,

453 2105 493 2135 et
526 2105 658 2133 notato
694 2093 793 2140 Ioco,
825 2094 948 2134 facilis
976 2096 1148 2134 inventio
1181 2095 1259 2140 est3
1302 2095 1367 2139 fic,
1398 2108 1490 2132 cum
1518 2093 1765 2146 pervestigare
1797 2107 1858 2131 ar-

454 2170 687 2214 gumentum
719 2161 878 2213 aliquod
909 2161 1104 2206 volumus,
1136 2162 1240 2199 locos
1268 2160 1369 2199 nosse
1399 2160 1599 2198 debemus.
1658 2160 1720 2198 Sic
1751 2160 1858 2198 enim

454 2228 648 2281 appellatae
669 2228 714 2265 ab
736 2227 940 2265 Aristotele
960 2227 1046 2265 sunt
1075 2227 1134 2266 hae
1161 2228 1263 2280 quafi
1284 2227 1400 2272 sedes,
1422 2241 1442 2264 e
1463 2227 1605 2279 quibus
1634 2235 1861 2279 argumenta

454 2303 699 2348 promuntur.
760 2295 895 2346 Itaque
931 2294 1022 2332 licet
1061 2284 1256 2339 definire,
1283 2296 1420 2334 Locum
1446 2294 1517 2332 effe
1549 2293 1767 2346 argumenti
1801 2291 1858 2331 se-

455 2360 543 2398 dem
561 2378 574 2405 3
619 2361 888 2413 Argumentum
922 2369 1064 2405 autern,
1110 2360 1327 2405 rationem,
1372 2374 1457 2412 quae
1493 2360 1546 2398 rei
1580 2360 1707 2398 dubiae
1745 2358 1860 2398 faciat

455 2426 586 2465 fidem.

510 2493 582 2531 Sed
613 2506 659 2531 ex
680 2492 740 2531 his
770 2492 880 2538 locis,
911 2493 950 2531 in
981 2493 1122 2545 quibus
1157 2501 1382 2546 argumenta
1415 2492 1562 2531 inclusa
1590 2492 1691 2537 sunt,
1724 2491 1789 2529 alii
1816 2491 1859 2529 in

454 2572 500 2598 eo
518 2559 611 2612 ipso,
633 2560 680 2598 de
700 2573 779 2612 quo
799 2560 937 2613 agitur,
959 2559 1103 2598 haercnt
1118 2578 1130 2606 3
1162 2560 1226 2598 alii
1246 2559 1486 2599 assumuntur
1505 2559 1752 2598 extrinsecus.
1810 2558 1858 2596 In
