2176 2912
428 231 507 272 324
782 217 899 256 DE
977 215 1485 256 ORATORE

425 311 590 363 insignes
610 309 862 363 percuffiones
882 324 1017 348 eorum
1037 323 1303 354 numerorum,
1323 318 1361 346 et
1379 307 1522 346 minuti
1542 306 1668 360 pedes.
1702 307 1831 358 Qare

427 377 603 429 primum
623 376 669 414 ad
693 375 857 414 heroum
888 391 956 414 nos
978 376 1130 427 dactyli,
1153 385 1191 413 et
1219 375 1406 428 anapaesti,
1440 383 1477 411 et
1508 373 1663 426 spondei
1693 373 1831 425 pedem

429 443 593 487 invitat;
624 444 665 480 in
687 456 764 494 quo
792 444 951 495 impune
980 442 1158 495 progredi
1178 441 1270 478 licet
1289 441 1367 479 duo
1393 440 1578 478 duntaxat
1610 439 1737 492 pedes,
1768 447 1834 476 aut

429 508 544 561 paulo
559 509 660 561 plus,
680 522 728 546 ne
740 509 852 560 plane
872 509 911 546 in
936 508 1099 552 versum,
1120 516 1185 544 aut
1205 506 1499 544 fimilitudinem
1520 505 1710 549 versuum,
1732 503 1832 541 inci-
1854 536 1858 537 γ

431 574 580 612 damus.
612 574 711 611 Aliae
731 574 817 611 sunt
837 574 1015 624 geminae,
1044 573 1185 624 quibus
1205 571 1248 609 hi
1269 581 1342 609 tres
1362 571 1470 608 heroi
1491 571 1604 622 pedes
1626 571 1664 607 in
1686 569 1833 622 princi-

431 639 493 691 pia
513 639 865 676 continuandorum
885 638 1092 674 verborum
1113 636 1198 673 satis
1219 635 1353 673 decore
1374 636 1530 672 cadunt.

497 703 687 741 Probatur
708 711 838 740 autem
859 703 905 739 ab
925 701 1064 738 eodem
1083 700 1152 737 1110
1175 701 1344 737 maxime
1364 713 1487 752 paeon,
1516 698 1584 750 qui
1604 699 1657 736 est
1676 697 1833 750 duplex.

425 770 534 809 Nam
552 779 617 807 aut
636 782 655 806 a
674 768 789 820 longa
808 768 943 811 oritur,
974 780 1091 819 quam
1112 775 1185 804 tres
1206 766 1336 804 breves
1356 765 1657 816 consequuntur,
1686 774 1729 802 ut
1748 762 1831 802 haec

433 836 560 880 verba,
591 835 743 885 definite,
766 834 923 886 incipite,
955 833 1198 886 εοπφνίυήίες
1231 841 1296 870 aut
1327 846 1348 869 a
1367 832 1544 870 brevibus
1565 831 1744 884 deinceps
1766 830 1836 868 tri-

434 902 521 946 bus,
554 910 725 938 extrema
756 900 953 952 producta,
984 908 1098 950 atque
1120 898 1246 950 longa,
1278 898 1372 935 ficut
1392 897 1458 935 illa
1477 898 1578 942 sunt,
1613 896 1836 941 domuerant,

420 965 616 1021 sonipedes.
659 968 791 1017 Atque
812 965 871 1002 illi
892 962 1128 1016 Philosopho
1154 964 1271 1001 ordiri
1291 964 1416 1016 placet
1435 977 1456 1000 a
1475 963 1663 1015 superiore
1691 975 1837 1015 paeone‚

436 1034 638 1087 posteriore
669 1031 792 1069 finire.
836 1031 903 1069 Est
924 1040 1053 1068 autem
1073 1044 1182 1082 paeon
1212 1029 1278 1068 hic
1309 1029 1490 1083 posterior
1510 1042 1587 1066 non
1608 1028 1838 1080 syllabarum

437 1113 614 1144 numero,
633 1098 695 1136 sed
716 1098 865 1136 aurium
881 1097 1184 1148 mensura‚quod
1204 1096 1257 1134 est
1273 1097 1395 1134 acrius
1410 1095 1607 1148 judicium
1626 1104 1663 1133 et
1682 1094 1837 1139 certius,

437 1180 504 1220 par
522 1165 601 1204 fere
623 1164 792 1209 Cretico,
815 1165 881 1217 qui
902 1163 954 1201 est
969 1177 1016 1201 ex
1036 1162 1163 1214 longa,
1185 1171 1222 1199 et
1242 1162 1362 1207 brevi,
1384 1170 1422 1199 et
1443 1161 1584 1213 longa;
1616 1169 1673 1205 ut,

575 1229 677 1282 Qcid
684 1239 806 1282 petam
820 1229 990 1282 fflaestdsi,
1021 1237 1088 1266 aut
1108 1228 1276 1280 ezstquar
1292 1227 1311 1266 ?
1341 1241 1453 1280 quove
1471 1240 1566 1264 nunc
1578 1227 1598 1266 ἓ

438 1299 475 1337 Α
506 1310 583 1349 quo
614 1309 777 1334 numero
809 1294 962 1333 exorsus
996 1293 1048 1331 est
1082 1293 1266 1339 Fannius,
1309 1293 1361 1338 Si,
1386 1292 1560 1344 Qcirites,
1591 1292 1704 1330 minas
1731 1291 1836 1330 illius,

439 1364 561 1401 Hunc
582 1362 648 1400 ille
678 1361 856 1400 clausulis
887 1360 1074 1413 aptiorem
1095 1368 1218 1413 putat,
1250 1373 1342 1412 quas
1364 1359 1447 1399 vult
1478 1358 1593 1412 longa
1611 1358 1841 1412 plerumque

439 1429 580 1481 syllaba
601 1428 812 1467 terminari.

493 1495 685 1533 XLVIII.
722 1495 864 1546 Neque
894 1508 982 1531 vero
1001 1493 1082 1532 haec
1116 1503 1196 1532 tam
1215 1507 1339 1532 acrem
1361 1507 1492 1532 curam
1525 1490 1842 1544 diligentiamque

438 1560 661 1603 defiderant‚
684 1573 800 1611 quam
821 1559 872 1596 est
889 1559 956 1596 illa
974 1569 1174 1611 poetarum
1191 1578 1202 1603 3
1235 1573 1330 1611 quos
1353 1559 1544 1597 neceffitas
1565 1557 1683 1609 cogit,
1715 1565 1752 1593 et
1772 1554 1840 1607 ipfi

438 1626 592 1667 numeri
612 1639 653 1663 ac
676 1625 796 1669 modi,
819 1624 867 1662 fic
887 1625 1000 1662 verba
1018 1625 1124 1662 versu
1146 1625 1353 1670 includere,
1376 1634 1419 1662 ut
1440 1623 1537 1661 nihil
1557 1623 1615 1668 fit,
1638 1635 1684 1660 ne
1706 1621 1841 1674 spiritu

440 1693 600 1746 quidem
622 1691 802 1735 minimo,
822 1690 988 1735 brevius,
1005 1700 1070 1728 aut
1083 1690 1250 1743 longius,
1268 1705 1385 1743 quam
1406 1689 1547 1728 necesse
1567 1688 1632 1726 est.
1666 1687 1843 1725 Liberior

438 1758 491 1797 est
510 1758 644 1803 oratio,
666 1767 704 1795 et
723 1757 848 1810 plane,
882 1766 925 1794 ut
945 1756 1100 1801 dicitur,
1134 1757 1182 1794 fic
1203 1766 1240 1794 et
1260 1757 1312 1794 est
1333 1770 1417 1794 vere
1437 1756 1582 1800 soluta,
1615 1767 1691 1791 non
1712 1762 1755 1791 ut
1775 1751 1841 1790 fu-

438 1825 518 1876 giat
538 1833 680 1868 tamen,
717 1833 781 1860 aut
811 1832 920 1867 erret,
953 1822 1013 1859 sed
1045 1832 1086 1860 ut
1108 1822 1182 1859 fine
1203 1823 1367 1861 vinculis
1402 1822 1471 1860 fibi
1500 1821 1578 1873 ipsa
1608 1819 1839 1857 moderetur.

440 1890 623 1941 Namque
657 1903 729 1941 ego
749 1889 846 1926 illud
881 1888 1055 1926 assentior
1075 1887 1358 1941 Theophrasto,
1389 1888 1457 1940 qui
1483 1896 1592 1940 putat
1613 1886 1842 1929 orationem,

440 1969 525 2006 quat
545 1955 703 2007 quidem
720 1955 764 1992 fit
784 1955 903 2007 polita
920 1962 1033 2006 atque
1050 1953 1146 1991 faeta
1161 1954 1464 2006 quodammodo,
1483 1967 1559 1990 non
1580 1952 1763 1994 adsta-ste,
1781 1950 1841 1987 sed

441 2022 501 2059 sed
522 2021 707 2058 remiffius
724 2021 965 2060 numerosam
985 2019 1055 2058 effe
1075 2030 1262 2072 oportere.
1287 2020 1460 2062 Etenim,
1476 2018 1569 2055 ficut
1591 2018 1655 2054 ille
1676 2016 1842 2068 suspica-

441 2096 515 2132 tur,
531 2101 576 2125 ex
597 2088 673 2125 illis
690 2088 830 2131 modis,
853 2087 993 2138 quibus
1012 2085 1077 2123 hic
1100 2086 1253 2124 usitatus
1275 2085 1397 2123 versus
1427 2084 1606 2128 efficitur,
1639 2083 1720 2135 post
1751 2096 1840 2120 ana-

441 2152 590 2204 paestus‚
612 2153 804 2204 procerior
824 2152 982 2203 quidam
1010 2165 1206 2195 numerus,
1240 2150 1435 2193 effloruit;
1468 2149 1555 2186 inde
1582 2149 1647 2186 ille
1667 2148 1843 2186 licentior

439 2226 478 2255 et
498 2217 652 2254 divitior
683 2217 795 2254 fluxit
827 2215 1110 2267 dithyrambus,
1142 2217 1250 2267 cujus
1283 2215 1470 2259 membra,
1503 2224 1539 2251 et
1561 2214 1686 2266 pcdeS,
1720 2223 1762 2251 ut
1792 2214 1843 2250 ait

440 2283 560 2327 idem,
578 2283 664 2320 sunt
685 2283 724 2319 in
744 2283 851 2320 omni
872 2282 1055 2334 locupleti
1071 2282 1239 2319 oratione
1255 2281 1402 2319 diffusa.
1448 2282 1513 2325 Et,
1548 2281 1571 2318 11
1594 2280 1843 2318 numerosum

439 2349 491 2387 est
511 2349 550 2387 id
566 2349 606 2386 in
626 2348 807 2386 omnibus
838 2347 936 2385 sonis
958 2356 1071 2398 atque
1099 2347 1271 2392 vocibus,
1292 2347 1395 2399 quod
1417 2346 1532 2384 habet
1553 2346 1734 2398 quasdam
1764 2347 1842 2383 im·-

440 2413 656 2467 presfioncs,
690 2423 726 2450 et
757 2413 859 2465 quod
881 2414 1008 2451 metiri
1041 2412 1237 2465 possumus
1259 2413 1467 2450 intervallis
1489 2412 1713 2464 (equalibus,
1745 2412 1843 2448 reste

437 2493 558 2534 genus
577 2480 652 2519 hoc
675 2494 939 2525 numerorum,
961 2479 1175 2518 dummodo
1193 2492 1240 2517 ne
1256 2480 1487 2517 continuum
1516 2479 1573 2524 sit,
1595 2479 1635 2516 in
1661 2477 1842 2516 orationis
