2176 2912
450 203 525 241 262
803 200 916 239 DE
995 200 1499 239 ORATORE

446 294 586 346 quibus
607 301 890 346 permoventur,
922 293 998 331 vidi
1030 302 1143 345 atque
1176 295 1364 346 cognovi,
1397 303 1481 332 tum
1509 293 1712 338 constituo,
1748 294 1842 346 quid

445 360 582 398 habeat
602 373 762 412 quaeque
782 360 888 397 causa
908 360 1012 404 boni,
1035 360 1130 412 quid
1151 361 1256 398 mali.
1288 360 1410 398 Nulla
1426 361 1530 398 enim
1548 359 1624 397 fere
1645 374 1700 398 res
1722 361 1842 412 potest

446 427 485 464 in
518 426 667 463 dicendi
703 425 1029 478 disceptationem,
1066 435 1130 463 aut
1164 426 1455 464 controversiam
1475 427 1614 471 vocari,
1647 440 1730 478 quae
1765 440 1842 465 non

446 491 582 530 habeat
600 501 808 543 utrumque
826 507 834 529 :
867 491 928 528 sed
949 500 1138 543 quantum
1156 491 1305 535 habeat,
1337 492 1377 529 id
1398 491 1525 529 refert.

502 559 594 595 Mea
614 567 741 595 autem
768 558 862 594 ratio
893 558 931 595 in
954 557 1116 594 dicendo
1137 556 1218 594 haec
1238 557 1307 594 effe
1328 556 1433 601 solet,
1462 567 1518 601 ut,
1540 558 1632 595 boni
1653 558 1756 609 quod
1771 556 1841 594 ha-
1872 548 1876 549 ⁷

449 623 548 668 beat,
594 624 632 660 id
664 623 880 674 amplectar,
917 636 1113 666 exornem,
1146 635 1371 673 exaggerem
1389 640 1399 665 ;
1443 622 1497 659 ibi
1528 636 1757 667 commorer,
1789 623 1844 659 ibi

447 690 633 733 habitem,
667 689 720 726 ibi
741 687 901 726 haeream
920 703 928 725 2
952 702 972 725 a
985 688 1086 725 malo
1107 697 1235 725 autem
1257 688 1426 739 vitioque
1446 687 1562 725 causae
1583 688 1635 725 ita
1654 689 1841 731 recedam,

447 770 525 794 non
547 765 588 793 ut
610 755 647 792 id
669 768 731 791 me
752 753 931 806 defugere
951 762 1138 805 appareat,
1170 753 1231 790 sed
1261 762 1303 791 ut
1330 763 1457 791 totum
1485 754 1587 791 bono
1614 753 1682 791 illo
1702 767 1841 791 ornan-

447 822 510 866 do,
541 830 578 858 et
598 820 770 872 augendo
791 819 1069 857 diffimulatum
1089 819 1284 857 obruatur.
1323 820 1389 864 Et,
1421 819 1447 857 fi
1471 819 1578 857 causa
1597 819 1649 857 est
1671 820 1710 857 in
1730 833 1843 871 argu-

449 887 604 932 mentis,
636 886 847 924 firmiffima
878 899 1038 938 quaeque
1059 886 1228 923 maxime
1259 895 1380 930 tueor,
1412 885 1483 923 five
1503 886 1613 938 plura
1639 885 1739 930 sunt,
1770 885 1844 923 five

447 954 603 1006 aliquod
635 967 771 991 unum.
817 952 882 990 Sin
903 961 1030 989 autem
1065 952 1105 989 in
1135 952 1417 996 conciliatione,
1449 960 1512 989 aut
1539 953 1579 989 in
1606 952 1844 1004 permotione

448 1021 556 1059 causa
574 1020 649 1064 est;
672 1019 717 1056 ad
737 1032 820 1056 eam
836 1032 899 1056 me
918 1018 1158 1071 potiffimum
1179 1028 1339 1070 partem,
1371 1032 1454 1071 quae
1474 1018 1643 1056 maxime
1664 1032 1843 1057 commo-

448 1100 534 1126 vere
553 1087 700 1124 animos
721 1084 930 1123 hominum
950 1084 1083 1137 potest,
1105 1084 1275 1123 confero.

505 1156 664 1191 Summa
684 1152 848 1205 denique
868 1145 982 1203 hujus
1003 1151 1149 1202 generis
1170 1149 1251 1188 haec
1271 1150 1335 1194 est,
1360 1158 1416 1195 ut,
1445 1150 1470 1188 fi
1491 1150 1530 1187 in
1552 1149 1759 1188 refellendo
1777 1150 1845 1187 ad-

448 1219 607 1258 versario
635 1218 783 1256 firmior
812 1216 881 1254 effe
902 1217 1035 1260 oratio,
1067 1230 1183 1268 quam
1204 1217 1243 1253 in
1265 1215 1537 1254 confirmandis
1564 1216 1698 1253 nostris
1719 1216 1844 1260 rebuS,

448 1285 583 1338 potest,
605 1285 735 1322 omnia
768 1285 807 1321 in
839 1283 954 1321 illum
985 1281 1180 1320 conferam
1201 1282 1288 1320 tela.
1348 1282 1413 1320 Sin
1444 1282 1567 1320 nostra
1585 1281 1734 1320 facilius
1755 1296 1845 1334 pro-

449 1351 543 1395 bari,
575 1364 690 1402 quam
712 1349 777 1387 illa
807 1349 993 1401 redargui,
1024 1347 1189 1401 poffunt,
1220 1348 1406 1386 abducere
1437 1348 1585 1386 animos
1620 1362 1640 1386 a
1659 1348 1846 1386 contraria

448 1416 678 1461 defenfione,
709 1425 747 1453 et
767 1415 813 1453 ad
833 1415 998 1453 nostram
1018 1428 1136 1452 conor
1157 1415 1361 1452 traducere.

506 1484 599 1521 Duo
618 1482 784 1533 denique
813 1481 893 1526 illa,
915 1496 999 1533 quae
1019 1480 1205 1518 facillima
1225 1481 1413 1525 videntur,
1439 1481 1641 1532 (quoniam
1661 1493 1745 1531 quae
1766 1478 1844 1517 dif-

424 1566 431 1570 -
451 1548 611 1586 ficiliora
627 1546 726 1590 sunt,
754 1560 831 1583 non
853 1546 1036 1598 pofl'um‚)
1060 1544 1158 1582 mihi
1178 1559 1248 1597 pro
1268 1559 1354 1583 meo
1369 1547 1455 1597 jure
1475 1545 1598 1584 sumo.
1633 1546 1783 1590 Unum,
1802 1554 1846 1583 ut

451 1614 611 1652 molesto
631 1622 694 1650 aut
715 1612 863 1650 difficili
895 1620 1134 1664 argumentO,
1170 1620 1234 1648 aut
1264 1611 1351 1649 loco
1382 1625 1660 1663 nonnunquam
1685 1612 1847 1650 omnino

451 1679 551 1718 nihil
573 1679 842 1731 respondea1n3
867 1678 971 1730 quod
991 1677 1144 1715 forsitan
1166 1677 1301 1730 aliquis
1316 1678 1402 1729 jure
1422 1677 1574 1715 irriserit
1593 1693 1601 1716 :
1634 1678 1720 1729 quis
1740 1678 1846 1715 enim

451 1747 517 1791 est,
549 1746 615 1798 qui
636 1746 674 1783 id
695 1744 816 1782 facere
837 1758 912 1782 non
934 1744 1072 1796 possit?
1105 1743 1165 1781 sed
1186 1753 1314 1781 tamen
1340 1758 1410 1796 ego
1437 1744 1482 1781 de
1514 1757 1598 1781 mea
1617 1758 1734 1788 nunc,
1766 1757 1845 1781 non

452 1812 498 1850 de
531 1811 694 1848 aliorum
722 1809 914 1853 facultate,
944 1809 1094 1861 disputo
1108 1827 1118 1853 ς
1151 1809 1411 1861 confiteorque
1431 1822 1508 1853 me,
1540 1809 1565 1846 fi
1587 1823 1671 1861 quae
1698 1818 1846 1861 premat

452 1892 508 1915 res
529 1877 805 1921 vehementius,
837 1877 889 1913 ita
919 1876 1048 1913 cedere
1082 1876 1210 1920 solere,
1242 1885 1284 1913 ut
1316 1890 1391 1913 non
1427 1875 1544 1913 modo
1579 1889 1655 1913 non
1686 1876 1845 1927 abjectO,

452 1944 512 1981 sed
534 1958 579 1981 ne
596 1932 736 1995 'rejecto
757 1943 916 1995 quidem
945 1943 1065 1986 scuto,
1098 1941 1227 1994 fugere
1247 1942 1400 1986 videar3
1434 1942 1492 1979 sed
1523 1940 1701 1978 adhibere
1722 1955 1844 1993 quan-

453 2010 539 2048 dam
561 2011 599 2047 in
621 2009 783 2047 dicendo
811 2009 976 2061 speciem
1005 2018 1118 2059 atque
1139 2022 1336 2060 pompam,
1367 2017 1404 2044 et
1431 2020 1568 2059 pugnae
1590 2006 1753 2044 similem
1780 2005 1845 2043 fu-

452 2088 540 2126 gam
558 2090 565 2111 :
599 2075 794 2112 consistere
814 2087 901 2111 vero
921 2074 960 2111 in
992 2087 1078 2111 meo
1097 2073 1267 2124 praesidio
1286 2072 1349 2116 s1c,
1382 2081 1423 2109 ut
1458 2084 1533 2108 non
1562 2070 1735 2122 fugiendi
1756 2070 1846 2109 hos-

453 2141 515 2184 tis,
546 2140 606 2177 sed
638 2139 811 2191 capiendi
830 2139 907 2177 loci
936 2139 1055 2182 causa,
1090 2137 1226 2175 ccffiss‘e
1255 2137 1392 2175 videar.
1452 2136 1633 2174 Alterum
1652 2136 1703 2174 cst
1733 2137 1844 2181 illud,

452 2206 556 2258 quod
576 2219 646 2257 ego
665 2205 802 2242 oratori
820 2204 990 2242 maxime
1009 2203 1220 2241 cavendum
1238 2213 1274 2240 et
1292 2202 1569 2256 providendum
1590 2212 1699 2254 puto,
1718 2203 1844 2254 quod-

453 2287 527 2325 que
547 2285 609 2309 me
629 2270 829 2308 sollicitare
849 2271 998 2308 summe
1018 2270 1109 2308 solet
1126 2288 1137 2314 ς
1170 2284 1245 2307 non
1265 2279 1356 2314 tam,
1388 2279 1430 2307 ut
1450 2269 1590 2321 prosim
1615 2269 1745 2313 causis,
1767 2269 1844 2306 ela-

453 2339 583 2376 borare
604 2336 716 2380 soleo,
736 2349 852 2387 quam
874 2346 916 2373 ut
937 2350 982 2373 ne
1002 2336 1096 2388 quid
1116 2335 1262 2373 obfim:
1287 2349 1363 2373 non
1385 2335 1479 2387 quin
1497 2335 1720 2372 enitendum
1741 2335 1785 2372 fit
1804 2335 1844 2374 in

454 2414 641 2455 utroque;
660 2402 719 2440 sed
741 2411 867 2439 tamen
890 2402 1016 2440 multo
1031 2401 1083 2441 est
1106 2402 1252 2455 turpius
1272 2402 1409 2440 oratori
1429 2399 1595 2440 nocuisse
1614 2400 1733 2439 videri
1752 2413 1844 2439 cau·

452 2469 513 2514 sas,
544 2482 661 2522 quam
681 2481 758 2506 non
779 2466 970 2521 profuisse.
