2176 2912
382 184 460 223 544
694 168 784 206 DE
833 166 1123 205 OPTIMO
1170 165 1471 204 GENERE

434 263 507 300 Vl.
541 262 670 312 Qare
692 261 716 299 fi
738 261 824 313 quis
845 261 930 305 erit,
963 260 1031 312 qui
1061 259 1314 311 Thucydidio
1334 272 1470 312 genere
1490 257 1615 296 causas
1642 257 1683 296 in
1703 256 1789 296 foro

379 329 574 367 disturum
594 327 629 365 se
650 327 720 365 effe
741 326 978 379 profiteatur,
1011 327 1042 364 is
1062 325 1263 364 abhorreat
1283 327 1400 363 etiam
1421 339 1441 362 a
1461 324 1672 377 suspicione
1692 325 1787 376 ejus,

380 409 465 447 quae
487 393 651 431 versatur
681 393 721 430 in
752 405 792 429 re
823 392 929 429 civili
950 401 988 429 et
1008 390 1144 429 forenli
1165 407 1172 429 :
1207 391 1275 443 qui
1296 390 1574 442 Thucydidem
1605 389 1788 433 laudavit,

379 460 564 499 adscribat
586 459 656 498 suae
679 458 844 497 nostram
864 458 1106 496 sententiam.
1140 460 1249 509 Qin
1271 457 1398 510 ipsum
1419 456 1637 500 Isocratem,
1670 469 1790 508 quem

380 527 533 565 divinus
565 528 695 565 auctor
716 525 825 567 Plato
852 525 964 563 suum
984 524 1063 562 fere
1085 525 1272 576 aequalem
1306 523 1582 561 admirabiliter
1613 523 1653 560 in
1676 521 1789 560 Phae-
1851 537 1854 539 ’

381 595 449 631 dro
471 593 612 631 laudari
634 591 727 629 fecit
747 606 767 628 a
788 593 953 634 Socrate,
984 604 1181 642 quemque
1197 603 1330 627 omnes
1351 589 1454 627 doeti
1475 588 1674 626 summum
1704 601 1789 626 ora-

381 669 506 697 torem
527 658 596 696 effe
615 658 824 700 dixerunt5
858 665 987 694 tamen
1007 655 1112 694 hunc
1134 656 1174 694 in
1196 669 1358 693 numero
1379 668 1455 693 non
1478 668 1635 706 repon0.
1695 654 1790 692 Non

381 727 487 763 enim
508 725 547 761 in
568 724 647 760 acie
666 722 844 766 versatur,
866 731 904 759 et
925 721 1027 759 ferro
1042 740 1054 766 3
1076 721 1136 760 sed
1157 721 1260 774 quali
1282 721 1442 759 rudibus
1464 721 1545 772 ejus
1566 719 1689 757 eludit
1705 733 1790 757 ora-

384 792 452 829 tio.
492 791 528 827 A
550 802 611 827 me
633 797 761 826 autem
785 789 846 840 (ut
866 801 960 826 cum
980 788 1161 826 maximis
1179 787 1344 825 minima
1363 785 1577 838 conferam)
1601 785 1790 838 gladiato-

383 871 470 895 rum
492 869 557 909 par
578 854 859 893 nobiliffimum
879 854 1091 892 inducitur.
1135 852 1350 899 AEscffines,
1374 863 1560 905 tanquam
1580 852 1792 906 AEfirninus

382 925 446 975 (ut
466 924 517 961 ait
539 921 734 974 Lucilius)
767 935 844 959 non
852 921 1013 974 spurcus
1032 921 1142 965 homo,
1164 920 1228 959 sed
1248 920 1381 958 doctus
1402 929 1440 957 et
1459 932 1557 963 acer,

522 990 612 1027 Cum
633 987 830 1026 Pacidiano
850 988 908 1026 hic
927 988 1161 1040 componitur,
1192 987 1337 1040 optimu'
1358 987 1458 1040 longe

521 1054 603 1108 Post
622 1054 773 1092 homines
790 1064 906 1092 natos.

382 1121 500 1162 Nihil
521 1122 626 1159 enim
647 1121 716 1158 illo
735 1130 882 1158 oratore
902 1120 1064 1158 arbitror
1083 1119 1244 1172 cogitari
1264 1118 1365 1172 posse
1385 1117 1570 1157 divinius.

439 1188 549 1227 Huic
581 1187 702 1225 labori
734 1186 860 1225 nostro
891 1187 968 1225 duo
998 1200 1135 1240 genera
1164 1185 1482 1239 reprehensorum
1514 1190 1791 1237 opponuntur:

385 1269 511 1293 unum
541 1254 632 1299 hoc,
674 1251 822 1291 Verum
855 1253 994 1292 melius
1030 1253 1173 1292 Graeci.
1233 1253 1270 1291 A
1304 1265 1384 1304 quo
1414 1260 1617 1304 quaeratur,
1653 1248 1796 1302 ecquid

384 1321 522 1376 possint
542 1321 610 1373 ipfi
645 1319 785 1358 melius
810 1320 961 1357 Latine.
1021 1319 1217 1364 Alterum,
1241 1318 1350 1371 Qid
1381 1318 1466 1356 istas
1489 1317 1617 1371 potius
1650 1315 1792 1368 legam,

382 1401 503 1440 quarn
525 1388 694 1426 Graecas.
759 1386 845 1425 Nec
867 1385 1185 1424 Andromacham
1214 1386 1348 1438 igitur,
1381 1393 1446 1422 aut
1472 1384 1701 1437 Antiopam,
1729 1390 1796 1420 aut

384 1455 583 1507 Epigonos
620 1453 777 1492 Latinos
827 1453 1026 1505 recipiant.
1087 1452 1159 1490 Sed
1194 1462 1324 1490 tamen
1356 1451 1549 1495 Ennium,
1593 1458 1631 1488 et
1669 1450 1795 1487 Pacu-

384 1521 508 1565 vium,
531 1528 570 1557 et
589 1520 758 1557 Accium
778 1519 922 1570 potiuS‚
940 1532 1057 1570 quam
1079 1518 1308 1570 Euripidem
1329 1526 1367 1556 et
1388 1516 1623 1570 Sophoclem
1642 1516 1793 1568 legunt.

387 1585 511 1625 Iidem
550 1584 754 1629 Andriam,
790 1593 828 1621 et
865 1583 1109 1636 Synephebos
1128 1599 1137 1622 ε
1189 1597 1259 1622 nec
1299 1583 1429 1621 minus
1464 1582 1712 1626 Terentium,
1757 1589 1796 1618 et

387 1652 608 1696 Caecilium,
640 1665 758 1703 quam
789 1651 1053 1688 Menandrum
1085 1651 1232 1702 legunt.
1294 1650 1412 1701 Qod
1433 1650 1552 1702 igitur
1572 1648 1625 1686 est
1644 1661 1794 1693 eorum,

387 1719 427 1756 in
449 1717 686 1755 orationibus
707 1730 727 1754 e
749 1717 886 1755 Graeco
912 1716 1113 1761 convenis,
1147 1715 1359 1760 fastidium,
1381 1715 1538 1754 nullum
1564 1727 1657 1752 cum
1690 1713 1734 1751 fit
1754 1713 1797 1751 in

388 1784 553 1822 versibus
571 1785 583 1821 ?

442 1851 536 1888 VII.
570 1850 642 1889 Sed
662 1849 928 1902 aggrediamur
942 1851 1025 1902 jam
1046 1849 1151 1902 quod
1171 1848 1418 1903 suscepimus,
1437 1848 1462 1886 fi
1484 1848 1588 1902 prius
1609 1845 1796 1900 exposue-

389 1917 524 1961 rimus,
557 1931 642 1969 quae
668 1916 776 1954 causa
795 1917 835 1954 in
859 1916 1057 1968 judicium
1076 1915 1236 1954 dedueta
1256 1916 1313 1954 fit.
1353 1916 1458 1953 Cum
1478 1914 1565 1952 effet
1585 1914 1646 1952 lex
1667 1912 1796 1952 Athe-

389 1985 462 2028 nis,
504 1985 565 2022 Ne
598 1983 675 2036 quis
701 1983 828 2035 populi
841 1983 979 2036 stitum
998 1983 1179 2035 faceret,
1195 1991 1237 2021 ut
1275 1983 1455 2036 quffquam
1488 1980 1618 2020 corona?
1644 1979 1796 2018 donare-

388 2061 454 2089 tur
473 2051 509 2089 in
527 2050 741 2103 magistratu
755 2050 874 2103 prius,
891 2065 995 2104 quam
1015 2050 1171 2089 rationes
1189 2049 1359 2103 retulgffi’t
1374 2065 1388 2088 .·
1419 2057 1456 2086 et
1474 2048 1589 2086 altera
1610 2047 1685 2092 lex,
1708 2048 1796 2092 Eos,

390 2117 454 2170 qui
483 2131 506 2155 a
532 2117 659 2168 populo
690 2115 926 2161 donarentur,
957 2117 994 2155 in
1028 2117 1186 2155 concione
1217 2115 1348 2154 donari
1372 2114 1494 2153 debere
1510 2130 1523 2152 .·
1554 2113 1618 2167 qui
1646 2128 1670 2151 a
1682 2115 1797 2167 fina-

391 2193 446 2228 tu,
478 2182 514 2220 in
530 2184 694 2236 analu:
728 2181 1007 2221 Demosthenes
1029 2192 1180 2221 curator
1210 2182 1332 2220 muris
1354 2181 1567 2220 reficiendis
1588 2180 1678 2225 fuit,
1713 2180 1797 2218 eos-

390 2263 466 2302 que
486 2248 618 2287 refecit
637 2248 801 2302 pecunia
821 2248 897 2288 sua.
958 2249 1019 2287 De
1039 2248 1115 2287 hoc
1150 2249 1268 2302 igitur
1289 2247 1500 2301 Ctefiphon
1527 2247 1667 2286 scitum
1688 2246 1797 2292 fecit,

392 2316 511 2354 nullis
539 2315 585 2354 ab
607 2315 686 2368 ipso
706 2315 917 2354 rationibus
939 2315 1077 2361 relatis,
1109 2324 1152 2353 ut
1173 2315 1313 2354 corona
1332 2315 1443 2353 aurea
1471 2315 1674 2353 donaretur
1690 2332 1702 2359 ;
1733 2327 1797 2352 ea-

391 2396 469 2435 que
498 2382 653 2420 donatio
688 2381 792 2420 fieret
826 2383 865 2420 in
910 2381 1071 2428 theatro,
1116 2382 1263 2436 populo
1296 2390 1507 2420 convocato
1522 2400 1534 2427 3
1581 2381 1649 2434 qui
1689 2380 1799 2419 locus

390 2462 470 2488 non
514 2448 567 2487 est
601 2448 799 2488 concionis
834 2448 1018 2502 legitimae
1041 2463 1051 2487 ε
1098 2457 1214 2502 atque
1257 2448 1309 2487 ita
1345 2447 1626 2501 praedicaretur,
1672 2447 1705 2485 E
1722 2457 1795 2484 UM
