2176 2912
361 230 413 268 14
772 216 1175 255 CODICES
1259 216 1387 256 MSS.

354 353 370 386 ρ
389 330 508 370 Mert.
585 328 720 368 Codex
748 329 841 367 alter
871 331 1085 368 membran.
1118 329 1225 374 folio,
1256 331 1425 382 ejusdem
1447 328 1628 381 Collegii,
1660 329 1699 367 in
1722 329 1797 369 Ca-

519 390 584 429 tal.
609 390 719 428 Bodl.
738 394 832 442 776.
880 391 1228 442 ContinetTopica
1245 392 1441 429 Ciceronis
1463 404 1553 428 curn
1578 392 1796 428 Commen-

516 450 611 490 tario
643 450 809 494 Boethii,
841 450 991 502 scripta,
1024 460 1066 488 ut
1088 451 1249 495 videtur,
1281 461 1366 488 ante
1395 464 1510 488 annos
1545 452 1634 489 DC.
1685 450 1797 488 Defi-

518 521 617 550 nunt
638 511 748 548 verba
769 511 966 548 Ciceronis
991 512 1046 562 (p.
1066 524 1155 563 500.
1180 511 1205 549 l.
1223 512 1284 562 7.)
1316 511 1390 549 hoc
1413 512 1528 549 modo
1552 518 1578 534 “
1597 512 1810 559 auctoritas?

518 580 548 596 ⁴‘
569 572 763 623 quaeritur.
798 572 908 623 Usque
927 584 1046 622 genus
1067 571 1169 624 quod
1188 572 1349 609 refutare
1369 572 1564 609 interdum
1582 571 1714 608 veritas
1734 571 1799 607 vix

521 640 549 656 1‘
572 631 706 683 potest.
757 632 887 682 Hujus
918 632 1031 668 etiam
1063 632 1115 668 est
1145 632 1292 682 generis
1323 631 1423 669 fama
1452 632 1571 682 vulgi,
1602 631 1798 682 quoddam

520 701 548 716 “
570 691 834 729 multitudinis
857 691 1161 728 testimonium.’'
1185 695 1294 743 (501.
1313 693 1338 729 l.
1358 694 1414 744 5.)
1455 692 1600 729 Omnia
1617 691 1694 729 scil.
1714 704 1799 742 quan

519 752 704 791 intersunt
725 751 885 788 describi
906 751 1132 795 debuissent,
1163 752 1202 788 id
1224 752 1327 803 quod
1348 761 1451 803 patet
1471 752 1585 788 etiam
1608 765 1654 789 ex
1673 751 1798 788 Com-

518 813 718 851 mentario.
751 814 848 862 (Qae
869 821 997 849 autem
1018 810 1083 849 hic
1100 812 1234 849 desunt
1250 812 1398 864 supplet
1416 813 1694 863 Fragmentum
1712 812 1797 849 To-

519 875 696 925 picorum
718 873 756 910 in
784 873 918 909 eodem
941 872 1151 916 volumine,
1178 874 1287 924 cujus
1310 873 1434 924 prima
1455 872 1570 910 verba
1592 879 1620 896 “
1637 872 1798 911 Persona

518 934 672 972 autem’'
692 934 767 977 δῖε,
799 947 837 985 p.
861 946 951 984 500.
983 933 1010 969 l.
1031 946 1067 984 5.

351 1078 378 1100 σ-
397 1064 508 1116 Mag.
560 1061 696 1099 Codex
719 1060 933 1099 membran.
966 1063 1019 1108 4⁰.
1054 1059 1222 1111 Collegii
1240 1060 1283 1096 B.
1299 1059 1401 1098 Mar.
1419 1059 1639 1112 Magdalen.
1662 1060 1702 1098 in
1720 1061 1797 1098 Ca-

518 1123 584 1160 tal.
609 1122 720 1160 Bodl.
740 1121 861 1160 2161.
913 1120 1101 1158 Continet
1132 1120 1249 1158 libros
1283 1128 1309 1143 “
1329 1121 1390 1158 De
1414 1121 1612 1165 Amicitia,
1645 1122 1706 1159 De
1730 1122 1797 1158 Se-

518 1191 546 1208 “
569 1184 735 1226 nectute,
769 1181 999 1226 Paradoxa‚’'
1029 1190 1068 1219 et
1099 1187 1125 1204 “
1147 1181 1452 1219 Tusculanarum
1475 1181 1717 1231 questionum
1747 1181 1798 1218 li-
1835 1172 1838 1173 ⁷

517 1251 546 1268 “
570 1243 655 1281 bros
676 1242 889 1294 quinque.’'
934 1242 979 1279 In
1001 1242 1128 1294 primo
1149 1241 1266 1278 Tusc.
1291 1240 1435 1290 Qaest.
1459 1241 1559 1278 libro
1578 1241 1645 1293 qui
1667 1240 1797 1294 dispu-

516 1313 599 1342 tant
619 1303 904 1355 distinguuntur
925 1302 1043 1339 literis
1067 1302 1196 1339 “M‘’
1217 1309 1255 1338 et
1277 1307 1303 1324 “
1320 1301 1406 1339 D.'’
1437 1301 1476 1337 in
1505 1301 1660 1353 reliquis
1684 1300 1798 1339 nullae

517 1365 604 1402 sunt
623 1363 807 1415 ejusmodi
828 1363 958 1400 literae.
1006 1362 1193 1400 Set-ibitur
1213 1370 1342 1399 autem
1373 1361 1493 1398 nitide
1522 1361 1681 1413 satisque
1704 1362 1796 1400 dili-

513 1434 645 1478 genter
660 1442 671 1468 ;
710 1423 770 1461 sed
792 1423 983 1460 paradoxa
1001 1436 1047 1460 ex
1070 1421 1251 1460 mendoso
1282 1422 1492 1474 exemplari
1521 1422 1708 1474 descripta
1737 1423 1796 1459 vi-

515 1487 666 1528 dentur,
692 1498 760 1521 nec
781 1497 800 1520 a
818 1483 851 1520 se
872 1484 1040 1521 invicem
1061 1482 1362 1534 distinguuntur.
1406 1483 1611 1521 Annorum
1632 1483 1797 1535 denique

514 1546 567 1584 est
596 1546 748 1584 circiter
774 1545 827 1588 D,
858 1544 1068 1595 eademque
1097 1543 1233 1595 opinor
1265 1555 1382 1580 manu
1412 1542 1573 1595 scriptus
1602 1556 1643 1582 ac
1676 1544 1798 1581 codex

517 1619 621 1658 2259
653 1606 771 1643 libros
801 1604 847 1643 de
873 1604 1024 1643 Officiis
1056 1605 1272 1649 continens,
1303 1616 1423 1656 quem
1443 1603 1506 1641 alii
1529 1613 1636 1643 antea
1655 1613 1796 1643 contu-

515 1667 654 1705 lerunt.

352 1819 372 1839 τ
393 1809 512 1850 2203.
544 1796 583 1834 in
606 1795 727 1834 Catal.
751 1794 860 1833 Bodl.
908 1793 1042 1832 Codex
1062 1792 1154 1831 alter
1174 1793 1226 1832 est
1254 1791 1423 1845 ejusdem
1454 1792 1623 1846 Collegii
1643 1791 1794 1832 charta-

515 1870 618 1902 ceus,
653 1857 714 1894 De
735 1855 998 1900 Divinatione,
1020 1863 1058 1892 et
1078 1867 1160 1907 pars
1181 1854 1271 1892 libri
1294 1854 1354 1891 De
1374 1853 1495 1898 Fat0;
1529 1854 1641 1891 verba
1659 1854 1797 1893 ultima

517 1920 574 1970 (p.
597 1930 684 1956 111.
718 1917 743 1955 1.
766 1917 823 1969 5.)
858 1923 884 1939 “
901 1916 995 1969 quid
1025 1916 1070 1954 s1t
1090 1915 1173 1953 sene
1195 1914 1281 1968 [fic]
1304 1927 1381 1966 quo
1401 1914 1586 1968 aliquid.’'
1644 1915 1795 1954 Recens

515 1979 580 2024 est,
598 1990 789 2016 -annorum
808 1977 887 2015 scil.
921 1977 984 2014 vix
1003 1977 1128 2021 CCC,
1160 1985 1197 2014 et
1218 1974 1421 2013 mendosus
1439 1975 1648 2013 admodum
1666 1994 1678 2020 ς
1709 1976 1796 2013 ideo

515 2053 593 2078 non
626 2040 788 2078 contuli.
850 2038 949 2076 Sciat
977 2047 1106 2075 tamen
1137 2037 1254 2074 lector
1284 2035 1387 2087 quod
1416 2026 1456 2073 in
1484 2036 1604 2074 Libro
1633 2036 1678 2073 de
1699 2037 1796 2075 Fato

517 2102 575 2153 (p.
600 2113 686 2138 100.
719 2100 745 2138 l.
767 2099 852 2149 24.)
884 2098 932 2136 fic
969 2098 1109 2150 legitur
1143 2105 1229 2135 “ut
1263 2109 1305 2134 ea
1337 2096 1436 2149 longe
1469 2096 1553 2149 [fic]
1589 2105 1630 2134 ut
1649 2096 1791 2142 dixisti,

517 2169 545 2185 “
567 2161 725 2213 proinde
745 2159 862 2198 ordiri
893 2159 1145 2196 confidamus.
1192 2159 1372 2209 Qorum
1394 2158 1433 2196 in
1454 2157 1536 2195 aliis
1564 2167 1605 2196 ut
1632 2157 1672 2195 in
1703 2171 1790 2197 ann.

517 2228 545 2245 “
565 2222 649 2275 [fic‚
682 2221 738 2259 vel
758 2222 866 2274 amu]
899 2229 1004 2273 patre
1031 2220 1179 2273 poeta.'¹

349 2392 367 2413 v
388 2370 496 2422 Mag.
558 2367 691 2406 Codex
712 2367 803 2404 alter
828 2366 1036 2404 membran.
1072 2363 1142 2402 fol.
1173 2363 1341 2415 ejusdem
1365 2364 1469 2403 Coll.
1493 2363 1632 2416 Magd.
1656 2363 1696 2401 in
1715 2364 1792 2401 Ca-

516 2429 581 2468 tal.
605 2428 714 2468 Bodl.
736 2440 855 2478 2224.
916 2426 1104 2467 Continet
1124 2425 1310 2479 Epistolas
1328 2425 1372 2464 ad
1394 2424 1644 2470 Familiare53
1675 2437 1793 2478 cxpe-
