2176 2912
704 193 1426 237 ORATORIBUS.
1690 220 1767 260 357

366 287 553 332 scribere;
587 286 692 339 quod
712 287 982 340 peringeniosis
1012 286 1253 334 hominibus,
1275 304 1398 343 neque
1418 291 1503 331 satis
1524 294 1658 342 dodfis,
1681 300 1764 351 ple-

353 367 529 405 -rumque
549 354 728 405 contigit,
761 364 803 391 ut
834 354 902 406 ipfi
925 353 1088 399 Galbae;
1119 369 1238 407 quem
1259 355 1408 395 fortaffe
1431 359 1486 396 vis
1522 375 1599 400 non
1620 364 1764 417 ingenii

364 418 503 463 solum,
525 419 585 456 sed
605 420 721 457 etiam
742 420 876 464 animi,
904 429 942 457 et
963 421 1143 459 naturalis
1163 423 1322 474 quidam
1343 424 1453 462 dolor
1478 427 1670 468 dicentem
1701 433 1762 470 in-

362 485 560 530 cendebat,
592 486 872 538 efficiebatque,
907 496 949 525 ut
982 496 1019 525 et
1052 488 1222 534 incitata,
1251 500 1287 528 et
1317 493 1454 543 gravis,
1486 503 1523 531 et
1556 495 1762 536 vehemens

361 550 450 589 effet
470 552 590 589 oratio
607 571 617 597 5
642 552 730 590 dein
751 567 843 590 cum
859 553 999 591 otiosus
1016 554 1157 605 stylum
1175 555 1438 608 prehenderat,
1453 561 1657 614 motusque
1673 578 1761 602 om-

360 617 419 654 nis
441 618 573 663 animi,
597 628 779 670 tanquam
800 629 949 664 ventuS,
978 619 1181 660 hominem
1203 622 1404 670 defecerat,
1426 625 1658 667 flacceffebat
1677 644 1762 668 ora-

361 683 416 721 tio
434 699 442 721 :
475 685 579 736 quod
599 686 658 731 iis,
692 687 759 737 qui
781 686 951 724 limatius
973 687 1125 726 dicendi
1146 690 1408 729 consectantur
1426 706 1561 745 genus,
1594 697 1762 736 accidere

359 763 438 786 non
458 749 565 795 solet,
596 760 796 803 propterea
829 753 933 804 quod
954 753 1157 804 prudentia
1179 769 1379 808 nunquam
1405 758 1536 797 deficit
1555 771 1757 807 oratorem,

359 827 434 865 qua
454 815 518 852 ille
540 826 649 854 utens
670 817 806 854 eodem
827 818 943 855 modo
960 818 1071 870 poffit
1087 830 1124 857 et
1140 820 1264 858 dicere
1279 832 1316 859 et
1332 822 1504 863 scribere.
1538 828 1664 866 Ardor
1675 830 1758 867 ani-

358 880 415 917 mi
435 893 512 918 non
533 881 679 933 semper
697 882 809 927 adest,
841 883 946 935 isque
966 898 1058 922 cum
1081 886 1264 931 consedit,
1295 890 1420 927 omnis
1438 890 1504 928 illa
1524 893 1577 930 vis
1599 903 1635 932 et
1656 897 1757 946 quali

355 943 512 982 flamma
531 947 687 985 oratoris
704 948 957 1000 extinguitur.
991 951 1105 988 Hanc
1127 952 1244 1003 igitur
1264 954 1314 991 ob
1335 955 1483 993 causam
1505 958 1654 996 videtur
1670 962 1756 998 Lae-

356 1009 399 1048 lii
418 1025 526 1050 mens
547 1012 683 1065 spirare
702 1014 819 1052 etiam
839 1015 878 1052 in
900 1015 1061 1068 scriptis,
1085 1018 1220 1056 Galbae
1241 1029 1370 1058 autem
1391 1022 1446 1059 vis
1467 1024 1658 1064 occidiffe.

411 1078 541 1116 XXV.
581 1080 755 1118 Fuerunt
774 1081 890 1118 etiam
911 1082 950 1118 in
971 1092 1165 1122 oratorum
1187 1099 1348 1124 numero
1371 1088 1626 1129 mediocrium
1647 1093 1694 1130 L.
1719 1104 1756 1132 et

355 1144 420 1196 Sp.
439 1145 647 1191 NIummii,
662 1146 808 1192 fratres,
823 1162 990 1200 quorum
1003 1159 1134 1189 extant
1146 1153 1350 1192 amborum
1363 1156 1564 1195 orationes.
1583 1159 1756 1212 Simplex

354 1210 511 1262 quidem
534 1212 581 1250 L.
604 1222 642 1251 et
661 1213 840 1266 antiquus
857 1233 869 1259 3
903 1216 967 1268 Sp.
990 1225 1119 1256 autem
1150 1218 1275 1257 nihilo
1306 1220 1371 1258 ille
1391 1223 1550 1274 quidem
1570 1227 1752 1273 ornatior,

353 1276 415 1315 sed
437 1287 562 1317 tamen
586 1279 821 1327 adstrictiom
852 1280 929 1320 fuit
948 1284 1053 1322 enim
1073 1284 1206 1324 doctus
1236 1301 1282 1325 ex
1298 1287 1497 1341 disciplina
1518 1292 1751 1333 Stoicorum.

351 1343 494 1383 Multae
514 1345 600 1384 sunt
621 1348 686 1400 Sp.
709 1348 846 1387 Albini
876 1350 1078 1390 orationes.
1118 1353 1213 1391 Sunt
1233 1354 1349 1392 etiam
1370 1356 1417 1393 L.
1440 1365 1478 1394 et
1497 1359 1544 1396 C.
1567 1360 1751 1398 Aurelio-

352 1424 440 1449 rum
463 1413 697 1460 Orestarum,
719 1429 815 1468 quos
836 1416 966 1469 aliquo
985 1418 1094 1457 video
1114 1419 1155 1457 in
1176 1434 1339 1459 numero
1355 1431 1550 1463 oratorum
1570 1424 1693 1465 fuifl‘e.

406 1479 450 1517 P.
474 1480 591 1518 etiam
611 1481 784 1534 Popilius
801 1496 893 1521 cum
908 1484 1001 1522 civis
1018 1486 1204 1537 egregius,
1228 1496 1313 1525 tum
1330 1502 1404 1526 non
1422 1489 1634 1538 indisertus,
1656 1492 1746 1533 fuit.

350 1545 399 1583 C.
422 1557 523 1590 vero,
555 1545 657 1585 filius
688 1549 782 1600 ejus,
814 1549 987 1588 disertus.
1048 1551 1238 1603 Caiusque
1270 1553 1489 1593 Tuditanus
1519 1570 1611 1596 curn
1640 1561 1749 1598 omni

348 1610 426 1648 vita
458 1621 571 1664 atque
605 1614 708 1651 victu
728 1615 903 1653 excultus
933 1625 1046 1668 atque
1074 1617 1280 1670 expolitus,
1312 1628 1398 1658 tum
1424 1621 1504 1673 ejus
1525 1623 1674 1676 elegans
1695 1625 1747 1663 est

347 1674 528 1716 habitum
548 1679 663 1717 etiam
684 1681 863 1719 orationis
883 1694 1017 1733 genus.
1056 1683 1283 1737 Eodemque
1303 1686 1342 1723 in
1363 1701 1500 1739 genere
1519 1690 1571 1727 est
1591 1689 1746 1729 habitus

346 1742 393 1785 is,
416 1743 497 1794 qui,
528 1744 666 1796 injuria
684 1757 852 1799 accepta,
873 1746 988 1799 fregit
1009 1748 1102 1793 Tib.
1127 1750 1352 1790 Gracchum
1372 1755 1568 1806 patientia,
1590 1757 1683 1795 civis
1705 1758 1745 1795 in

346 1808 459 1846 rebus
480 1811 637 1862 optimis
653 1812 986 1858 constantiffimus,
1018 1815 1081 1853 M.
1106 1816 1302 1856 octavius.
1349 1821 1404 1858 At
1419 1835 1507 1859 vero
1527 1823 1589 1861 M.
1611 1825 1742 1862 AEmi-

345 1874 420 1912 lius
452 1876 635 1928 LepiduS,
667 1878 734 1929 qui
768 1878 820 1916 est
849 1879 1009 1918 Porcina
1035 1881 1172 1926 dietus,
1210 1883 1342 1923 iisdem
1380 1889 1617 1938 temporibus
1649 1889 1741 1935 fere,

343 1940 485 1991 quibus
507 1942 645 1987 Galba,
678 1943 738 1980 sed
758 1944 872 1996 paulo
892 1945 1020 1984 minor
1041 1956 1146 1992 natu,
1168 1958 1205 1986 et
1225 1949 1398 1988 summus
1419 1962 1544 1990 orator
1560 1955 1612 1992 est
1627 1953 1740 1994 habi-

344 2015 419 2051 ωε,
451 2016 488 2045 et
507 2007 595 2053 fuit,
619 2018 661 2047 ut
681 2019 832 2062 apparet
852 2025 898 2050 ex
919 2013 1167 2059 orationibus,
1186 2015 1345 2068 scriptor
1366 2017 1448 2055 sanc
1466 2019 1601 2059 bonus.
1648 2022 1740 2061 Hoc

342 2072 382 2110 in
403 2083 548 2113 oratore
569 2076 708 2114 Latino
728 2077 901 2129 primum
934 2078 1032 2118 mihi
1053 2080 1203 2119 videtur
1233 2092 1270 2120 et
1290 2083 1423 2121 lenitas
1450 2087 1656 2137 apparuiffe
1675 2089 1741 2127 illa

343 2137 583 2185 Graecorum,
615 2150 651 2178 et
672 2142 875 2182 verborum
896 2143 1198 2197 comprehensio,
1221 2148 1337 2186 etiarn
1358 2148 1493 2188 artifex
1516 2151 1577 2202 (ut
1597 2152 1648 2190 ita
1677 2154 1737 2191 di-

340 2205 444 2255 cam)
477 2205 606 2256 stylus.
658 2207 779 2246 Hunc
800 2208 961 2248 studiose
989 2211 1066 2249 duo
1085 2211 1337 2252 adolescentes
1369 2215 1667 2267 ingeniosiffimi,
1699 2229 1737 2256 et

341 2283 458 2322 prope
479 2272 652 2322 aequales,
684 2274 732 2312 C.
757 2275 897 2320 Carbo,
931 2286 969 2314 et
990 2278 1084 2317 Tib.
1109 2279 1308 2318 Gracchus
1339 2282 1467 2320 audire
1487 2283 1587 2321 soliti
1620 2285 1732 2328 sunt;

339 2335 386 2372 de
407 2336 548 2387 quibus
563 2338 645 2388 jam
665 2338 815 2379 dicendi
837 2341 943 2380 locus
964 2344 1048 2389 erit,
1080 2358 1171 2382 cum
1190 2347 1235 2384 de
1255 2347 1462 2386 senioribus
1482 2363 1601 2401 pauca
1623 2350 1731 2387 dixe-

341 2415 396 2439 ro.
443 2403 622 2454 Qenim
645 2405 852 2458 Pompeius
879 2422 956 2446 non
987 2420 1232 2463 contemptus
1253 2423 1377 2452 orator
1397 2416 1632 2467 temporibus
1654 2416 1730 2452 illis

337 2466 428 2512 fuit,
450 2469 515 2520 qui
538 2468 705 2509 summos
726 2470 901 2519 honores,
934 2473 1054 2514 homo
1074 2490 1141 2529 per
1161 2477 1195 2516 se
1212 2480 1403 2533 cognitus,
1427 2481 1502 2520 fine
1523 2481 1599 2520 ulla
1617 2494 1727 2520 com-

339 2535 583 2576 mendatione
604 2538 808 2592 majorum,
831 2540 882 2579 est
902 2541 1071 2597 adeptus.
1351 2543 1358 2550 ’
