2176 2912
545 219 865 261 LIBER
941 218 1357 258 PRIMUS.
1578 233 1651 273 133

250 316 349 354 hanc
381 315 533 354 dicendi
564 315 768 358 rationem,
799 326 918 366 quam
949 325 1041 350 cum
1061 312 1299 364 imperatoris
1320 311 1445 356 laude,
1476 320 1541 350 aut
1560 326 1653 351 cum

251 383 343 420 boni
362 382 540 420 senatoris
559 380 774 434 prudentia,
792 379 1090 432 comparandam
1106 387 1216 432 putet
1228 397 1240 423 3
1264 387 1459 416 convertat
1475 379 1652 417 animum

249 448 294 486 ad
314 461 357 485 ea
379 447 457 501 ipsa
475 448 617 486 artium
638 460 788 500 genera,
820 445 1197 498 circumspiciatque,
1220 444 1288 496 qui
1310 445 1349 482 in
1372 445 1417 482 iis
1439 444 1650 489 floruerint,

249 527 443 567 quamque
476 506 621 553 multii
654 513 704 551 fic
727 512 927 558 facillime,
958 521 1100 564 quanta
1119 520 1315 550 oratorum
1340 511 1400 556 fit,
1430 510 1654 564 semperque

248 579 365 618 fuerit
383 580 567 633 paucitas,
592 580 799 632 judicabit.

294 647 368 684 ΙΙΙ.
388 646 529 699 Neque
544 646 650 684 enim
671 655 708 684 te
729 645 846 699 fugit,
864 645 1105 683 laudatarum
1121 645 1263 683 artium
1282 644 1463 682 omnium
1478 656 1655 696 procrea-

248 711 386 750 tricem
405 712 597 764 quandam
617 722 656 750 et
675 711 777 764 quafi
798 720 1010 764 parentem,
1033 724 1133 755 eam,
1156 724 1274 763 quam
1295 708 1500 756 φιλοσοφίαν
1527 709 1655 747 Graeci

249 787 400 823 vocant,
431 779 478 816 ab
510 778 738 817 hominibus
772 777 996 816 doctiffimis
1023 777 1187 829 judicari
1205 795 1216 821 ;
1248 777 1288 814 in
1323 787 1399 826 qua
1425 773 1582 813 difficile
1602 774 1655 813 est

248 858 484 889 enumerare,
517 854 613 897 quot
633 844 717 888 viri,
750 853 891 896 quanta
923 843 1093 888 scientia,
1125 852 1343 896 quantaque
1364 840 1403 877 in
1424 840 1498 879 suis
1519 841 1652 879 studiis

247 911 425 949 varietate
455 920 494 948 et
521 911 631 963 copia
660 908 833 955 fuerint,
866 910 933 962 qui
966 924 1043 948 non
1071 923 1145 947 una
1165 910 1292 961 aliqua
1323 909 1362 945 in
1394 921 1431 944 re
1453 908 1651 960 separatim

247 976 490 1021 elaborarint,
521 976 582 1014 sed
615 977 761 1022 omnia,
793 989 1034 1029 quaecunque
1063 975 1191 1020 effent,
1224 975 1282 1012 vel
1314 974 1481 1012 scientiae
1501 974 1651 1026 perves-

247 1042 447 1095 tigatione,
469 1042 529 1080 vel
550 1042 749 1081 differendi
770 1044 927 1088 ratione,
957 1041 1333 1095 comprehenderint.
1367 1040 1467 1092 Qis
1489 1041 1651 1092 ignorat,

247 1108 290 1153 ii,
321 1110 390 1161 qui
420 1108 687 1148 mathematici
718 1119 914 1155 vocantur,
949 1118 1090 1162 quanta
1120 1109 1160 1146 in
1181 1107 1410 1146 obscuritate
1441 1120 1583 1151 rerum,
1615 1116 1653 1145 et

247 1187 367 1226 quam
387 1176 581 1213 recondita
600 1177 640 1213 in
660 1185 751 1220 arte,
786 1186 823 1214 et
843 1176 1070 1228 multiplici,
1093 1174 1301 1227 subtilique
1320 1172 1513 1211 versentur
1531 1174 1543 1210 ?
1575 1187 1654 1225 quo

248 1250 378 1278 tamen
398 1242 436 1279 in
457 1255 594 1294 genere
614 1242 666 1278 ita
684 1242 801 1280 multi
823 1241 980 1294 perfecti
1001 1241 1178 1280 homines
1205 1241 1441 1284 exstiterunt,
1474 1249 1517 1277 ut
1538 1253 1653 1278 nemo

247 1305 326 1344 fere
346 1307 523 1346 studuiffe
553 1308 587 1345 ei
608 1307 772 1346 scientiae
802 1307 1067 1346 vehementius
1088 1308 1273 1351 videatur,
1305 1306 1414 1358 quin,
1446 1305 1551 1357 quod
1580 1319 1651 1344 vo-

248 1373 377 1418 luerit,
400 1374 625 1412 consecutus
656 1375 713 1412 fit.
746 1375 846 1426 Qis
868 1375 1036 1419 muficis,
1067 1374 1153 1426 quis
1177 1372 1270 1411 huic
1290 1372 1415 1410 studio
1435 1371 1648 1417 literarum,

247 1439 353 1491 quod
374 1439 603 1492 profitentur
628 1441 669 1485 ii,
704 1441 772 1492 qui
804 1441 1048 1492 grammatici
1066 1449 1265 1483 vocantur,
1297 1439 1450 1491 penitus
1473 1437 1507 1476 se
1538 1438 1649 1475 dedi-

247 1505 319 1551 dit,
351 1507 446 1558 quin
467 1520 627 1544 omnem
648 1506 803 1544 illarum
834 1507 977 1544 artium
998 1519 1093 1558 pene
1128 1505 1321 1543 infinitam
1352 1504 1434 1541 vim
1460 1512 1498 1541 et
1524 1512 1649 1542 mate-

248 1571 344 1610 riam
375 1572 531 1610 scientia
555 1582 594 1610 et
627 1572 862 1625 cogitatione
895 1570 1262 1625 comprehenderit?
1308 1570 1408 1607 Vere
1442 1568 1542 1607 mihi
1572 1569 1650 1608 hoc

246 1638 378 1677 videor
397 1639 467 1678 effe
488 1639 672 1684 dicturus,
693 1653 740 1677 ex
761 1638 944 1677 omnibus
965 1639 1026 1683 iis,
1050 1639 1118 1691 qui
1138 1639 1178 1676 in
1199 1637 1338 1675 harum
1357 1637 1499 1674 artium
1517 1636 1650 1674 studiis

247 1704 517 1744 liberaliffimis
535 1706 623 1750 sint,
652 1705 911 1756 doctrinisque
930 1705 1076 1749 versati,
1109 1704 1316 1742 minimam
1342 1703 1495 1756 copiam
1516 1711 1648 1754 poeta-

248 1784 336 1808 rum
356 1772 600 1824 egregiorum
611 1771 789 1810 exstitisse
800 1789 814 1815 3
836 1780 950 1822 atque
963 1771 1003 1808 in
1019 1769 1094 1808 hoc
1114 1769 1195 1822 ipso
1216 1782 1393 1813 numero,
1410 1769 1449 1806 in
1467 1781 1544 1820 quo
1559 1781 1647 1820 per-

248 1850 331 1874 raro
357 1838 528 1875 exoritur
556 1838 695 1889 aliquis
715 1837 920 1880 excellens,
951 1837 977 1874 fi
999 1836 1202 1888 diligenter
1228 1846 1266 1873 et
1286 1848 1333 1873 ex
1354 1834 1583 1878 nostrorum,
1612 1842 1649 1873 et

246 1916 295 1940 ex
327 1904 554 1941 Graecorum
586 1903 697 1956 copia
730 1915 955 1955 comparare
979 1902 1095 1946 voles,
1141 1902 1269 1940 multo
1301 1910 1430 1938 tamen
1452 1900 1648 1953 pauciores

247 1979 426 2014 oratores,
449 1983 566 2021 quam
586 1973 720 2021 poetae,
744 1968 837 2006 boni
859 1969 1105 2020 reperientur.
1140 1967 1258 2019 Qod
1278 1967 1371 2005 hinc
1392 1968 1510 2004 etiam
1530 1967 1649 2004 mira-

247 2035 364 2073 bilius
390 2035 503 2073 debet
523 2035 656 2080 videri,
690 2035 780 2087 quia
799 2044 1020 2072 caeterarum
1041 2034 1183 2071 artium
1203 2033 1324 2071 studia
1343 2031 1421 2070 fere
1442 2032 1647 2070 reconditis

247 2111 362 2154 atque
391 2102 530 2140 abditis
551 2115 571 2139 e
596 2101 772 2139 fontibus
792 2100 1024 2139 hauriuntur
1041 2116 1050 2139 ;
1083 2099 1236 2138 dicendi
1256 2108 1385 2137 autem
1405 2098 1533 2137 omnis
1554 2098 1651 2137 ratio

246 2169 288 2207 in
321 2169 451 2207 medio
471 2168 590 2221 posita
618 2168 821 2207 communi
841 2167 1012 2220 quodam
1042 2167 1083 2205 in
1112 2166 1195 2211 usu,
1226 2175 1340 2218 atque
1372 2166 1412 2203 in
1438 2164 1648 2203 hominum

247 2248 354 2273 more
369 2245 408 2273 et
423 2235 610 2280 sermone,
624 2235 814 2279 versatur;
838 2243 880 2272 ut
893 2235 932 2272 in
949 2234 1092 2272 caeteris
1109 2232 1148 2270 id
1165 2233 1336 2271 maxime
1352 2232 1528 2277 excellat,
1543 2231 1649 2284 quod

247 2301 464 2353 longiffime
479 2301 523 2339 s1t
543 2301 589 2339 ab
610 2301 883 2354 imperitorum
904 2300 1161 2353 intelligentia
1180 2299 1365 2350 sensuque
1384 2298 1621 2350 disjunctum
1634 2314 1647 2341 3

246 2369 287 2405 in
307 2367 470 2405 dicendo
490 2376 620 2406 autem
640 2368 781 2406 vitium
801 2367 861 2406 vel
883 2367 1102 2405 maximum
1122 2366 1167 2404 fit
1192 2379 1212 2403 a
1237 2365 1385 2418 vulgari
1404 2377 1541 2417 genere
1561 2376 1647 2402 ora-

247 2433 378 2478 tionis,
400 2442 514 2485 atque
531 2446 552 2470 a
571 2433 842 2472 consuetudine
863 2433 1086 2471 communis
1107 2431 1247 2477 sensus,
1269 2430 1485 2469 abhorrere.

301 2499 373 2540 lv.
396 2500 456 2539 Ac
476 2512 523 2538 ne
543 2499 641 2538 illud
660 2499 820 2553 quidem
840 2513 924 2538 vere
944 2499 1021 2538 dici
1041 2497 1181 2553 potest,
1198 2507 1263 2550 aut
1279 2496 1406 2551 plures
1427 2494 1570 2535 caeteris
1585 2506 1645 2531 ar-
