2176 2912
425 251 480 289 40
729 237 831 275 DE
908 237 1522 281 INVENTIONE

425 338 710 392 praecipientur,
731 346 955 376 ornamenta
970 337 1186 377 sumuntur.
1219 338 1339 377 Nunc
1360 339 1406 376 de
1427 338 1637 378 narratione
1656 351 1710 384 ea,
1738 352 1823 391 quae

425 405 543 443 causae
563 405 737 442 continet
756 404 1045 456 expofitionem,
1068 403 1276 443 dicendum
1297 405 1459 443 videtur.

482 472 575 509 XX.
609 471 776 522 Oportet
795 470 914 522 igitur
931 484 1015 508 eam
1043 479 1116 508 tres
1142 469 1281 509 habere
1301 485 1372 516 res,
1399 480 1442 509 ut
1461 471 1598 517 brevis,
1621 481 1664 510 ut
1683 480 1823 524 aperta,

428 545 471 574 ut
491 536 701 589 probabilis
733 536 789 574 fit.
823 536 952 574 Brevis
979 536 1063 581 erit,
1095 536 1135 581 fi,
1167 537 1267 574 unde
1287 537 1428 575 neceffe
1447 537 1513 582 est,
1548 538 1637 575 inde
1666 538 1827 582 initium,

428 600 614 646 sumetur,
634 610 671 639 et
685 615 761 639 non
778 601 824 639 ab
843 601 984 639 ultimo
1000 611 1203 654 repetetur,
1217 612 1254 640 et
1268 602 1308 647 fi,
1326 603 1435 654 cujus
1458 603 1511 640 rei
1526 603 1611 641 satis
1627 603 1698 640 erit
1718 602 1824 640 sum-

428 682 534 706 mam
555 667 701 712 dixisse,
721 669 801 720 ejus
822 677 944 720 partes
965 681 1042 706 non
1062 668 1266 713 dicentur,
1292 669 1399 719 (nam
1420 669 1513 721 saepe
1531 669 1617 707 satis
1636 669 1702 714 est,
1719 668 1825 720 quod

428 733 575 772 factum
606 734 663 778 fit,
698 734 836 778 dicere,
868 747 945 772 non
975 743 1017 771 ut
1047 747 1192 772 enarres
1223 735 1552 786 quemadmodum
1585 734 1629 773 fit
1659 733 1822 785 factum)

428 810 468 838 et
488 800 512 838 fi
534 814 609 838 non
631 800 798 852 longius,
829 813 945 852 quam
966 800 1070 851 quod
1091 800 1186 838 scitu
1207 813 1302 852 opus
1332 800 1398 845 est,
1419 801 1459 838 in
1480 800 1663 838 narrando
1689 813 1825 853 proce—

428 866 563 910 detur3
595 875 633 903 et
654 866 678 903 fi
700 865 846 903 nullam
866 865 906 902 in
927 878 1007 903 rem
1029 865 1142 903 aliam
1161 866 1402 911 tranfibitur;
1424 875 1461 904 et
1483 867 1507 904 fi
1528 867 1582 904 ita
1599 866 1761 910 dicetur,
1784 874 1826 903 ut

428 944 710 983 nonnunquam
740 944 786 968 ex
807 943 852 968 eo
881 932 987 982 quod
1007 931 1156 969 dietum
1175 931 1232 976 fit,
1269 932 1322 976 id,
1354 932 1458 984 quod
1489 932 1637 970 dictum
1658 945 1735 970 non
1766 931 1825 975 fit,

429 997 696 1049 intelligatur3
727 1005 765 1034 et
796 997 821 1034 fi
853 1010 929 1034 non
958 997 1076 1035 modo
1096 997 1149 1041 id,
1181 998 1285 1049 quod
1306 998 1424 1043 obest,
1459 1011 1592 1036 verum
1617 998 1733 1036 etiam
1772 997 1825 1041 id,

429 1063 535 1115 quod
570 1076 639 1100 nec
666 1063 770 1100 obest
804 1076 873 1100 nec
907 1063 1071 1114 adjuvat,
1103 1064 1356 1116 praeteribitur
1372 1083 1383 1109 3
1425 1073 1463 1102 et
1496 1065 1522 1102 fi
1557 1064 1672 1103 semel
1703 1078 1827 1103 unum

429 1128 612 1181 quodque
632 1128 807 1172 dicetur,
839 1138 877 1166 et
898 1129 923 1166 fi
946 1142 1021 1167 non
1043 1129 1089 1166 ab
1110 1143 1168 1173 eo,
1200 1130 1240 1167 in
1267 1143 1345 1182 quo
1364 1131 1540 1183 proxime
1558 1131 1720 1168 defitum
1740 1131 1826 1176 erit,

430 1194 609 1247 deinceps
644 1195 861 1246 incipietur.
901 1197 960 1232 Ac
995 1196 1138 1234 multos
1167 1196 1335 1233 imitatio
1354 1196 1500 1248 decipit
1530 1197 1738 1242 brevitatis,
1769 1206 1826 1242 ut,

430 1272 524 1298 cum
547 1260 580 1297 se
601 1260 729 1297 breves
751 1268 886 1311 putent
901 1259 986 1304 effe,
1008 1260 1218 1313 longiffimi
1238 1261 1336 1306 fint;
1369 1275 1460 1299 cum
1481 1261 1574 1300 dent
1593 1275 1763 1315 operam,
1785 1271 1828 1301 ut

433 1319 489 1363 res⁴
510 1325 650 1363 multas
673 1325 836 1362 breviter
860 1325 1001 1370 dicant,
1033 1339 1112 1364 non
1144 1336 1186 1364 ut
1206 1327 1367 1364 omnino
1386 1340 1522 1380 paucas
1549 1340 1606 1366 res
1626 1328 1769 1373 dicant,
1791 1338 1829 1367 et

431 1405 508 1429 non
531 1391 656 1444 plures
678 1404 796 1443 quam
818 1391 959 1428 necess‘e
990 1391 1046 1430 fit.
1080 1392 1186 1430 Nam
1214 1392 1401 1445 plerisque
1421 1393 1584 1432 breviter
1613 1394 1738 1432 dicere
1767 1395 1828 1432 vi-

430 1456 556 1501 detur,
588 1457 654 1508 qui
679 1457 730 1494 ita
750 1456 871 1500 dicit;
905 1457 1052 1495 Acceffi
1073 1457 1117 1494 ad
1139 1459 1248 1502 aedes,
1271 1472 1435 1511 puerum
1461 1460 1639 1497 evocavi:
1672 1459 1828 1512 respon-

431 1523 488 1561 dit
506 1538 514 1561 :
547 1523 699 1575 quaefivi
719 1523 952 1567 dominum,
985 1523 1092 1561 domi
1123 1525 1274 1575 negavit
1294 1524 1378 1562 effe.
1411 1525 1505 1571 Hic,
1529 1526 1674 1564 tametfi
1696 1536 1752 1564 tot
1772 1540 1828 1564 res

432 1589 584 1626 brevius
620 1601 696 1626 non
718 1588 845 1640 potuit
867 1587 1004 1632 dicere,
1036 1597 1178 1633 tamen,
1201 1590 1291 1641 quia
1321 1590 1407 1628 satis
1434 1590 1509 1629 fuit
1529 1591 1674 1636 dixiffe,
1706 1593 1829 1630 Domi

432 1655 586 1707 negavit
606 1653 690 1698 effe,
713 1653 757 1690 fit
777 1666 903 1691 rerum
926 1653 1179 1692 multitudine
1199 1655 1351 1707 longus.
1374 1657 1502 1708 Qare
1521 1656 1596 1696 hoc
1616 1671 1770 1710 quoque
1791 1658 1830 1696 in

432 1733 568 1772 genere
587 1719 740 1757 vitanda
759 1719 811 1756 est
832 1719 1025 1757 brevitatis
1050 1720 1231 1765 imitatio,
1262 1731 1299 1759 et
1329 1735 1407 1760 non
1438 1723 1568 1761 minus
1595 1737 1722 1762 rerum
1751 1738 1830 1763 non

434 1784 734 1828 necessariarum,
757 1797 873 1836 quam
896 1786 1099 1822 verborum
1121 1786 1374 1824 multitudine
1395 1787 1713 1840 supersedendum
1734 1790 1800 1827 est.

476 1853 621 1903 Aperta
640 1860 769 1888 autem
791 1851 951 1888 narratio
971 1852 1110 1903 poterit
1131 1851 1214 1896 effe,
1232 1852 1272 1896 fi,
1296 1862 1338 1890 ut
1358 1854 1548 1906 quidquid
1568 1855 1739 1907 primum
1761 1869 1830 1908 ge-

435 1916 536 1954 stum
552 1916 637 1959 erit,
655 1916 707 1953 ita
722 1915 893 1968 primum
911 1925 1136 1968 exponetur,
1154 1926 1191 1955 et
1209 1930 1337 1956 rerum
1354 1931 1396 1956 ac
1411 1927 1631 1972 temporum
1647 1921 1739 1958 ordo
1754 1921 1830 1959 ser-

435 1982 600 2026 vabitur,
632 1991 674 2019 ut
695 1981 746 2018 ita
766 1991 976 2026 narrentur,
1000 1991 1042 2019 ut
1061 1982 1171 2034 gestae
1191 1996 1246 2021 res
1271 1992 1396 2029 erunt,
1427 1994 1493 2023 aut
1509 1994 1552 2023 ut
1570 1985 1731 2037 potuiffe
1751 1986 1831 2038 geri

436 2047 681 2086 videbuntur.
706 2047 786 2085 Hic
806 2048 878 2085 erit
897 2048 1228 2093 confiderandum,
1250 2063 1296 2086 ne
1312 2050 1407 2102 quid
1426 2050 1656 2102 perturbate,
1675 2064 1720 2088 ne
1736 2052 1831 2103 quid
1853 2051 1856 2053 ’

435 2122 609 2151 contorte
629 2113 790 2157 dicatur,
814 2126 860 2150 ne
881 2126 998 2165 quam
1019 2114 1059 2151 in
1079 2114 1193 2152 aliam
1215 2123 1293 2152 rem
1316 2115 1535 2160 transeatur,
1557 2130 1604 2153 ne
1623 2116 1669 2153 ab
1692 2117 1831 2155 ultimo

436 2188 639 2230 repetatur,
663 2191 708 2215 ne
728 2178 774 2215 ad
794 2188 1012 2216 extremum
1030 2179 1245 2232 prodeatur,
1268 2194 1314 2218 ne
1331 2181 1438 2233 quid,
1461 2182 1565 2233 quod
1586 2182 1630 2219 ad
1648 2195 1727 2219 rem
1745 2196 1829 2235 per-

435 2244 568 2288 tineat,
601 2253 838 2296 praetereatur
857 2258 865 2281 :
898 2253 935 2281 et
955 2245 1128 2289 omnino,
1151 2259 1236 2297 quae
1256 2255 1443 2298 praecepta
1462 2247 1508 2284 de
1529 2247 1709 2285 brevitate
1731 2248 1830 2293 sunt,

434 2307 510 2346 hoc
531 2322 686 2361 quoque
706 2310 745 2346 in
767 2322 904 2361 genere
923 2309 1008 2347 sunt
1029 2310 1293 2349 conservanda.
1317 2311 1423 2349 Nam
1440 2312 1533 2365 saepe
1554 2326 1609 2350 res
1631 2326 1764 2365 parum
1781 2314 1832 2351 est

437 2375 629 2413 intellecta
663 2375 905 2428 longitudine
931 2377 1052 2428 magis
1086 2390 1204 2428 quarn
1235 2377 1463 2416 obscuritate
1498 2380 1733 2417 narrationis.
1772 2382 1831 2418 Ac

436 2441 560 2478 verbis
583 2454 737 2492 quoque
758 2441 936 2479 dilucidis
969 2442 1158 2481 utendum
1178 2444 1257 2490 est,
1290 2457 1368 2497 quo
1399 2444 1444 2483 de
1463 2458 1599 2498 genere
1624 2445 1830 2484 dicendum

433 2506 488 2544 est
509 2507 547 2544 in
568 2507 765 2560 praeceptis
787 2506 1030 2548 elocutionis,
