2176 2912
700 178 1429 218 ORATORIBUS.
1683 192 1759 233 379

358 269 503 323 populo
532 269 664 307 videri.
712 271 841 321 Qare
870 270 1015 308 tibicen
1046 271 1297 323 Antigenidas
1326 271 1465 309 dixerit
1496 271 1683 323 discipulo
1704 271 1759 309 sa-

359 348 406 372 ne
438 333 594 385 frigenti
627 334 673 371 ad
704 335 910 386 populum,
942 335 1047 373 Mihi
1061 349 1160 380 cane,
1193 347 1228 373 et
1248 337 1393 387 ,Musist
1424 349 1494 388 ego
1525 335 1617 373 huic
1640 337 1760 373 Bruto

357 399 515 442 dicenti,
550 408 593 436 ut
622 399 729 444 solet,
760 400 860 452 apud
891 399 1202 445 multitudinem,
1234 401 1338 439 Mihi
1354 416 1452 446 cane,
1483 410 1518 439 et
1541 402 1682 454 populo,
1714 402 1765 439 mi

354 465 489 508 Brute,
510 463 699 502 dixerim:
733 474 789 508 ut,
812 465 880 517 qui
900 465 1069 509 audient,
1091 466 1186 518 quid
1206 465 1418 510 efficiatur;
1450 479 1534 517 ego,
1556 466 1671 503 etiam
1692 479 1761 502 cur

354 529 395 567 id
415 529 616 574 efficiatur,
637 530 867 582 intelligam.
913 530 1047 568 Credit
1064 531 1125 576 iis,
1147 545 1232 583 quae
1251 531 1448 575 dicuntur,
1465 531 1533 582 qui
1550 531 1655 568 audit
1675 543 1759 567 ora-

354 604 482 633 torem
498 613 510 639 3
542 608 627 632 vera
644 604 769 647 putat,
790 595 999 639 afl'entitur,
1020 596 1181 648 probat;
1204 596 1321 634 fidem
1337 595 1430 634 facit
1449 596 1583 634 oratio.
1618 597 1684 632 Tu
1699 608 1760 632 ar-

355 659 468 705 tifex,
501 661 597 712 quid
617 662 752 713 quaeris
779 662 975 714 amplius?
1022 662 1245 700 Delectatur
1275 662 1430 700 audiens
1463 661 1691 705 multitudo,
1724 668 1763 698 et

357 727 513 766 ducitur
531 728 714 772 oratione,
745 737 783 765 et
803 728 905 780 quafi
925 727 1120 781 voluptate
1147 729 1313 781 quadam
1333 727 1591 782 perfunditur.
1652 726 1762 777 Qid

355 792 473 831 habes
504 794 608 846 quod
633 794 831 846 disputes?
864 794 1030 838 Gaudet,
1063 794 1181 839 dolet,
1211 795 1323 839 ridet,
1345 795 1483 847 plorat,
1519 793 1634 838 favet,
1665 792 1760 836 odit,

360 861 592 903 contemnit,
614 859 761 896 invidet
776 877 789 903 3
821 860 868 897 ad
887 851 1189 897 misericordiam
1215 860 1426 904 inducitur,
1453 859 1500 897 ad
1520 858 1761 911 pudendum,

356 924 403 962 ad
423 925 635 977 pigendum
647 943 659 969 ς
683 925 871 970 irascitur,
893 925 1067 970 miratur,
1090 925 1225 978 sperat,
1248 926 1385 964 timet:
1417 925 1499 964 haec
1520 925 1676 978 perinde
1696 937 1761 962 ac-

357 990 506 1036 cidunt,
529 1002 573 1030 ut
603 1005 752 1037 eorum,
782 992 851 1044 qui
881 991 1030 1036 adsunt,
1073 1000 1219 1030 mentes
1247 991 1386 1036 verbis,
1417 1000 1455 1029 et
1484 991 1694 1034 sententiis,
1725 998 1763 1027 et

356 1057 505 1095 aetione
526 1059 747 1096 tractantur.
780 1057 889 1108 Qid
908 1057 974 1101 est,
1005 1057 1111 1109 quod
1130 1059 1351 1111 expedfoetur
1369 1056 1472 1095 docti
1492 1057 1655 1108 alicujus
1676 1055 1762 1093 sen-

357 1123 503 1161 tentia?
536 1124 656 1176 Qod
675 1124 780 1161 enim
800 1123 937 1176 probat
956 1124 1185 1169 multitudo,
1220 1122 1296 1162 hoc
1317 1123 1422 1161 idem
1452 1122 1574 1161 donis
1594 1122 1762 1175 proban-

358 1188 454 1227 dum
466 1189 532 1227 est.
566 1190 747 1241 Denique
761 1188 838 1227 hoc
853 1188 1047 1242 specimen
1062 1189 1116 1227 est
1131 1189 1324 1242 popularis
1335 1189 1490 1241 judicii,
1509 1189 1549 1226 in
1565 1201 1644 1240 quo
1659 1200 1763 1225 nun-

357 1268 475 1307 quam
494 1255 572 1294 fuit
599 1255 742 1308 populo
763 1269 855 1293 cum
875 1255 996 1293 doetis
1027 1255 1409 1308 intelligentibusque
1429 1254 1615 1293 diffenfio.
1657 1255 1764 1292 Cum

359 1321 477 1359 multi
496 1320 614 1359 effent
646 1329 809 1359 oratores
830 1322 871 1359 in
905 1321 1008 1359 vario
1038 1334 1175 1374 genere
1205 1319 1372 1364 dicendi,
1403 1319 1490 1372 quis
1522 1331 1697 1370 unquam
1716 1331 1764 1356 ex

357 1385 420 1424 his
441 1387 627 1426 excellere
651 1386 846 1439 judicatus
874 1387 927 1425 est
955 1387 1062 1440 vulgi
1083 1386 1247 1439 judicio,
1279 1386 1347 1438 qui
1367 1399 1445 1423 non
1465 1385 1571 1423 idem
1591 1397 1611 1422 a
1642 1384 1764 1435 doctis

357 1453 610 1506 probaretur?
642 1453 810 1506 Qando
840 1462 969 1491 autem
1001 1453 1167 1491 dubium
1186 1451 1314 1491 fuiffet
1333 1452 1435 1505 apud
1458 1460 1582 1504 patres
1602 1450 1762 1494 nostros,

357 1519 527 1572 eligendi
545 1519 610 1556 cui
629 1519 780 1572 patroni
808 1519 960 1557 daretur
988 1518 1110 1571 optio,
1142 1518 1238 1570 quin
1262 1526 1329 1554 aut
1348 1517 1569 1555 Antonium
1600 1523 1764 1568 optaret,

357 1594 424 1623 aut
437 1585 609 1623 Craffum
626 1586 639 1622 ?
662 1584 832 1623 Aderant
847 1583 964 1623 multi
977 1583 1066 1629 alii;
1090 1593 1219 1622 tamen
1239 1591 1372 1620 utrum
1388 1582 1434 1620 de
1450 1580 1512 1619 his
1528 1580 1671 1634 potius,
1689 1580 1764 1619 du-

359 1651 508 1689 bitaffet
526 1652 664 1704 aliquis
680 1670 692 1696 3
715 1652 811 1703 quin
826 1651 1005 1695 alterum,
1023 1663 1152 1688 nemo.
1181 1649 1290 1701 Qid
1310 1647 1614 1687 adolescentibus
1636 1647 1764 1691 nobis,

358 1730 453 1755 cum
473 1717 561 1755 effet
587 1719 716 1762 Cotta,
748 1727 786 1754 et
814 1717 1056 1760 Hortenfius,
1079 1730 1175 1754 num
1198 1715 1300 1768 quiS,
1322 1715 1385 1753 cui
1418 1714 1578 1767 quidem
1598 1712 1765 1766 eligendi

362 1782 524 1835 potestas
544 1782 644 1826 esset,
666 1795 902 1833 quemquam
923 1781 983 1819 his
1004 1782 1257 1834 anteponebat
1276 1782 1288 1817 ?

417 1849 488 1886 LI.
520 1849 630 1886 Tum
651 1848 806 1891 Brutus,
840 1847 948 1898 Qid
978 1856 1034 1891 tu,
1067 1847 1208 1899 inquit,
1241 1847 1376 1898 quaeris
1405 1846 1527 1884 alios?
1559 1845 1605 1882 de
1626 1853 1662 1882 te
1686 1843 1766 1896 ipso

360 1927 504 1958 nonne,
536 1913 631 1966 quid
648 1922 821 1965 optarent
843 1914 910 1957 rei,
945 1913 1039 1965 quid
1073 1912 1151 1965 ipse
1171 1911 1399 1950 Hortenfius
1421 1912 1626 1963 judicaret,
1657 1909 1766 1947 vide-

362 1980 500 2018 bamus
519 1981 531 2016 ?
563 1980 631 2032 qui
663 1993 754 2017 cum
774 1980 976 2031 partiretur
997 1988 1126 2016 tecum
1147 1977 1285 2021 causaS‚
1319 1977 1430 2029 (saepe
1461 1977 1566 2013 enim
1587 1973 1764 2027 interfui)

361 2044 561 2097 perorandi
581 2044 728 2088 locum,
761 2045 827 2082 ubi
847 2044 1062 2096 plurimum
1083 2043 1205 2096 pollet
1225 2042 1358 2086 oratio,
1380 2041 1526 2093 semper
1555 2040 1627 2078 tibi
1646 2039 1765 2078 relin-

361 2112 519 2162 quebat.
570 2112 601 2149 F
605 2105 749 2148 acieb'at
777 2110 844 2148 ille
864 2110 1037 2162 quidem,
1070 2110 1258 2162 inquam;
1290 2118 1328 2145 et
1349 2106 1462 2152 mihi,
1486 2106 1765 2150 benevolentia,

363 2177 490 2222 credo,
523 2177 675 2221 ductus,
707 2178 899 2215 tribuebat
919 2177 1063 2215 omnia.
1102 2176 1172 2214 Sed
1193 2189 1278 2228 ego,
1302 2189 1386 2227 quae
1417 2174 1463 2212 de
1483 2187 1546 2213 me
1565 2173 1701 2226 populi
1722 2172 1767 2210 fit

361 2243 509 2294 opinio,
532 2242 684 2287 nescio;
707 2242 753 2280 de
769 2243 926 2295 reliquis
948 2242 1022 2281 hoc
1042 2243 1207 2287 affirmo,
1229 2242 1297 2294 qui
1317 2241 1425 2293 vulgi
1446 2241 1627 2293 opinione
1649 2238 1765 2276 diser-

364 2307 496 2346 tiffimi
530 2307 654 2345 habiti
684 2308 772 2355 fint,
807 2309 957 2347 eosdem
979 2309 1283 2361 intelligentium
1304 2320 1459 2359 quoque
1487 2305 1638 2358 judicio
1657 2302 1766 2341 fuiffe

365 2372 660 2424 probatiffimos.
692 2373 778 2410 Nec
798 2374 902 2411 enim
924 2373 1042 2426 posset
1062 2374 1165 2411 idem
1187 2371 1466 2411 Demosthenes
1493 2371 1630 2414 dicere,
1662 2366 1766 2419 quod

363 2437 497 2476 dixisse
512 2437 797 2478 Antimachum
812 2439 983 2478 Clarium
1003 2448 1156 2492 poetam
1170 2437 1313 2482 ferunt,
1328 2438 1410 2490 qui,
1427 2450 1533 2481 cum,
1548 2433 1765 2473 convocatis

364 2504 619 2550 auditoribus,
651 2505 793 2558 legeret
822 2506 874 2544 eis
896 2519 1083 2558 magnum
1105 2504 1217 2550 illud,
1253 2503 1357 2556 quod
1383 2502 1552 2547 novistis,
1585 2499 1766 2539 volumen

1289 2570 1321 2607 Β
1343 2568 1366 2606 b
1388 2568 1412 2605 b
1444 2580 1465 2605 2
