<?xml version="1.0" encoding="UTF-8"?>
<!DOCTYPE html PUBLIC "-//W3C//DTD XHTML 1.0 Transitional//EN"
    "http://www.w3.org/TR/xhtml1/DTD/xhtml1-transitional.dtd">
<html xmlns="http://www.w3.org/1999/xhtml" xml:lang="en" lang="en">
 <head>
  <title>
</title>
<meta http-equiv="Content-Type" content="text/html;charset=utf-8" />
  <meta name='ocr-system' content='tesseract 3.04.00' />
  <meta name='ocr-capabilities' content='ocr_page ocr_carea ocr_par ocr_line ocrx_word'/>
</head>
<body>
  <div class='ocr_page' id='page_1' title='image "./operacumindicibu01ciceuoft_0413.png"; bbox 0 0 2176 2912; ppageno 0'>
   <div class='ocr_carea' id='block_1_1' title="bbox 683 201 1735 249">
    <p class='ocr_par' dir='ltr' id='par_1_1' title="bbox 683 201 1735 249">
     <span class='ocr_line' id='line_1_1' title="bbox 683 201 1735 249; baseline -0.004 -7"><span class='ocrx_word' id='word_1_1' title='bbox 683 201 1402 242; x_wconf 81' lang='lat' dir='ltr'>ORATORIBUS.</span> <span class='ocrx_word' id='word_1_2' title='bbox 1661 213 1735 249; x_wconf 87' lang='lat'>401</span> 
     </span>
    </p>
   </div>
   <div class='ocr_carea' id='block_1_2' title="bbox 339 292 1753 2534">
    <p class='ocr_par' dir='ltr' id='par_1_2' title="bbox 339 292 1742 545">
     <span class='ocr_line' id='line_1_2' title="bbox 396 292 1739 347; baseline -0.005 -11"><span class='ocrx_word' id='word_1_3' title='bbox 396 298 488 337; x_wconf 91' lang='lat' dir='ltr'>Hoc</span> <span class='ocrx_word' id='word_1_4' title='bbox 521 297 607 336; x_wconf 89' lang='lat' dir='ltr'>loco</span> <span class='ocrx_word' id='word_1_5' title='bbox 627 296 796 340; x_wconf 82' lang='lat' dir='ltr'>Atticus,</span> <span class='ocrx_word' id='word_1_6' title='bbox 829 297 1008 334; x_wconf 87' lang='lat' dir='ltr'>Putarem</span> <span class='ocrx_word' id='word_1_7' title='bbox 1043 304 1094 340; x_wconf 89' lang='lat' dir='ltr'>te,</span> <span class='ocrx_word' id='word_1_8' title='bbox 1125 294 1266 347; x_wconf 83' lang='lat' dir='ltr'>inquit,</span> <span class='ocrx_word' id='word_1_9' title='bbox 1303 293 1552 332; x_wconf 86' lang='lat' dir='ltr'>ambitiosum</span> <span class='ocrx_word' id='word_1_10' title='bbox 1582 292 1667 337; x_wconf 76' lang='lat' dir='ltr'>effe,</span> <span class='ocrx_word' id='word_1_11' title='bbox 1699 293 1739 336; x_wconf 85' lang='lat' dir='ltr'>fi,</span> 
     </span>
     <span class='ocr_line' id='line_1_3' title="bbox 342 359 1741 414; baseline -0.004 -14"><span class='ocrx_word' id='word_1_12' title='bbox 342 362 406 414; x_wconf 90' lang='lat' dir='ltr'>(ut</span> <span class='ocrx_word' id='word_1_13' title='bbox 439 362 584 413; x_wconf 78' lang='lat' dir='ltr'>dixisti)</span> <span class='ocrx_word' id='word_1_14' title='bbox 616 362 658 406; x_wconf 82' lang='lat' dir='ltr'>ii,</span> <span class='ocrx_word' id='word_1_15' title='bbox 690 374 786 414; x_wconf 84' lang='lat' dir='ltr'>quos</span> <span class='ocrx_word' id='word_1_16' title='bbox 815 361 967 413; x_wconf 89' lang='lat' dir='ltr'>jamdiu</span> <span class='ocrx_word' id='word_1_17' title='bbox 1001 361 1169 413; x_wconf 84' lang='lat' dir='ltr'><strong>colligis,</strong></span> <span class='ocrx_word' id='word_1_18' title='bbox 1211 360 1394 397; x_wconf 87' lang='lat' dir='ltr'>viverent.</span> <span class='ocrx_word' id='word_1_19' title='bbox 1457 359 1605 396; x_wconf 80' lang='lat' dir='ltr'>Omnes</span> <span class='ocrx_word' id='word_1_20' title='bbox 1636 359 1741 396; x_wconf 86' lang='lat' dir='ltr'>enim</span> 
     </span>
     <span class='ocr_line' id='line_1_4' title="bbox 339 422 1742 479; baseline -0.003 -14"><span class='ocrx_word' id='word_1_21' title='bbox 339 440 634 472; x_wconf 84' lang='lat' dir='ltr'>commemoras,</span> <span class='ocrx_word' id='word_1_22' title='bbox 666 427 735 479; x_wconf 91' lang='lat' dir='ltr'>qui</span> <span class='ocrx_word' id='word_1_23' title='bbox 769 427 843 464; x_wconf 89' lang='lat' dir='ltr'>aufi</span> <span class='ocrx_word' id='word_1_24' title='bbox 874 426 1079 479; x_wconf 88' lang='lat' dir='ltr'>aliquando</span> <span class='ocrx_word' id='word_1_25' title='bbox 1113 426 1200 464; x_wconf 86' lang='lat' dir='ltr'>sunt</span> <span class='ocrx_word' id='word_1_26' title='bbox 1228 425 1364 463; x_wconf 86' lang='lat' dir='ltr'>stantes</span> <span class='ocrx_word' id='word_1_27' title='bbox 1398 424 1506 476; x_wconf 89' lang='lat' dir='ltr'>loqui</span> <span class='ocrx_word' id='word_1_28' title='bbox 1523 443 1534 469; x_wconf 80' lang='lat'>3</span> <span class='ocrx_word' id='word_1_29' title='bbox 1567 432 1610 462; x_wconf 87' lang='lat' dir='ltr'>ut</span> <span class='ocrx_word' id='word_1_30' title='bbox 1641 422 1742 462; x_wconf 87' lang='lat' dir='ltr'>mihi</span> 
     </span>
     <span class='ocr_line' id='line_1_5' title="bbox 339 490 1291 545; baseline -0.001 -16"><span class='ocrx_word' id='word_1_31' title='bbox 339 492 563 544; x_wconf 86' lang='lat' dir='ltr'>imprudens</span> <span class='ocrx_word' id='word_1_32' title='bbox 585 492 649 531; x_wconf 89' lang='grc' dir='ltr'>Μ.</span> <span class='ocrx_word' id='word_1_33' title='bbox 672 492 874 531; x_wconf 89' lang='lat' dir='ltr'>Servilium</span> <span class='ocrx_word' id='word_1_34' title='bbox 895 490 1111 545; x_wconf 83' lang='lat' dir='ltr'>praeteriiffe</span> <span class='ocrx_word' id='word_1_35' title='bbox 1129 491 1291 530; x_wconf 83' lang='lat' dir='ltr'>videare.</span> 
     </span>
    </p>

    <p class='ocr_par' dir='ltr' id='par_1_3' title="bbox 339 555 1747 1540">
     <span class='ocr_line' id='line_1_6' title="bbox 394 555 1742 610; baseline -0.003 -14"><span class='ocrx_word' id='word_1_36' title='bbox 394 559 627 597; x_wconf 92' lang='lat' dir='ltr'>LXXVIII.</span> <span class='ocrx_word' id='word_1_37' title='bbox 662 559 773 604; x_wconf 91' lang='lat' dir='ltr'>Non,</span> <span class='ocrx_word' id='word_1_38' title='bbox 794 559 969 610; x_wconf 85' lang='lat' dir='ltr'>inquam,</span> <span class='ocrx_word' id='word_1_39' title='bbox 991 571 1062 610; x_wconf 85' lang='lat' dir='ltr'>ego</span> <span class='ocrx_word' id='word_1_40' title='bbox 1083 557 1176 596; x_wconf 88' lang='lat' dir='ltr'>istuc</span> <span class='ocrx_word' id='word_1_41' title='bbox 1197 558 1348 610; x_wconf 83' lang='lat' dir='ltr'>ignoro,</span> <span class='ocrx_word' id='word_1_42' title='bbox 1366 555 1575 609; x_wconf 89' lang='lat' dir='ltr'>Pomponi,</span> <span class='ocrx_word' id='word_1_43' title='bbox 1597 555 1742 592; x_wconf 85' lang='lat' dir='ltr'>multos</span> 
     </span>
     <span class='ocr_line' id='line_1_7' title="bbox 339 620 1742 677; baseline -0.004 -15"><span class='ocrx_word' id='word_1_44' title='bbox 339 621 464 669; x_wconf 85' lang='lat' dir='ltr'>fuiffe,</span> <span class='ocrx_word' id='word_1_45' title='bbox 496 625 564 677; x_wconf 88' lang='lat' dir='ltr'>qui</span> <span class='ocrx_word' id='word_1_46' title='bbox 595 624 758 662; x_wconf 90' lang='lat' dir='ltr'>verbum</span> <span class='ocrx_word' id='word_1_47' title='bbox 791 637 1008 676; x_wconf 84' lang='lat' dir='ltr'>numquam</span> <span class='ocrx_word' id='word_1_48' title='bbox 1027 624 1068 661; x_wconf 91' lang='lat' dir='ltr'>in</span> <span class='ocrx_word' id='word_1_49' title='bbox 1087 623 1248 676; x_wconf 91' lang='lat' dir='ltr'>publico</span> <span class='ocrx_word' id='word_1_50' title='bbox 1267 621 1454 667; x_wconf 86' lang='lat' dir='ltr'>fecissent,</span> <span class='ocrx_word' id='word_1_51' title='bbox 1491 634 1583 659; x_wconf 89' lang='lat' dir='ltr'>cum</span> <span class='ocrx_word' id='word_1_52' title='bbox 1604 620 1742 658; x_wconf 85' lang='lat' dir='ltr'>melius</span> 
     </span>
     <span class='ocr_line' id='line_1_8' title="bbox 339 687 1746 744; baseline -0.002 -17"><span class='ocrx_word' id='word_1_53' title='bbox 339 690 537 743; x_wconf 88' lang='lat' dir='ltr'>aliquanto</span> <span class='ocrx_word' id='word_1_54' title='bbox 556 691 717 744; x_wconf 87' lang='lat' dir='ltr'>poffent,</span> <span class='ocrx_word' id='word_1_55' title='bbox 748 705 865 744; x_wconf 90' lang='lat' dir='ltr'>quam</span> <span class='ocrx_word' id='word_1_56' title='bbox 896 690 956 728; x_wconf 89' lang='lat' dir='ltr'>isti</span> <span class='ocrx_word' id='word_1_57' title='bbox 976 699 1155 734; x_wconf 83' lang='lat' dir='ltr'>oratores,</span> <span class='ocrx_word' id='word_1_58' title='bbox 1187 703 1282 742; x_wconf 81' lang='lat' dir='ltr'>quos</span> <span class='ocrx_word' id='word_1_59' title='bbox 1310 689 1468 741; x_wconf 76' lang='lat' dir='ltr'>colligo,</span> <span class='ocrx_word' id='word_1_60' title='bbox 1500 689 1651 726; x_wconf 86' lang='lat' dir='ltr'>dicere:</span> <span class='ocrx_word' id='word_1_61' title='bbox 1684 687 1746 724; x_wconf 89' lang='lat' dir='ltr'>sed</span> 
     </span>
     <span class='ocr_line' id='line_1_9' title="bbox 340 754 1744 809; baseline -0.002 -15"><span class='ocrx_word' id='word_1_62' title='bbox 340 755 402 794; x_wconf 87' lang='lat' dir='ltr'>his</span> <span class='ocrx_word' id='word_1_63' title='bbox 437 757 788 796; x_wconf 85' lang='lat' dir='ltr'>commemorandis</span> <span class='ocrx_word' id='word_1_64' title='bbox 817 758 934 795; x_wconf 90' lang='lat' dir='ltr'>etiarn</span> <span class='ocrx_word' id='word_1_65' title='bbox 967 757 1066 794; x_wconf 91' lang='lat' dir='ltr'>illud</span> <span class='ocrx_word' id='word_1_66' title='bbox 1099 756 1279 809; x_wconf 82' lang='lat' dir='ltr'>affequor,</span> <span class='ocrx_word' id='word_1_67' title='bbox 1323 766 1366 794; x_wconf 89' lang='lat' dir='ltr'>ut</span> <span class='ocrx_word' id='word_1_68' title='bbox 1394 754 1633 807; x_wconf 79' lang='lat' dir='ltr'>intelligati8‚</span> <span class='ocrx_word' id='word_1_69' title='bbox 1664 754 1744 806; x_wconf 83' lang='lat' dir='ltr'>pri-</span> 
     </span>
     <span class='ocr_line' id='line_1_10' title="bbox 340 820 1744 875; baseline -0.003 -14"><span class='ocrx_word' id='word_1_70' title='bbox 340 822 455 860; x_wconf 72' lang='lat' dir='ltr'>mum</span> <span class='ocrx_word' id='word_1_71' title='bbox 474 837 522 861; x_wconf 90' lang='lat' dir='ltr'>ex</span> <span class='ocrx_word' id='word_1_72' title='bbox 539 824 649 861; x_wconf 91' lang='lat' dir='ltr'>omni</span> <span class='ocrx_word' id='word_1_73' title='bbox 680 837 854 868; x_wconf 89' lang='lat' dir='ltr'>numero,</span> <span class='ocrx_word' id='word_1_74' title='bbox 886 836 1003 875; x_wconf 90' lang='lat' dir='ltr'>quam</span> <span class='ocrx_word' id='word_1_75' title='bbox 1024 837 1103 861; x_wconf 90' lang='lat' dir='ltr'>non</span> <span class='ocrx_word' id='word_1_76' title='bbox 1124 822 1241 860; x_wconf 88' lang='lat' dir='ltr'>multi</span> <span class='ocrx_word' id='word_1_77' title='bbox 1261 822 1336 860; x_wconf 87' lang='lat' dir='ltr'>aufi</span> <span class='ocrx_word' id='word_1_78' title='bbox 1362 821 1434 860; x_wconf 75' lang='lat' dir='ltr'>sint</span> <span class='ocrx_word' id='word_1_79' title='bbox 1464 821 1602 865; x_wconf 85' lang='lat' dir='ltr'>dicere,</span> <span class='ocrx_word' id='word_1_80' title='bbox 1634 820 1744 858; x_wconf 89' lang='lat' dir='ltr'>dein-</span> 
     </span>
     <span class='ocr_line' id='line_1_11' title="bbox 341 885 1745 942; baseline -0.001 -16"><span class='ocrx_word' id='word_1_81' title='bbox 341 888 389 926; x_wconf 92' lang='lat' dir='ltr'>de</span> <span class='ocrx_word' id='word_1_82' title='bbox 417 889 530 927; x_wconf 87' lang='lat' dir='ltr'>exiis</span> <span class='ocrx_word' id='word_1_83' title='bbox 550 889 637 941; x_wconf 88' lang='lat' dir='ltr'>ipfis</span> <span class='ocrx_word' id='word_1_84' title='bbox 658 902 776 941; x_wconf 89' lang='lat' dir='ltr'>quam</span> <span class='ocrx_word' id='word_1_85' title='bbox 809 889 922 942; x_wconf 90' lang='lat' dir='ltr'>pauci</span> <span class='ocrx_word' id='word_1_86' title='bbox 942 887 1086 926; x_wconf 88' lang='lat' dir='ltr'>fuerint</span> <span class='ocrx_word' id='word_1_87' title='bbox 1106 887 1218 925; x_wconf 89' lang='lat' dir='ltr'>laude</span> <span class='ocrx_word' id='word_1_88' title='bbox 1248 888 1370 940; x_wconf 84' lang='lat' dir='ltr'>digni.</span> <span class='ocrx_word' id='word_1_89' title='bbox 1431 888 1565 939; x_wconf 88' lang='lat' dir='ltr'>Itaque</span> <span class='ocrx_word' id='word_1_90' title='bbox 1599 900 1645 924; x_wconf 90' lang='lat' dir='ltr'>ne</span> <span class='ocrx_word' id='word_1_91' title='bbox 1673 885 1745 924; x_wconf 83' lang='lat' dir='ltr'>hos</span> 
     </span>
     <span class='ocr_line' id='line_1_12' title="bbox 341 953 1747 1007; baseline -0.001 -14"><span class='ocrx_word' id='word_1_92' title='bbox 341 955 501 1007; x_wconf 86' lang='lat' dir='ltr'>quidem</span> <span class='ocrx_word' id='word_1_93' title='bbox 538 956 684 1007; x_wconf 86' lang='lat' dir='ltr'>equites</span> <span class='ocrx_word' id='word_1_94' title='bbox 719 956 933 1000; x_wconf 86' lang='lat' dir='ltr'>Romanos,</span> <span class='ocrx_word' id='word_1_95' title='bbox 963 955 1108 993; x_wconf 86' lang='lat' dir='ltr'>amicos</span> <span class='ocrx_word' id='word_1_96' title='bbox 1142 953 1303 999; x_wconf 87' lang='lat' dir='ltr'>nostros,</span> <span class='ocrx_word' id='word_1_97' title='bbox 1346 955 1415 1006; x_wconf 91' lang='lat' dir='ltr'>qui</span> <span class='ocrx_word' id='word_1_98' title='bbox 1450 967 1571 1006; x_wconf 85' lang='lat' dir='ltr'>nuper</span> <span class='ocrx_word' id='word_1_99' title='bbox 1600 954 1747 992; x_wconf 83' lang='lat' dir='ltr'>mortui</span> 
     </span>
     <span class='ocr_line' id='line_1_13' title="bbox 341 1018 1745 1075; baseline -0.002 -15"><span class='ocrx_word' id='word_1_100' title='bbox 341 1021 443 1067; x_wconf 86' lang='lat' dir='ltr'>sunt,</span> <span class='ocrx_word' id='word_1_101' title='bbox 466 1023 511 1060; x_wconf 93' lang='lat' dir='ltr'>P.</span> <span class='ocrx_word' id='word_1_102' title='bbox 535 1021 767 1060; x_wconf 82' lang='lat' dir='ltr'>Cominium</span> <span class='ocrx_word' id='word_1_103' title='bbox 790 1021 1047 1075; x_wconf 90' lang='lat' dir='ltr'>Spoletinum,</span> <span class='ocrx_word' id='word_1_104' title='bbox 1081 1034 1160 1073; x_wconf 90' lang='lat' dir='ltr'>quo</span> <span class='ocrx_word' id='word_1_105' title='bbox 1179 1020 1378 1059; x_wconf 83' lang='lat' dir='ltr'>accusante</span> <span class='ocrx_word' id='word_1_106' title='bbox 1398 1018 1553 1058; x_wconf 89' lang='lat' dir='ltr'>defendi</span> <span class='ocrx_word' id='word_1_107' title='bbox 1574 1021 1622 1058; x_wconf 89' lang='lat' dir='ltr'>C.</span> <span class='ocrx_word' id='word_1_108' title='bbox 1645 1021 1745 1058; x_wconf 91' lang='lat' dir='ltr'>Cor-</span> 
     </span>
     <span class='ocr_line' id='line_1_14' title="bbox 341 1087 1747 1141; baseline -0.001 -16"><span class='ocrx_word' id='word_1_109' title='bbox 341 1088 491 1126; x_wconf 88' lang='lat' dir='ltr'>nelium</span> <span class='ocrx_word' id='word_1_110' title='bbox 507 1106 519 1132; x_wconf 76' lang='lat'>3</span> <span class='ocrx_word' id='word_1_111' title='bbox 552 1088 593 1125; x_wconf 90' lang='lat' dir='ltr'>in</span> <span class='ocrx_word' id='word_1_112' title='bbox 626 1100 705 1139; x_wconf 88' lang='lat' dir='ltr'>quo</span> <span class='ocrx_word' id='word_1_113' title='bbox 735 1096 774 1125; x_wconf 90' lang='lat' dir='ltr'>et</span> <span class='ocrx_word' id='word_1_114' title='bbox 792 1087 1051 1141; x_wconf 77' lang='lat' dir='ltr'>compositum</span> <span class='ocrx_word' id='word_1_115' title='bbox 1084 1087 1239 1125; x_wconf 87' lang='lat' dir='ltr'>dicendi</span> <span class='ocrx_word' id='word_1_116' title='bbox 1267 1101 1402 1140; x_wconf 83' lang='lat' dir='ltr'>genus,</span> <span class='ocrx_word' id='word_1_117' title='bbox 1433 1095 1471 1124; x_wconf 93' lang='lat' dir='ltr'>et</span> <span class='ocrx_word' id='word_1_118' title='bbox 1491 1099 1588 1130; x_wconf 89' lang='lat' dir='ltr'>acre,</span> <span class='ocrx_word' id='word_1_119' title='bbox 1619 1094 1658 1124; x_wconf 89' lang='lat' dir='ltr'>et</span> <span class='ocrx_word' id='word_1_120' title='bbox 1677 1099 1747 1124; x_wconf 88' lang='lat' dir='ltr'>ex-</span> 
     </span>
     <span class='ocr_line' id='line_1_15' title="bbox 341 1151 1746 1207; baseline -0.001 -16"><span class='ocrx_word' id='word_1_121' title='bbox 341 1153 522 1207; x_wconf 88' lang='lat' dir='ltr'>peditum</span> <span class='ocrx_word' id='word_1_122' title='bbox 552 1152 655 1192; x_wconf 91' lang='lat' dir='ltr'>fuit:</span> <span class='ocrx_word' id='word_1_123' title='bbox 688 1155 741 1192; x_wconf 94' lang='lat' dir='ltr'>T.</span> <span class='ocrx_word' id='word_1_124' title='bbox 759 1154 931 1192; x_wconf 89' lang='lat' dir='ltr'>Accium</span> <span class='ocrx_word' id='word_1_125' title='bbox 962 1153 1234 1198; x_wconf 87' lang='lat' dir='ltr'>Pisaurensem,</span> <span class='ocrx_word' id='word_1_126' title='bbox 1266 1154 1376 1206; x_wconf 85' lang='lat' dir='ltr'>cujus</span> <span class='ocrx_word' id='word_1_127' title='bbox 1409 1152 1641 1191; x_wconf 85' lang='lat' dir='ltr'>accusationi</span> <span class='ocrx_word' id='word_1_128' title='bbox 1669 1151 1746 1190; x_wconf 87' lang='lat' dir='ltr'>res-</span> 
     </span>
     <span class='ocr_line' id='line_1_16' title="bbox 343 1218 1746 1273; baseline -0.002 -14"><span class='ocrx_word' id='word_1_129' title='bbox 343 1220 464 1273; x_wconf 91' lang='lat' dir='ltr'>pondi</span> <span class='ocrx_word' id='word_1_130' title='bbox 483 1233 552 1273; x_wconf 90' lang='lat' dir='ltr'>pro</span> <span class='ocrx_word' id='word_1_131' title='bbox 572 1221 623 1258; x_wconf 91' lang='lat' dir='ltr'>A.</span> <span class='ocrx_word' id='word_1_132' title='bbox 651 1219 859 1266; x_wconf 77' lang='lat' dir='ltr'>Cluenti03</span> <span class='ocrx_word' id='word_1_133' title='bbox 891 1220 959 1272; x_wconf 91' lang='lat' dir='ltr'>qui</span> <span class='ocrx_word' id='word_1_134' title='bbox 978 1228 1016 1258; x_wconf 92' lang='lat' dir='ltr'>et</span> <span class='ocrx_word' id='word_1_135' title='bbox 1035 1229 1207 1258; x_wconf 89' lang='lat' dir='ltr'>accurate</span> <span class='ocrx_word' id='word_1_136' title='bbox 1227 1219 1391 1264; x_wconf 87' lang='lat' dir='ltr'>dicebat,</span> <span class='ocrx_word' id='word_1_137' title='bbox 1413 1228 1452 1257; x_wconf 87' lang='lat' dir='ltr'>et</span> <span class='ocrx_word' id='word_1_138' title='bbox 1473 1218 1559 1257; x_wconf 85' lang='lat' dir='ltr'>satis</span> <span class='ocrx_word' id='word_1_139' title='bbox 1580 1218 1746 1271; x_wconf 90' lang='lat' dir='ltr'>copiose,</span> 
     </span>
     <span class='ocr_line' id='line_1_17' title="bbox 342 1284 1745 1341; baseline -0.001 -17"><span class='ocrx_word' id='word_1_140' title='bbox 342 1296 496 1339; x_wconf 88' lang='lat' dir='ltr'>eratque</span> <span class='ocrx_word' id='word_1_141' title='bbox 514 1295 692 1341; x_wconf 83' lang='lat' dir='ltr'>praeterea</span> <span class='ocrx_word' id='word_1_142' title='bbox 711 1287 843 1326; x_wconf 65' lang='lat' dir='ltr'>doetus</span> <span class='ocrx_word' id='word_1_143' title='bbox 864 1287 1116 1339; x_wconf 83' lang='lat' dir='ltr'>Hermagorae</span> <span class='ocrx_word' id='word_1_144' title='bbox 1147 1286 1375 1339; x_wconf 85' lang='lat' dir='ltr'>praeceptis;</span> <span class='ocrx_word' id='word_1_145' title='bbox 1407 1285 1549 1337; x_wconf 87' lang='lat' dir='ltr'>quibus</span> <span class='ocrx_word' id='word_1_146' title='bbox 1583 1284 1648 1322; x_wconf 90' lang='lat' dir='ltr'>etfi</span> <span class='ocrx_word' id='word_1_147' title='bbox 1682 1298 1745 1322; x_wconf 89' lang='lat' dir='ltr'>or·-</span> 
     </span>
     <span class='ocr_line' id='line_1_18' title="bbox 343 1350 1747 1406; baseline -0.004 -14"><span class='ocrx_word' id='word_1_148' title='bbox 343 1363 524 1392; x_wconf 90' lang='lat' dir='ltr'>namenta</span> <span class='ocrx_word' id='word_1_149' title='bbox 557 1367 635 1392; x_wconf 92' lang='lat' dir='ltr'>non</span> <span class='ocrx_word' id='word_1_150' title='bbox 670 1353 755 1392; x_wconf 86' lang='lat' dir='ltr'>satis</span> <span class='ocrx_word' id='word_1_151' title='bbox 789 1353 919 1406; x_wconf 89' lang='lat' dir='ltr'>opima</span> <span class='ocrx_word' id='word_1_152' title='bbox 952 1352 1119 1398; x_wconf 91' lang='lat' dir='ltr'>dicendi,</span> <span class='ocrx_word' id='word_1_153' title='bbox 1156 1361 1298 1397; x_wconf 89' lang='lat' dir='ltr'>tamen,</span> <span class='ocrx_word' id='word_1_154' title='bbox 1339 1360 1383 1390; x_wconf 89' lang='lat' dir='ltr'>ut</span> <span class='ocrx_word' id='word_1_155' title='bbox 1418 1350 1530 1389; x_wconf 84' lang='lat' dir='ltr'>hastae</span> <span class='ocrx_word' id='word_1_156' title='bbox 1564 1350 1747 1393; x_wconf 88' lang='lat' dir='ltr'>velitibus</span> 
     </span>
     <span class='ocr_line' id='line_1_19' title="bbox 343 1417 1746 1473; baseline -0.002 -15"><span class='ocrx_word' id='word_1_157' title='bbox 343 1430 558 1465; x_wconf 85' lang='lat' dir='ltr'>amentatae,</span> <span class='ocrx_word' id='word_1_158' title='bbox 576 1421 626 1458; x_wconf 88' lang='lat' dir='ltr'>fic</span> <span class='ocrx_word' id='word_1_159' title='bbox 646 1430 733 1473; x_wconf 89' lang='lat' dir='ltr'>apta</span> <span class='ocrx_word' id='word_1_160' title='bbox 752 1420 927 1473; x_wconf 84' lang='lat' dir='ltr'>quaedam</span> <span class='ocrx_word' id='word_1_161' title='bbox 947 1429 986 1458; x_wconf 91' lang='lat' dir='ltr'>et</span> <span class='ocrx_word' id='word_1_162' title='bbox 1004 1428 1132 1473; x_wconf 84' lang='lat' dir='ltr'>parata</span> <span class='ocrx_word' id='word_1_163' title='bbox 1146 1418 1303 1472; x_wconf 83' lang='lat' dir='ltr'>fingulis</span> <span class='ocrx_word' id='word_1_164' title='bbox 1324 1417 1523 1457; x_wconf 86' lang='lat' dir='ltr'>causarum</span> <span class='ocrx_word' id='word_1_165' title='bbox 1542 1417 1746 1471; x_wconf 87' lang='lat' dir='ltr'>generibus</span> 
     </span>
     <span class='ocr_line' id='line_1_20' title="bbox 344 1487 804 1540; baseline 0.002 -15"><span class='ocrx_word' id='word_1_166' title='bbox 344 1496 570 1540; x_wconf 86' lang='lat' dir='ltr'>argumenta</span> <span class='ocrx_word' id='word_1_167' title='bbox 589 1487 804 1526; x_wconf 89' lang='lat' dir='ltr'>traduntur.</span> 
     </span>
    </p>

    <p class='ocr_par' dir='ltr' id='par_1_4' title="bbox 342 1549 1753 2534">
     <span class='ocr_line' id='line_1_21' title="bbox 398 1549 1747 1604; baseline -0.004 -12"><span class='ocrx_word' id='word_1_168' title='bbox 398 1553 535 1592; x_wconf 89' lang='lat' dir='ltr'>Studio</span> <span class='ocrx_word' id='word_1_169' title='bbox 587 1563 716 1591; x_wconf 90' lang='lat' dir='ltr'>autem</span> <span class='ocrx_word' id='word_1_170' title='bbox 755 1553 968 1598; x_wconf 89' lang='lat' dir='ltr'>neminem,</span> <span class='ocrx_word' id='word_1_171' title='bbox 1032 1566 1103 1591; x_wconf 90' lang='lat' dir='ltr'>nec</span> <span class='ocrx_word' id='word_1_172' title='bbox 1152 1551 1334 1591; x_wconf 87' lang='lat' dir='ltr'>industria</span> <span class='ocrx_word' id='word_1_173' title='bbox 1377 1552 1520 1604; x_wconf 88' lang='lat' dir='ltr'>majore</span> <span class='ocrx_word' id='word_1_174' title='bbox 1567 1549 1747 1603; x_wconf 84' lang='lat' dir='ltr'>cognovi,</span> 
     </span>
     <span class='ocr_line' id='line_1_22' title="bbox 342 1615 1749 1673; baseline -0.004 -15"><span class='ocrx_word' id='word_1_175' title='bbox 342 1633 569 1672; x_wconf 83' lang='lat' dir='ltr'>quanquam</span> <span class='ocrx_word' id='word_1_176' title='bbox 607 1633 655 1658; x_wconf 89' lang='lat' dir='ltr'>ne</span> <span class='ocrx_word' id='word_1_177' title='bbox 688 1620 846 1672; x_wconf 88' lang='lat' dir='ltr'>ingenio</span> <span class='ocrx_word' id='word_1_178' title='bbox 883 1619 1044 1673; x_wconf 89' lang='lat' dir='ltr'>quidem</span> <span class='ocrx_word' id='word_1_179' title='bbox 1075 1620 1143 1672; x_wconf 91' lang='lat' dir='ltr'>qui</span> <span class='ocrx_word' id='word_1_180' title='bbox 1177 1618 1393 1672; x_wconf 87' lang='lat' dir='ltr'>praestiterit</span> <span class='ocrx_word' id='word_1_181' title='bbox 1427 1616 1540 1655; x_wconf 86' lang='lat' dir='ltr'>facile</span> <span class='ocrx_word' id='word_1_182' title='bbox 1569 1615 1749 1660; x_wconf 81' lang='lat' dir='ltr'>dixerim,</span> 
     </span>
     <span class='ocr_line' id='line_1_23' title="bbox 346 1684 1748 1738; baseline -0.004 -13"><span class='ocrx_word' id='word_1_183' title='bbox 346 1687 396 1725; x_wconf 94' lang='lat' dir='ltr'>C.</span> <span class='ocrx_word' id='word_1_184' title='bbox 419 1686 562 1731; x_wconf 88' lang='lat' dir='ltr'>Pisoni,</span> <span class='ocrx_word' id='word_1_185' title='bbox 603 1699 743 1738; x_wconf 89' lang='lat' dir='ltr'>genero</span> <span class='ocrx_word' id='word_1_186' title='bbox 776 1699 878 1724; x_wconf 90' lang='lat' dir='ltr'>meo.</span> <span class='ocrx_word' id='word_1_187' title='bbox 939 1685 1113 1725; x_wconf 92' lang='lat' dir='ltr'>Nullum</span> <span class='ocrx_word' id='word_1_188' title='bbox 1144 1695 1298 1738; x_wconf 87' lang='lat' dir='ltr'>tempus</span> <span class='ocrx_word' id='word_1_189' title='bbox 1332 1684 1392 1722; x_wconf 91' lang='lat' dir='ltr'>illi</span> <span class='ocrx_word' id='word_1_190' title='bbox 1431 1696 1604 1736; x_wconf 89' lang='lat' dir='ltr'>unquam</span> <span class='ocrx_word' id='word_1_191' title='bbox 1636 1695 1748 1719; x_wconf 88' lang='lat' dir='ltr'>vaca-</span> 
     </span>
     <span class='ocr_line' id='line_1_24' title="bbox 346 1747 1748 1796; baseline -0.003 -7"><span class='ocrx_word' id='word_1_192' title='bbox 346 1752 413 1790; x_wconf 89' lang='lat' dir='ltr'>bat</span> <span class='ocrx_word' id='word_1_193' title='bbox 450 1761 515 1789; x_wconf 91' lang='lat' dir='ltr'>aut</span> <span class='ocrx_word' id='word_1_194' title='bbox 553 1765 575 1789; x_wconf 91' lang='lat' dir='ltr'>a</span> <span class='ocrx_word' id='word_1_195' title='bbox 607 1751 744 1790; x_wconf 88' lang='lat' dir='ltr'>forenfi</span> <span class='ocrx_word' id='word_1_196' title='bbox 779 1752 959 1796; x_wconf 66' lang='lat' dir='ltr'>dictione,</span> <span class='ocrx_word' id='word_1_197' title='bbox 1004 1760 1069 1789; x_wconf 85' lang='lat' dir='ltr'>aut</span> <span class='ocrx_word' id='word_1_198' title='bbox 1103 1765 1124 1788; x_wconf 90' lang='lat' dir='ltr'>a</span> <span class='ocrx_word' id='word_1_199' title='bbox 1158 1750 1488 1790; x_wconf 87' lang='lat' dir='ltr'>commentatione</span> <span class='ocrx_word' id='word_1_200' title='bbox 1528 1747 1748 1793; x_wconf 88' lang='lat' dir='ltr'>domestica,</span> 
     </span>
     <span class='ocr_line' id='line_1_25' title="bbox 346 1814 1749 1870; baseline -0.003 -15"><span class='ocrx_word' id='word_1_201' title='bbox 346 1826 412 1855; x_wconf 91' lang='lat' dir='ltr'>aut</span> <span class='ocrx_word' id='word_1_202' title='bbox 433 1831 452 1855; x_wconf 91' lang='lat' dir='ltr'>a</span> <span class='ocrx_word' id='word_1_203' title='bbox 472 1817 685 1862; x_wconf 90' lang='lat' dir='ltr'>scribendo,</span> <span class='ocrx_word' id='word_1_204' title='bbox 716 1827 781 1856; x_wconf 88' lang='lat' dir='ltr'>aut</span> <span class='ocrx_word' id='word_1_205' title='bbox 815 1831 835 1855; x_wconf 88' lang='lat' dir='ltr'>a</span> <span class='ocrx_word' id='word_1_206' title='bbox 864 1818 1082 1870; x_wconf 86' lang='lat' dir='ltr'>cogitando.</span> <span class='ocrx_word' id='word_1_207' title='bbox 1144 1818 1278 1869; x_wconf 86' lang='lat' dir='ltr'>Itaque</span> <span class='ocrx_word' id='word_1_208' title='bbox 1300 1826 1422 1855; x_wconf 88' lang='lat' dir='ltr'>tantos</span> <span class='ocrx_word' id='word_1_209' title='bbox 1454 1814 1643 1869; x_wconf 74' lang='lat' dir='ltr'>processus</span> <span class='ocrx_word' id='word_1_210' title='bbox 1664 1814 1749 1852; x_wconf 85' lang='lat' dir='ltr'>effi-</span> 
     </span>
     <span class='ocr_line' id='line_1_26' title="bbox 347 1881 1749 1934; baseline -0.003 -12"><span class='ocrx_word' id='word_1_211' title='bbox 347 1885 485 1929; x_wconf 89' lang='lat' dir='ltr'>ciebat,</span> <span class='ocrx_word' id='word_1_212' title='bbox 523 1894 567 1922; x_wconf 90' lang='lat' dir='ltr'>ut</span> <span class='ocrx_word' id='word_1_213' title='bbox 596 1884 761 1929; x_wconf 89' lang='lat' dir='ltr'>evolare,</span> <span class='ocrx_word' id='word_1_214' title='bbox 804 1898 882 1923; x_wconf 91' lang='lat' dir='ltr'>non</span> <span class='ocrx_word' id='word_1_215' title='bbox 916 1897 1126 1928; x_wconf 85' lang='lat' dir='ltr'>excurrere,</span> <span class='ocrx_word' id='word_1_216' title='bbox 1162 1884 1351 1921; x_wconf 90' lang='lat' dir='ltr'>videretur</span> <span class='ocrx_word' id='word_1_217' title='bbox 1367 1901 1379 1928; x_wconf 72' lang='lat'>5</span> <span class='ocrx_word' id='word_1_218' title='bbox 1422 1886 1577 1934; x_wconf 87' lang='lat' dir='ltr'>eratque</span> <span class='ocrx_word' id='word_1_219' title='bbox 1612 1881 1749 1919; x_wconf 88' lang='lat' dir='ltr'>verbo-</span> 
     </span>
     <span class='ocr_line' id='line_1_27' title="bbox 347 1946 1748 2003; baseline -0.004 -14"><span class='ocrx_word' id='word_1_220' title='bbox 347 1965 435 1989; x_wconf 88' lang='lat' dir='ltr'>rum</span> <span class='ocrx_word' id='word_1_221' title='bbox 454 1960 491 1988; x_wconf 90' lang='lat' dir='ltr'>et</span> <span class='ocrx_word' id='word_1_222' title='bbox 511 1950 678 1988; x_wconf 56' lang='lat' dir='ltr'>delectus</span> <span class='ocrx_word' id='word_1_223' title='bbox 710 1950 876 2003; x_wconf 85' lang='lat' dir='ltr'>elegans,</span> <span class='ocrx_word' id='word_1_224' title='bbox 908 1959 946 1988; x_wconf 87' lang='lat' dir='ltr'>et</span> <span class='ocrx_word' id='word_1_225' title='bbox 980 1959 1080 2003; x_wconf 89' lang='lat' dir='ltr'>apta,</span> <span class='ocrx_word' id='word_1_226' title='bbox 1111 1958 1149 1986; x_wconf 86' lang='lat' dir='ltr'>et</span> <span class='ocrx_word' id='word_1_227' title='bbox 1170 1949 1272 2001; x_wconf 75' lang='lat' dir='ltr'>quasi</span> <span class='ocrx_word' id='word_1_228' title='bbox 1304 1948 1468 1986; x_wconf 78' lang='lat' dir='ltr'>rotunda</span> <span class='ocrx_word' id='word_1_229' title='bbox 1490 1946 1748 1985; x_wconf 66' lang='lat' dir='ltr'>constructio:</span> 
     </span>
     <span class='ocr_line' id='line_1_28' title="bbox 347 2011 1751 2070; baseline -0.006 -13"><span class='ocrx_word' id='word_1_230' title='bbox 347 2030 517 2069; x_wconf 89' lang='lat' dir='ltr'>cumque</span> <span class='ocrx_word' id='word_1_231' title='bbox 550 2026 777 2070; x_wconf 83' lang='lat' dir='ltr'>argumenta</span> <span class='ocrx_word' id='word_1_232' title='bbox 811 2017 1125 2070; x_wconf 83' lang='lat' dir='ltr'>excogitabantur</span> <span class='ocrx_word' id='word_1_233' title='bbox 1154 2016 1200 2054; x_wconf 89' lang='lat' dir='ltr'>ab</span> <span class='ocrx_word' id='word_1_234' title='bbox 1232 2029 1276 2053; x_wconf 88' lang='lat' dir='ltr'>eo</span> <span class='ocrx_word' id='word_1_235' title='bbox 1308 2014 1446 2059; x_wconf 90' lang='lat' dir='ltr'>multa,</span> <span class='ocrx_word' id='word_1_236' title='bbox 1491 2023 1528 2051; x_wconf 88' lang='lat' dir='ltr'>et</span> <span class='ocrx_word' id='word_1_237' title='bbox 1561 2013 1671 2050; x_wconf 89' lang='lat' dir='ltr'>firma</span> <span class='ocrx_word' id='word_1_238' title='bbox 1705 2011 1751 2050; x_wconf 85' lang='lat' dir='ltr'>ad</span> 
     </span>
     <span class='ocr_line' id='line_1_29' title="bbox 348 2079 1750 2138; baseline -0.004 -16"><span class='ocrx_word' id='word_1_239' title='bbox 348 2084 605 2138; x_wconf 88' lang='lat' dir='ltr'>probandum,</span> <span class='ocrx_word' id='word_1_240' title='bbox 637 2093 724 2122; x_wconf 91' lang='lat' dir='ltr'>tum</span> <span class='ocrx_word' id='word_1_241' title='bbox 745 2084 944 2122; x_wconf 88' lang='lat' dir='ltr'>concinnae</span> <span class='ocrx_word' id='word_1_242' title='bbox 976 2092 1172 2136; x_wconf 76' lang='lat' dir='ltr'>acutaeque</span> <span class='ocrx_word' id='word_1_243' title='bbox 1207 2082 1429 2126; x_wconf 75' lang='lat' dir='ltr'>sententiae3</span> <span class='ocrx_word' id='word_1_244' title='bbox 1461 2079 1661 2133; x_wconf 86' lang='lat' dir='ltr'>gestusque</span> <span class='ocrx_word' id='word_1_245' title='bbox 1682 2092 1750 2116; x_wconf 90' lang='lat' dir='ltr'>na-</span> 
     </span>
     <span class='ocr_line' id='line_1_30' title="bbox 349 2145 1753 2202; baseline -0.005 -14"><span class='ocrx_word' id='word_1_246' title='bbox 349 2151 434 2188; x_wconf 68' lang='lat' dir='ltr'>tura</span> <span class='ocrx_word' id='word_1_247' title='bbox 467 2151 519 2188; x_wconf 89' lang='lat' dir='ltr'>ita</span> <span class='ocrx_word' id='word_1_248' title='bbox 550 2150 742 2195; x_wconf 86' lang='lat' dir='ltr'>venustus,</span> <span class='ocrx_word' id='word_1_249' title='bbox 773 2159 817 2188; x_wconf 91' lang='lat' dir='ltr'>ut</span> <span class='ocrx_word' id='word_1_250' title='bbox 847 2163 904 2188; x_wconf 88' lang='lat' dir='ltr'>ars</span> <span class='ocrx_word' id='word_1_251' title='bbox 934 2150 1066 2195; x_wconf 87' lang='lat' dir='ltr'>etiam,</span> <span class='ocrx_word' id='word_1_252' title='bbox 1097 2163 1184 2202; x_wconf 83' lang='lat' dir='ltr'>quae</span> <span class='ocrx_word' id='word_1_253' title='bbox 1211 2162 1288 2187; x_wconf 90' lang='lat' dir='ltr'>non</span> <span class='ocrx_word' id='word_1_254' title='bbox 1309 2157 1399 2192; x_wconf 88' lang='lat' dir='ltr'>erat,</span> <span class='ocrx_word' id='word_1_255' title='bbox 1431 2156 1469 2184; x_wconf 91' lang='lat' dir='ltr'>et</span> <span class='ocrx_word' id='word_1_256' title='bbox 1499 2160 1519 2184; x_wconf 91' lang='lat' dir='ltr'>e</span> <span class='ocrx_word' id='word_1_257' title='bbox 1552 2145 1753 2197; x_wconf 85' lang='lat' dir='ltr'>disciplina</span> 
     </span>
     <span class='ocr_line' id='line_1_31' title="bbox 350 2210 1753 2267; baseline -0.006 -13"><span class='ocrx_word' id='word_1_258' title='bbox 350 2225 478 2254; x_wconf 88' lang='lat' dir='ltr'>motus</span> <span class='ocrx_word' id='word_1_259' title='bbox 518 2216 677 2267; x_wconf 87' lang='lat' dir='ltr'>quidam</span> <span class='ocrx_word' id='word_1_260' title='bbox 709 2215 900 2254; x_wconf 86' lang='lat' dir='ltr'>videretur</span> <span class='ocrx_word' id='word_1_261' title='bbox 937 2216 1126 2254; x_wconf 86' lang='lat' dir='ltr'>accedere.</span> <span class='ocrx_word' id='word_1_262' title='bbox 1187 2215 1344 2259; x_wconf 88' lang='lat' dir='ltr'>Vereor,</span> <span class='ocrx_word' id='word_1_263' title='bbox 1387 2226 1434 2250; x_wconf 88' lang='lat' dir='ltr'>ne</span> <span class='ocrx_word' id='word_1_264' title='bbox 1464 2224 1592 2250; x_wconf 89' lang='lat' dir='ltr'>amore</span> <span class='ocrx_word' id='word_1_265' title='bbox 1626 2210 1753 2248; x_wconf 83' lang='lat' dir='ltr'>videar</span> 
     </span>
     <span class='ocr_line' id='line_1_32' title="bbox 349 2275 1753 2334; baseline -0.006 -15"><span class='ocrx_word' id='word_1_266' title='bbox 349 2282 472 2334; x_wconf 90' lang='lat' dir='ltr'>plura,</span> <span class='ocrx_word' id='word_1_267' title='bbox 504 2293 622 2332; x_wconf 86' lang='lat' dir='ltr'>quam</span> <span class='ocrx_word' id='word_1_268' title='bbox 655 2280 802 2319; x_wconf 81' lang='lat' dir='ltr'>fuerint</span> <span class='ocrx_word' id='word_1_269' title='bbox 835 2282 875 2320; x_wconf 89' lang='lat' dir='ltr'>in</span> <span class='ocrx_word' id='word_1_270' title='bbox 910 2282 994 2327; x_wconf 89' lang='lat' dir='ltr'>illo,</span> <span class='ocrx_word' id='word_1_271' title='bbox 1030 2282 1183 2325; x_wconf 81' lang='lat' dir='ltr'>dicere3</span> <span class='ocrx_word' id='word_1_272' title='bbox 1229 2279 1333 2332; x_wconf 91' lang='lat' dir='ltr'>quod</span> <span class='ocrx_word' id='word_1_273' title='bbox 1363 2292 1441 2317; x_wconf 87' lang='lat' dir='ltr'>non</span> <span class='ocrx_word' id='word_1_274' title='bbox 1471 2278 1524 2315; x_wconf 90' lang='lat' dir='ltr'>ita</span> <span class='ocrx_word' id='word_1_275' title='bbox 1557 2277 1635 2314; x_wconf 86' lang='lat' dir='ltr'>est:</span> <span class='ocrx_word' id='word_1_276' title='bbox 1682 2275 1753 2312; x_wconf 85' lang='lat' dir='ltr'>alia</span> 
     </span>
     <span class='ocr_line' id='line_1_33' title="bbox 349 2341 1752 2401; baseline -0.006 -15"><span class='ocrx_word' id='word_1_277' title='bbox 349 2348 455 2386; x_wconf 87' lang='lat' dir='ltr'>enim</span> <span class='ocrx_word' id='word_1_278' title='bbox 487 2346 534 2383; x_wconf 91' lang='lat' dir='ltr'>de</span> <span class='ocrx_word' id='word_1_279' title='bbox 565 2347 634 2384; x_wconf 91' lang='lat' dir='ltr'>illo</span> <span class='ocrx_word' id='word_1_280' title='bbox 665 2348 808 2399; x_wconf 88' lang='lat' dir='ltr'>majora</span> <span class='ocrx_word' id='word_1_281' title='bbox 838 2348 914 2387; x_wconf 91' lang='lat' dir='ltr'>dici</span> <span class='ocrx_word' id='word_1_282' title='bbox 946 2348 1112 2401; x_wconf 82' lang='lat' dir='ltr'>possunt.</span> <span class='ocrx_word' id='word_1_283' title='bbox 1173 2347 1276 2385; x_wconf 79' lang='lat' dir='ltr'>Nam</span> <span class='ocrx_word' id='word_1_284' title='bbox 1309 2359 1381 2384; x_wconf 86' lang='lat' dir='ltr'>nec</span> <span class='ocrx_word' id='word_1_285' title='bbox 1401 2341 1651 2385; x_wconf 62' lang='lat' dir='ltr'>continentia,</span> <span class='ocrx_word' id='word_1_286' title='bbox 1682 2353 1752 2378; x_wconf 89' lang='lat' dir='ltr'>ncc</span> 
     </span>
     <span class='ocr_line' id='line_1_34' title="bbox 350 2409 1752 2467; baseline -0.004 -16"><span class='ocrx_word' id='word_1_287' title='bbox 350 2415 504 2467; x_wconf 88' lang='lat' dir='ltr'>pietate,</span> <span class='ocrx_word' id='word_1_288' title='bbox 536 2427 606 2451; x_wconf 90' lang='lat' dir='ltr'>nec</span> <span class='ocrx_word' id='word_1_289' title='bbox 628 2413 708 2452; x_wconf 91' lang='lat' dir='ltr'>ullo</span> <span class='ocrx_word' id='word_1_290' title='bbox 732 2427 869 2466; x_wconf 85' lang='lat' dir='ltr'>genere</span> <span class='ocrx_word' id='word_1_291' title='bbox 899 2415 1052 2455; x_wconf 83' lang='lat' dir='ltr'>virtutis</span> <span class='ocrx_word' id='word_1_292' title='bbox 1073 2426 1312 2467; x_wconf 85' lang='lat' dir='ltr'>quemquam</span> <span class='ocrx_word' id='word_1_293' title='bbox 1334 2411 1501 2464; x_wconf 88' lang='lat' dir='ltr'>ejusdem</span> <span class='ocrx_word' id='word_1_294' title='bbox 1522 2409 1638 2449; x_wconf 68' lang='lat' dir='ltr'>astatis</span> <span class='ocrx_word' id='word_1_295' title='bbox 1659 2419 1752 2445; x_wconf 86' lang='lat' dir='ltr'>cum</span> 
     </span>
     <span class='ocr_line' id='line_1_35' title="bbox 350 2479 846 2534; baseline 0.004 -15"><span class='ocrx_word' id='word_1_296' title='bbox 350 2481 419 2520; x_wconf 90' lang='lat' dir='ltr'>illo</span> <span class='ocrx_word' id='word_1_297' title='bbox 439 2479 716 2519; x_wconf 89' lang='lat' dir='ltr'>conferendum</span> <span class='ocrx_word' id='word_1_298' title='bbox 738 2489 846 2534; x_wconf 89' lang='lat' dir='ltr'>puto.</span> 
     </span>
    </p>
   </div>
   <div class='ocr_carea' id='block_1_3' title="bbox 460 2541 1389 2586">
    <p class='ocr_par' dir='ltr' id='par_1_5' title="bbox 460 2541 1389 2586">
     <span class='ocr_line' id='line_1_36' title="bbox 460 2541 1389 2586; baseline -0.005 0"><span class='ocrx_word' id='word_1_299' title='bbox 460 2547 595 2586; x_wconf 84' lang='lat' dir='ltr'>TOM.</span> <span class='ocrx_word' id='word_1_300' title='bbox 628 2546 660 2586; x_wconf 92' lang='lat' dir='ltr'>I.</span> <span class='ocrx_word' id='word_1_301' title='bbox 1275 2541 1389 2582; x_wconf 73' lang='lat' dir='ltr'>Eee</span> 
     </span>
    </p>
   </div>
  </div>
 </body>
</html>
