<?xml version="1.0" encoding="UTF-8"?>
<!DOCTYPE html PUBLIC "-//W3C//DTD XHTML 1.0 Transitional//EN"
    "http://www.w3.org/TR/xhtml1/DTD/xhtml1-transitional.dtd">
<html xmlns="http://www.w3.org/1999/xhtml" xml:lang="en" lang="en">
 <head>
  <title>
</title>
<meta http-equiv="Content-Type" content="text/html;charset=utf-8" />
  <meta name='ocr-system' content='tesseract 3.04.00' />
  <meta name='ocr-capabilities' content='ocr_page ocr_carea ocr_par ocr_line ocrx_word'/>
</head>
<body>
  <div class='ocr_page' id='page_1' title='image "./operacumindicibu01ciceuoft_0517.png"; bbox 0 0 2176 2912; ppageno 0'>
   <div class='ocr_carea' id='block_1_1' title="bbox 795 198 1747 260">
    <p class='ocr_par' dir='ltr' id='par_1_1' title="bbox 795 198 1747 260">
     <span class='ocr_line' id='line_1_1' title="bbox 795 198 1747 260; baseline 0.009 -24"><span class='ocrx_word' id='word_1_1' title='bbox 795 198 1296 239; x_wconf 87' lang='lat' dir='ltr'>TOPICA.</span> <span class='ocrx_word' id='word_1_2' title='bbox 1670 221 1747 260; x_wconf 79' lang='lat'>505</span> 
     </span>
    </p>
   </div>
   <div class='ocr_carea' id='block_1_2' title="bbox 335 287 1750 2467">
    <p class='ocr_par' dir='ltr' id='par_1_2' title="bbox 340 287 1750 874">
     <span class='ocr_line' id='line_1_2' title="bbox 402 287 1748 350; baseline 0.009 -25"><span class='ocrx_word' id='word_1_3' title='bbox 402 289 557 327; x_wconf 82' lang='lat' dir='ltr'>Harum</span> <span class='ocrx_word' id='word_1_4' title='bbox 576 287 773 327; x_wconf 85' lang='lat' dir='ltr'>causarum</span> <span class='ocrx_word' id='word_1_5' title='bbox 793 291 946 342; x_wconf 80' lang='lat' dir='ltr'>propria</span> <span class='ocrx_word' id='word_1_6' title='bbox 965 301 1188 344; x_wconf 87' lang='lat' dir='ltr'>argumenta</span> <span class='ocrx_word' id='word_1_7' title='bbox 1208 307 1255 331; x_wconf 82' lang='lat' dir='ltr'>ex</span> <span class='ocrx_word' id='word_1_8' title='bbox 1281 293 1327 331; x_wconf 84' lang='lat' dir='ltr'>iis</span> <span class='ocrx_word' id='word_1_9' title='bbox 1348 293 1498 348; x_wconf 89' lang='lat' dir='ltr'>sumpta</span> <span class='ocrx_word' id='word_1_10' title='bbox 1518 294 1628 342; x_wconf 80' lang='lat' dir='ltr'>locis,</span> <span class='ocrx_word' id='word_1_11' title='bbox 1649 312 1748 350; x_wconf 87' lang='lat' dir='ltr'>quos</span> 
     </span>
     <span class='ocr_line' id='line_1_3' title="bbox 344 354 1747 410; baseline 0.008 -19"><span class='ocrx_word' id='word_1_12' title='bbox 344 354 607 407; x_wconf 81' lang='lat' dir='ltr'>exposuimus,</span> <span class='ocrx_word' id='word_1_13' title='bbox 638 355 677 392; x_wconf 91' lang='lat' dir='ltr'>in</span> <span class='ocrx_word' id='word_1_14' title='bbox 697 357 896 407; x_wconf 83' lang='lat' dir='ltr'>praeceptis</span> <span class='ocrx_word' id='word_1_15' title='bbox 915 357 1086 395; x_wconf 86' lang='lat' dir='ltr'>oratoriis</span> <span class='ocrx_word' id='word_1_16' title='bbox 1107 359 1296 410; x_wconf 85' lang='lat' dir='ltr'>explicata</span> <span class='ocrx_word' id='word_1_17' title='bbox 1315 360 1415 399; x_wconf 89' lang='lat' dir='ltr'>sunt.</span> <span class='ocrx_word' id='word_1_18' title='bbox 1459 361 1658 402; x_wconf 87' lang='lat' dir='ltr'>Refutatio</span> <span class='ocrx_word' id='word_1_19' title='bbox 1678 379 1747 403; x_wconf 82' lang='lat' dir='ltr'>au-</span> 
     </span>
     <span class='ocr_line' id='line_1_4' title="bbox 346 419 1750 480; baseline 0.01 -24"><span class='ocrx_word' id='word_1_20' title='bbox 346 428 427 458; x_wconf 88' lang='lat' dir='ltr'>tem</span> <span class='ocrx_word' id='word_1_21' title='bbox 447 419 708 465; x_wconf 83' lang='lat' dir='ltr'>accusationis,</span> <span class='ocrx_word' id='word_1_22' title='bbox 745 421 785 459; x_wconf 86' lang='lat' dir='ltr'>in</span> <span class='ocrx_word' id='word_1_23' title='bbox 804 435 879 474; x_wconf 86' lang='lat' dir='ltr'>qua</span> <span class='ocrx_word' id='word_1_24' title='bbox 904 422 956 460; x_wconf 90' lang='lat' dir='ltr'>est</span> <span class='ocrx_word' id='word_1_25' title='bbox 986 423 1157 476; x_wconf 90' lang='lat' dir='ltr'>depulfio</span> <span class='ocrx_word' id='word_1_26' title='bbox 1182 425 1371 472; x_wconf 86' lang='lat' dir='ltr'>criminis,</span> <span class='ocrx_word' id='word_1_27' title='bbox 1403 441 1488 480; x_wconf 82' lang='lat' dir='ltr'>quae</span> <span class='ocrx_word' id='word_1_28' title='bbox 1509 429 1643 467; x_wconf 78' lang='lat' dir='ltr'>Graece</span> <span class='ocrx_word' id='word_1_29' title='bbox 1664 425 1750 470; x_wconf 61' lang='lat' dir='ltr'>‚w‘ffl</span> 
     </span>
     <span class='ocr_line' id='line_1_5' title="bbox 345 485 1748 547; baseline 0.009 -26"><span class='ocrx_word' id='word_1_30' title='bbox 345 485 501 530; x_wconf 86' lang='lat' dir='ltr'>dicitur,</span> <span class='ocrx_word' id='word_1_31' title='bbox 520 486 658 524; x_wconf 84' lang='lat' dir='ltr'><strong>Latine</strong></span> <span class='ocrx_word' id='word_1_32' title='bbox 677 486 891 540; x_wconf 85' lang='lat' dir='ltr'>appelletur</span> <span class='ocrx_word' id='word_1_33' title='bbox 896 488 1021 541; x_wconf 82' lang='lat' dir='ltr'><em>status</em></span> <span class='ocrx_word' id='word_1_34' title='bbox 1035 508 1047 534; x_wconf 81' lang='lat'>3</span> <span class='ocrx_word' id='word_1_35' title='bbox 1079 490 1120 527; x_wconf 86' lang='lat' dir='ltr'>in</span> <span class='ocrx_word' id='word_1_36' title='bbox 1140 504 1220 543; x_wconf 90' lang='lat' dir='ltr'>quo</span> <span class='ocrx_word' id='word_1_37' title='bbox 1240 492 1413 544; x_wconf 85' lang='lat' dir='ltr'>primum</span> <span class='ocrx_word' id='word_1_38' title='bbox 1433 493 1567 532; x_wconf 84' lang='lat' dir='ltr'>infistit</span> <span class='ocrx_word' id='word_1_39' title='bbox 1583 496 1685 547; x_wconf 86' lang='lat' dir='ltr'>quafi</span> <span class='ocrx_word' id='word_1_40' title='bbox 1702 498 1748 535; x_wconf 87' lang='lat' dir='ltr'>ad</span> 
     </span>
     <span class='ocr_line' id='line_1_6' title="bbox 345 552 1746 610; baseline 0.008 -21"><span class='ocrx_word' id='word_1_41' title='bbox 345 552 640 604; x_wconf 85' lang='lat' dir='ltr'>repugnandum</span> <span class='ocrx_word' id='word_1_42' title='bbox 661 554 854 606; x_wconf 84' lang='lat' dir='ltr'>congreffa</span> <span class='ocrx_word' id='word_1_43' title='bbox 883 554 1065 595; x_wconf 78' lang='lat' dir='ltr'><strong>defensio.</strong></span> <span class='ocrx_word' id='word_1_44' title='bbox 1110 558 1242 610; x_wconf 87' lang='lat' dir='ltr'>Atque</span> <span class='ocrx_word' id='word_1_45' title='bbox 1260 559 1376 598; x_wconf 88' lang='lat' dir='ltr'>etiam</span> <span class='ocrx_word' id='word_1_46' title='bbox 1398 560 1438 598; x_wconf 88' lang='lat' dir='ltr'>in</span> <span class='ocrx_word' id='word_1_47' title='bbox 1458 559 1746 600; x_wconf 86' lang='lat' dir='ltr'>deliberationi-</span> 
     </span>
     <span class='ocr_line' id='line_1_7' title="bbox 346 616 1748 680; baseline 0.008 -26"><span class='ocrx_word' id='word_1_48' title='bbox 346 616 417 655; x_wconf 91' lang='lat' dir='ltr'>bus</span> <span class='ocrx_word' id='word_1_49' title='bbox 437 627 474 656; x_wconf 89' lang='lat' dir='ltr'>et</span> <span class='ocrx_word' id='word_1_50' title='bbox 492 618 776 658; x_wconf 81' lang='lat' dir='ltr'>laudationibus</span> <span class='ocrx_word' id='word_1_51' title='bbox 798 620 915 659; x_wconf 88' lang='lat' dir='ltr'>iidem</span> <span class='ocrx_word' id='word_1_52' title='bbox 932 622 1099 661; x_wconf 82' lang='lat' dir='ltr'>existunt</span> <span class='ocrx_word' id='word_1_53' title='bbox 1114 623 1243 662; x_wconf 90' lang='lat' dir='ltr'>status.</span> <span class='ocrx_word' id='word_1_54' title='bbox 1272 625 1380 663; x_wconf 89' lang='lat' dir='ltr'>Nam</span> <span class='ocrx_word' id='word_1_55' title='bbox 1397 634 1434 663; x_wconf 90' lang='lat' dir='ltr'>et</span> <span class='ocrx_word' id='word_1_56' title='bbox 1451 635 1639 678; x_wconf 83' lang='lat' dir='ltr'>negantur</span> <span class='ocrx_word' id='word_1_57' title='bbox 1654 627 1748 680; x_wconf 79' lang='lat' dir='ltr'>saepe</span> 
     </span>
     <span class='ocr_line' id='line_1_8' title="bbox 343 682 1748 738; baseline 0.009 -18"><span class='ocrx_word' id='word_1_58' title='bbox 343 695 386 720; x_wconf 86' lang='lat' dir='ltr'>ea</span> <span class='ocrx_word' id='word_1_59' title='bbox 403 682 546 730; x_wconf 87' lang='lat' dir='ltr'>futura,</span> <span class='ocrx_word' id='word_1_60' title='bbox 565 699 648 737; x_wconf 88' lang='lat' dir='ltr'>quae</span> <span class='ocrx_word' id='word_1_61' title='bbox 661 685 708 723; x_wconf 87' lang='lat' dir='ltr'>ab</span> <span class='ocrx_word' id='word_1_62' title='bbox 728 685 858 738; x_wconf 89' lang='lat' dir='ltr'>aliquo</span> <span class='ocrx_word' id='word_1_63' title='bbox 875 687 914 724; x_wconf 89' lang='lat' dir='ltr'>in</span> <span class='ocrx_word' id='word_1_64' title='bbox 928 687 1112 727; x_wconf 87' lang='lat' dir='ltr'>sententia</span> <span class='ocrx_word' id='word_1_65' title='bbox 1127 689 1227 727; x_wconf 68' lang='lat' dir='ltr'>dicta</span> <span class='ocrx_word' id='word_1_66' title='bbox 1242 689 1330 729; x_wconf 89' lang='lat' dir='ltr'>sunt</span> <span class='ocrx_word' id='word_1_67' title='bbox 1343 689 1440 736; x_wconf 89' lang='lat' dir='ltr'>fore,</span> <span class='ocrx_word' id='word_1_68' title='bbox 1459 692 1486 730; x_wconf 89' lang='lat' dir='ltr'><strong>fi</strong></span> <span class='ocrx_word' id='word_1_69' title='bbox 1502 700 1567 730; x_wconf 86' lang='lat' dir='ltr'>aut</span> <span class='ocrx_word' id='word_1_70' title='bbox 1586 695 1748 732; x_wconf 88' lang='lat' dir='ltr'>omnino</span> 
     </span>
     <span class='ocr_line' id='line_1_9' title="bbox 345 750 1747 812; baseline 0.009 -24"><span class='ocrx_word' id='word_1_71' title='bbox 345 750 426 788; x_wconf 89' lang='lat' dir='ltr'>fieri</span> <span class='ocrx_word' id='word_1_72' title='bbox 446 764 523 790; x_wconf 92' lang='lat' dir='ltr'>non</span> <span class='ocrx_word' id='word_1_73' title='bbox 544 751 710 805; x_wconf 82' lang='lat' dir='ltr'>poffunt,</span> <span class='ocrx_word' id='word_1_74' title='bbox 741 763 806 792; x_wconf 85' lang='lat' dir='ltr'>aut</span> <span class='ocrx_word' id='word_1_75' title='bbox 840 754 916 792; x_wconf 82' lang='lat' dir='ltr'>fine</span> <span class='ocrx_word' id='word_1_76' title='bbox 935 754 1084 794; x_wconf 89' lang='lat' dir='ltr'>summa</span> <span class='ocrx_word' id='word_1_77' title='bbox 1108 756 1336 796; x_wconf 83' lang='lat' dir='ltr'>difficultate</span> <span class='ocrx_word' id='word_1_78' title='bbox 1365 772 1443 797; x_wconf 89' lang='lat' dir='ltr'>non</span> <span class='ocrx_word' id='word_1_79' title='bbox 1474 759 1641 812; x_wconf 87' lang='lat' dir='ltr'>poffunt.</span> <span class='ocrx_word' id='word_1_80' title='bbox 1701 762 1747 800; x_wconf 90' lang='lat' dir='ltr'>In</span> 
     </span>
     <span class='ocr_line' id='line_1_10' title="bbox 340 820 1347 874; baseline 0.009 -20"><span class='ocrx_word' id='word_1_81' title='bbox 340 831 420 869; x_wconf 87' lang='lat' dir='ltr'>qua</span> <span class='ocrx_word' id='word_1_82' title='bbox 438 820 768 871; x_wconf 83' lang='lat' dir='ltr'>argumentatione</span> <span class='ocrx_word' id='word_1_83' title='bbox 787 820 901 859; x_wconf 87' lang='lat' dir='ltr'>status</span> <span class='ocrx_word' id='word_1_84' title='bbox 922 823 1186 874; x_wconf 68' lang='lat' dir='ltr'>conjecturalis</span> <span class='ocrx_word' id='word_1_85' title='bbox 1207 825 1347 863; x_wconf 86' lang='lat' dir='ltr'>existit.</span> 
     </span>
    </p>

    <p class='ocr_par' dir='ltr' id='par_1_3' title="bbox 339 884 1747 1388">
     <span class='ocr_line' id='line_1_11' title="bbox 397 884 1746 943; baseline 0.009 -22"><span class='ocrx_word' id='word_1_86' title='bbox 397 885 467 930; x_wconf 89' lang='lat' dir='ltr'>At,</span> <span class='ocrx_word' id='word_1_87' title='bbox 502 898 596 923; x_wconf 89' lang='lat' dir='ltr'>cum</span> <span class='ocrx_word' id='word_1_88' title='bbox 629 884 776 938; x_wconf 87' lang='lat' dir='ltr'>aliquid</span> <span class='ocrx_word' id='word_1_89' title='bbox 809 887 855 924; x_wconf 88' lang='lat' dir='ltr'>de</span> <span class='ocrx_word' id='word_1_90' title='bbox 885 888 1064 932; x_wconf 86' lang='lat' dir='ltr'>utilitate,</span> <span class='ocrx_word' id='word_1_91' title='bbox 1099 887 1307 935; x_wconf 89' lang='lat' dir='ltr'>honestate,</span> <span class='ocrx_word' id='word_1_92' title='bbox 1342 891 1519 943; x_wconf 87' lang='lat' dir='ltr'>aequitate</span> <span class='ocrx_word' id='word_1_93' title='bbox 1543 892 1746 940; x_wconf 80' lang='lat' dir='ltr'>differitur,</span> 
     </span>
     <span class='ocr_line' id='line_1_12' title="bbox 342 949 1746 1012; baseline 0.009 -26"><span class='ocrx_word' id='word_1_94' title='bbox 342 949 466 1002; x_wconf 84' lang='lat' dir='ltr'>deque</span> <span class='ocrx_word' id='word_1_95' title='bbox 492 951 539 988; x_wconf 87' lang='lat' dir='ltr'>iis</span> <span class='ocrx_word' id='word_1_96' title='bbox 560 950 686 996; x_wconf 82' lang='lat' dir='ltr'>rebus,</span> <span class='ocrx_word' id='word_1_97' title='bbox 709 965 794 1004; x_wconf 83' lang='lat' dir='ltr'>quae</span> <span class='ocrx_word' id='word_1_98' title='bbox 814 953 860 990; x_wconf 84' lang='lat' dir='ltr'>iis</span> <span class='ocrx_word' id='word_1_99' title='bbox 882 953 969 991; x_wconf 90' lang='lat' dir='ltr'>sunt</span> <span class='ocrx_word' id='word_1_100' title='bbox 988 955 1184 993; x_wconf 83' lang='lat' dir='ltr'>contrariae</span> <span class='ocrx_word' id='word_1_101' title='bbox 1199 973 1212 1000; x_wconf 79' lang='lat'>3</span> <span class='ocrx_word' id='word_1_102' title='bbox 1244 956 1445 996; x_wconf 89' lang='lat' dir='ltr'>incurrunt</span> <span class='ocrx_word' id='word_1_103' title='bbox 1464 958 1579 997; x_wconf 86' lang='lat' dir='ltr'>status</span> <span class='ocrx_word' id='word_1_104' title='bbox 1599 969 1664 998; x_wconf 89' lang='lat' dir='ltr'>aut</span> <span class='ocrx_word' id='word_1_105' title='bbox 1677 962 1746 1012; x_wconf 88' lang='lat' dir='ltr'>ju-</span> 
     </span>
     <span class='ocr_line' id='line_1_13' title="bbox 341 1015 1747 1074; baseline 0.009 -21"><span class='ocrx_word' id='word_1_106' title='bbox 341 1015 407 1060; x_wconf 86' lang='lat' dir='ltr'>ris,</span> <span class='ocrx_word' id='word_1_107' title='bbox 439 1025 504 1054; x_wconf 89' lang='lat' dir='ltr'>aut</span> <span class='ocrx_word' id='word_1_108' title='bbox 530 1017 727 1057; x_wconf 87' lang='lat' dir='ltr'>nominis:</span> <span class='ocrx_word' id='word_1_109' title='bbox 761 1019 866 1071; x_wconf 90' lang='lat' dir='ltr'>quod</span> <span class='ocrx_word' id='word_1_110' title='bbox 884 1019 989 1058; x_wconf 89' lang='lat' dir='ltr'>idem</span> <span class='ocrx_word' id='word_1_111' title='bbox 1018 1021 1213 1074; x_wconf 87' lang='lat' dir='ltr'>contingit</span> <span class='ocrx_word' id='word_1_112' title='bbox 1233 1022 1273 1060; x_wconf 88' lang='lat' dir='ltr'>in</span> <span class='ocrx_word' id='word_1_113' title='bbox 1294 1022 1592 1063; x_wconf 82' lang='lat' dir='ltr'>laudationibus.</span> <span class='ocrx_word' id='word_1_114' title='bbox 1640 1026 1747 1065; x_wconf 85' lang='lat' dir='ltr'>Nam</span> 
     </span>
     <span class='ocr_line' id='line_1_14' title="bbox 341 1084 1747 1140; baseline 0.009 -20"><span class='ocrx_word' id='word_1_115' title='bbox 341 1091 407 1120; x_wconf 89' lang='lat' dir='ltr'>aut</span> <span class='ocrx_word' id='word_1_116' title='bbox 437 1084 567 1136; x_wconf 88' lang='lat' dir='ltr'>negari</span> <span class='ocrx_word' id='word_1_117' title='bbox 600 1084 735 1136; x_wconf 86' lang='lat' dir='ltr'>potest,</span> <span class='ocrx_word' id='word_1_118' title='bbox 770 1085 811 1123; x_wconf 89' lang='lat' dir='ltr'>id</span> <span class='ocrx_word' id='word_1_119' title='bbox 839 1085 988 1125; x_wconf 64' lang='lat' dir='ltr'>factum</span> <span class='ocrx_word' id='word_1_120' title='bbox 1018 1086 1103 1133; x_wconf 87' lang='lat' dir='ltr'>effe,</span> <span class='ocrx_word' id='word_1_121' title='bbox 1135 1088 1240 1140; x_wconf 92' lang='lat' dir='ltr'>quod</span> <span class='ocrx_word' id='word_1_122' title='bbox 1274 1089 1449 1128; x_wconf 87' lang='lat' dir='ltr'>laudetur</span> <span class='ocrx_word' id='word_1_123' title='bbox 1464 1110 1477 1136; x_wconf 86' lang='lat'>;</span> <span class='ocrx_word' id='word_1_124' title='bbox 1509 1100 1574 1129; x_wconf 87' lang='lat' dir='ltr'>aut</span> <span class='ocrx_word' id='word_1_125' title='bbox 1594 1105 1673 1131; x_wconf 89' lang='lat' dir='ltr'>non</span> <span class='ocrx_word' id='word_1_126' title='bbox 1701 1107 1747 1132; x_wconf 89' lang='lat' dir='ltr'>eo</span> 
     </span>
     <span class='ocr_line' id='line_1_15' title="bbox 341 1149 1746 1204; baseline 0.009 -19"><span class='ocrx_word' id='word_1_127' title='bbox 341 1149 502 1187; x_wconf 84' lang='lat' dir='ltr'>nomine</span> <span class='ocrx_word' id='word_1_128' title='bbox 531 1150 794 1196; x_wconf 80' lang='lat' dir='ltr'>afficiendum,</span> <span class='ocrx_word' id='word_1_129' title='bbox 826 1165 904 1204; x_wconf 92' lang='lat' dir='ltr'>quo</span> <span class='ocrx_word' id='word_1_130' title='bbox 935 1152 1107 1191; x_wconf 86' lang='lat' dir='ltr'>laudator</span> <span class='ocrx_word' id='word_1_131' title='bbox 1136 1153 1331 1200; x_wconf 84' lang='lat' dir='ltr'>affecerit3</span> <span class='ocrx_word' id='word_1_132' title='bbox 1377 1166 1442 1195; x_wconf 89' lang='lat' dir='ltr'>aut</span> <span class='ocrx_word' id='word_1_133' title='bbox 1474 1158 1638 1196; x_wconf 87' lang='lat' dir='ltr'>omnino</span> <span class='ocrx_word' id='word_1_134' title='bbox 1668 1173 1746 1197; x_wconf 89' lang='lat' dir='ltr'>non</span> 
     </span>
     <span class='ocr_line' id='line_1_16' title="bbox 339 1214 1744 1276; baseline 0.009 -24"><span class='ocrx_word' id='word_1_135' title='bbox 339 1214 411 1253; x_wconf 80' lang='lat' dir='ltr'>effe</span> <span class='ocrx_word' id='word_1_136' title='bbox 431 1215 636 1261; x_wconf 88' lang='lat' dir='ltr'>laudabile,</span> <span class='ocrx_word' id='word_1_137' title='bbox 654 1216 760 1269; x_wconf 73' lang='lat' dir='ltr'>quod</span> <span class='ocrx_word' id='word_1_138' title='bbox 776 1231 854 1256; x_wconf 91' lang='lat' dir='ltr'>non</span> <span class='ocrx_word' id='word_1_139' title='bbox 874 1220 986 1264; x_wconf 73' lang='lat' dir='ltr'>recte,</span> <span class='ocrx_word' id='word_1_140' title='bbox 1008 1233 1086 1258; x_wconf 89' lang='lat' dir='ltr'>non</span> <span class='ocrx_word' id='word_1_141' title='bbox 1101 1220 1202 1272; x_wconf 89' lang='lat' dir='ltr'>jure,</span> <span class='ocrx_word' id='word_1_142' title='bbox 1223 1220 1370 1260; x_wconf 66' lang='lat' dir='ltr'>factum</span> <span class='ocrx_word' id='word_1_143' title='bbox 1390 1223 1448 1262; x_wconf 87' lang='lat' dir='ltr'>fit.</span> <span class='ocrx_word' id='word_1_144' title='bbox 1481 1223 1636 1276; x_wconf 82' lang='lat' dir='ltr'>Qibus</span> <span class='ocrx_word' id='word_1_145' title='bbox 1655 1238 1744 1264; x_wconf 90' lang='lat' dir='ltr'>om-</span> 
     </span>
     <span class='ocr_line' id='line_1_17' title="bbox 339 1282 1746 1340; baseline 0.009 -20"><span class='ocrx_word' id='word_1_146' title='bbox 339 1282 454 1320; x_wconf 87' lang='lat' dir='ltr'>nibus</span> <span class='ocrx_word' id='word_1_147' title='bbox 471 1283 676 1336; x_wconf 88' lang='lat' dir='ltr'>generibus</span> <span class='ocrx_word' id='word_1_148' title='bbox 694 1283 778 1323; x_wconf 87' lang='lat' dir='ltr'>usus</span> <span class='ocrx_word' id='word_1_149' title='bbox 799 1284 852 1324; x_wconf 91' lang='lat' dir='ltr'>est</span> <span class='ocrx_word' id='word_1_150' title='bbox 870 1285 988 1325; x_wconf 88' lang='lat' dir='ltr'>nimis</span> <span class='ocrx_word' id='word_1_151' title='bbox 1008 1286 1255 1340; x_wconf 86' lang='lat' dir='ltr'>impudenter</span> <span class='ocrx_word' id='word_1_152' title='bbox 1268 1288 1390 1328; x_wconf 80' lang='lat' dir='ltr'>Caesar</span> <span class='ocrx_word' id='word_1_153' title='bbox 1405 1298 1537 1330; x_wconf 88' lang='lat' dir='ltr'>contra</span> <span class='ocrx_word' id='word_1_154' title='bbox 1555 1291 1746 1332; x_wconf 85' lang='lat' dir='ltr'>Catonem</span> 
     </span>
     <span class='ocr_line' id='line_1_18' title="bbox 339 1362 489 1388; baseline 0.007 -1"><span class='ocrx_word' id='word_1_155' title='bbox 339 1362 489 1388; x_wconf 91' lang='lat' dir='ltr'>meum.</span> 
     </span>
    </p>

    <p class='ocr_par' dir='ltr' id='par_1_4' title="bbox 335 1415 1744 2400">
     <span class='ocr_line' id='line_1_19' title="bbox 396 1415 1742 1474; baseline 0.008 -21"><span class='ocrx_word' id='word_1_156' title='bbox 396 1415 467 1454; x_wconf 90' lang='lat' dir='ltr'>Sed</span> <span class='ocrx_word' id='word_1_157' title='bbox 486 1430 571 1468; x_wconf 85' lang='lat' dir='ltr'>quae</span> <span class='ocrx_word' id='word_1_158' title='bbox 604 1430 652 1455; x_wconf 84' lang='lat' dir='ltr'>ex</span> <span class='ocrx_word' id='word_1_159' title='bbox 671 1417 767 1456; x_wconf 90' lang='lat' dir='ltr'>statu</span> <span class='ocrx_word' id='word_1_160' title='bbox 788 1419 986 1458; x_wconf 88' lang='lat' dir='ltr'>contentio</span> <span class='ocrx_word' id='word_1_161' title='bbox 1008 1419 1188 1466; x_wconf 86' lang='lat' dir='ltr'>efficitur,</span> <span class='ocrx_word' id='word_1_162' title='bbox 1217 1434 1302 1459; x_wconf 87' lang='lat' dir='ltr'>eam</span> <span class='ocrx_word' id='word_1_163' title='bbox 1335 1422 1464 1461; x_wconf 82' lang='lat' dir='ltr'>Graeci</span> <span class='ocrx_word' id='word_1_164' title='bbox 1484 1420 1653 1474; x_wconf 70' lang='grc' dir='ltr'>κρινόμενον</span> <span class='ocrx_word' id='word_1_165' title='bbox 1673 1439 1742 1464; x_wconf 86' lang='grc' dir='ltr'>νο-</span> 
     </span>
     <span class='ocr_line' id='line_1_20' title="bbox 339 1481 1744 1542; baseline 0.007 -23"><span class='ocrx_word' id='word_1_166' title='bbox 339 1490 441 1520; x_wconf 86' lang='lat' dir='ltr'>cant.</span> <span class='ocrx_word' id='word_1_167' title='bbox 485 1481 594 1520; x_wconf 88' lang='lat' dir='ltr'>Mihi</span> <span class='ocrx_word' id='word_1_168' title='bbox 624 1484 748 1536; x_wconf 85' lang='lat' dir='ltr'>placet</span> <span class='ocrx_word' id='word_1_169' title='bbox 778 1485 832 1530; x_wconf 93' lang='lat' dir='ltr'>id,</span> <span class='ocrx_word' id='word_1_170' title='bbox 868 1486 1053 1538; x_wconf 88' lang='lat' dir='ltr'>quoniam</span> <span class='ocrx_word' id='word_1_171' title='bbox 1073 1487 1233 1539; x_wconf 87' lang='lat' dir='ltr'>quidem</span> <span class='ocrx_word' id='word_1_172' title='bbox 1252 1487 1298 1525; x_wconf 85' lang='lat' dir='ltr'>ad</span> <span class='ocrx_word' id='word_1_173' title='bbox 1319 1496 1357 1526; x_wconf 90' lang='lat' dir='ltr'>te</span> <span class='ocrx_word' id='word_1_174' title='bbox 1376 1488 1513 1534; x_wconf 86' lang='lat' dir='ltr'>scribo,</span> <span class='ocrx_word' id='word_1_175' title='bbox 1546 1504 1617 1542; x_wconf 77' lang='lat' dir='ltr'>qua</span> <span class='ocrx_word' id='word_1_176' title='bbox 1635 1490 1675 1530; x_wconf 84' lang='lat' dir='ltr'>de</span> <span class='ocrx_word' id='word_1_177' title='bbox 1704 1506 1744 1530; x_wconf 78' lang='lat' dir='ltr'>re</span> 
     </span>
     <span class='ocr_line' id='line_1_21' title="bbox 338 1548 1743 1607; baseline 0.007 -22"><span class='ocrx_word' id='word_1_178' title='bbox 338 1548 479 1600; x_wconf 80' lang='lat' dir='ltr'>agitur,</span> <span class='ocrx_word' id='word_1_179' title='bbox 510 1550 650 1588; x_wconf 83' lang='lat' dir='ltr'>vocari.</span> <span class='ocrx_word' id='word_1_180' title='bbox 688 1551 843 1602; x_wconf 83' lang='lat' dir='ltr'>Qibus</span> <span class='ocrx_word' id='word_1_181' title='bbox 865 1560 994 1590; x_wconf 87' lang='lat' dir='ltr'>autem</span> <span class='ocrx_word' id='word_1_182' title='bbox 1014 1551 1105 1598; x_wconf 88' lang='lat' dir='ltr'>hoc,</span> <span class='ocrx_word' id='word_1_183' title='bbox 1138 1568 1209 1607; x_wconf 79' lang='lat' dir='ltr'>qua</span> <span class='ocrx_word' id='word_1_184' title='bbox 1228 1553 1268 1592; x_wconf 84' lang='lat' dir='ltr'>de</span> <span class='ocrx_word' id='word_1_185' title='bbox 1287 1569 1327 1593; x_wconf 84' lang='lat' dir='ltr'>re</span> <span class='ocrx_word' id='word_1_186' title='bbox 1344 1555 1485 1607; x_wconf 80' lang='lat' dir='ltr'>agitur,</span> <span class='ocrx_word' id='word_1_187' title='bbox 1507 1557 1743 1603; x_wconf 82' lang='lat' dir='ltr'>continetur,</span> 
     </span>
     <span class='ocr_line' id='line_1_22' title="bbox 337 1611 1742 1675; baseline 0.008 -24"><span class='ocrx_word' id='word_1_188' title='bbox 337 1611 421 1652; x_wconf 84' lang='lat' dir='ltr'>haec</span> <span class='ocrx_word' id='word_1_189' title='bbox 442 1616 660 1654; x_wconf 83' lang='lat' dir='ltr'>continentia</span> <span class='ocrx_word' id='word_1_190' title='bbox 685 1626 884 1663; x_wconf 85' lang='lat' dir='ltr'>vocentur,</span> <span class='ocrx_word' id='word_1_191' title='bbox 918 1619 1021 1671; x_wconf 88' lang='lat' dir='ltr'>quafi</span> <span class='ocrx_word' id='word_1_192' title='bbox 1045 1618 1287 1658; x_wconf 87' lang='lat' dir='ltr'>firmamenta</span> <span class='ocrx_word' id='word_1_193' title='bbox 1310 1619 1537 1660; x_wconf 78' lang='lat' dir='ltr'>defensioniS</span> <span class='ocrx_word' id='word_1_194' title='bbox 1550 1640 1562 1667; x_wconf 87' lang='lat'>;</span> <span class='ocrx_word' id='word_1_195' title='bbox 1599 1623 1742 1675; x_wconf 85' lang='lat' dir='ltr'>quibus</span> 
     </span>
     <span class='ocr_line' id='line_1_23' title="bbox 337 1679 1741 1738; baseline 0.006 -21"><span class='ocrx_word' id='word_1_196' title='bbox 337 1679 508 1725; x_wconf 85' lang='lat' dir='ltr'>sublatis,</span> <span class='ocrx_word' id='word_1_197' title='bbox 531 1680 697 1720; x_wconf 85' lang='lat' dir='ltr'>defenfio</span> <span class='ocrx_word' id='word_1_198' title='bbox 716 1683 822 1720; x_wconf 90' lang='lat' dir='ltr'>nulla</span> <span class='ocrx_word' id='word_1_199' title='bbox 841 1683 899 1722; x_wconf 90' lang='lat' dir='ltr'>fit.</span> <span class='ocrx_word' id='word_1_200' title='bbox 953 1684 1038 1729; x_wconf 90' lang='lat' dir='ltr'>Sed,</span> <span class='ocrx_word' id='word_1_201' title='bbox 1074 1685 1261 1737; x_wconf 88' lang='lat' dir='ltr'>quoniam</span> <span class='ocrx_word' id='word_1_202' title='bbox 1292 1685 1377 1738; x_wconf 82' lang='lat' dir='ltr'>lege</span> <span class='ocrx_word' id='word_1_203' title='bbox 1396 1686 1546 1725; x_wconf 81' lang='lat' dir='ltr'>firmius</span> <span class='ocrx_word' id='word_1_204' title='bbox 1572 1689 1613 1725; x_wconf 88' lang='lat' dir='ltr'>in</span> <span class='ocrx_word' id='word_1_205' title='bbox 1644 1703 1741 1727; x_wconf 92' lang='lat' dir='ltr'>con-</span> 
     </span>
     <span class='ocr_line' id='line_1_24' title="bbox 338 1747 1741 1808; baseline 0.007 -25"><span class='ocrx_word' id='word_1_206' title='bbox 338 1747 525 1784; x_wconf 83' lang='lat' dir='ltr'>troverfiis</span> <span class='ocrx_word' id='word_1_207' title='bbox 547 1747 799 1799; x_wconf 87' lang='lat' dir='ltr'>disceptandis</span> <span class='ocrx_word' id='word_1_208' title='bbox 819 1749 890 1788; x_wconf 85' lang='lat' dir='ltr'>effe</span> <span class='ocrx_word' id='word_1_209' title='bbox 911 1749 1009 1787; x_wconf 85' lang='lat' dir='ltr'>nihil</span> <span class='ocrx_word' id='word_1_210' title='bbox 1031 1750 1158 1796; x_wconf 89' lang='lat' dir='ltr'>debet,</span> <span class='ocrx_word' id='word_1_211' title='bbox 1181 1752 1303 1790; x_wconf 87' lang='lat' dir='ltr'>danda</span> <span class='ocrx_word' id='word_1_212' title='bbox 1322 1753 1374 1790; x_wconf 83' lang='lat' dir='ltr'>est</span> <span class='ocrx_word' id='word_1_213' title='bbox 1403 1767 1528 1806; x_wconf 86' lang='lat' dir='ltr'>opera,</span> <span class='ocrx_word' id='word_1_214' title='bbox 1550 1763 1593 1792; x_wconf 92' lang='lat' dir='ltr'>ut</span> <span class='ocrx_word' id='word_1_215' title='bbox 1613 1755 1741 1808; x_wconf 84' lang='lat' dir='ltr'>legem</span> 
     </span>
     <span class='ocr_line' id='line_1_25' title="bbox 337 1812 1740 1872; baseline 0.008 -23"><span class='ocrx_word' id='word_1_216' title='bbox 337 1812 565 1864; x_wconf 86' lang='lat' dir='ltr'>adjutricem</span> <span class='ocrx_word' id='word_1_217' title='bbox 598 1823 635 1851; x_wconf 91' lang='lat' dir='ltr'>et</span> <span class='ocrx_word' id='word_1_218' title='bbox 666 1813 800 1852; x_wconf 86' lang='lat' dir='ltr'>testem</span> <span class='ocrx_word' id='word_1_219' title='bbox 826 1814 1090 1855; x_wconf 81' lang='lat' dir='ltr'>adhibeamus.</span> <span class='ocrx_word' id='word_1_220' title='bbox 1150 1819 1197 1855; x_wconf 91' lang='lat' dir='ltr'>In</span> <span class='ocrx_word' id='word_1_221' title='bbox 1231 1832 1307 1870; x_wconf 87' lang='lat' dir='ltr'>qua</span> <span class='ocrx_word' id='word_1_222' title='bbox 1336 1833 1375 1856; x_wconf 90' lang='lat' dir='ltr'>re</span> <span class='ocrx_word' id='word_1_223' title='bbox 1406 1820 1470 1857; x_wconf 89' lang='lat' dir='ltr'>alii</span> <span class='ocrx_word' id='word_1_224' title='bbox 1502 1821 1605 1872; x_wconf 84' lang='lat' dir='ltr'>quasi</span> <span class='ocrx_word' id='word_1_225' title='bbox 1626 1821 1740 1860; x_wconf 83' lang='lat' dir='ltr'>status</span> 
     </span>
     <span class='ocr_line' id='line_1_26' title="bbox 338 1879 1740 1938; baseline 0.008 -22"><span class='ocrx_word' id='word_1_226' title='bbox 338 1879 506 1917; x_wconf 82' lang='lat' dir='ltr'>existunt</span> <span class='ocrx_word' id='word_1_227' title='bbox 540 1880 644 1925; x_wconf 89' lang='lat' dir='ltr'>novi,</span> <span class='ocrx_word' id='word_1_228' title='bbox 679 1881 747 1932; x_wconf 89' lang='lat' dir='ltr'>qui</span> <span class='ocrx_word' id='word_1_229' title='bbox 781 1882 1020 1934; x_wconf 85' lang='lat' dir='ltr'>appellantur</span> <span class='ocrx_word' id='word_1_230' title='bbox 1051 1883 1234 1936; x_wconf 83' lang='lat' dir='ltr'>legitimae</span> <span class='ocrx_word' id='word_1_231' title='bbox 1268 1885 1574 1938; x_wconf 85' lang='lat' dir='ltr'>disceptationes.</span> <span class='ocrx_word' id='word_1_232' title='bbox 1629 1888 1740 1927; x_wconf 89' lang='lat' dir='ltr'>Tum</span> 
     </span>
     <span class='ocr_line' id='line_1_27' title="bbox 336 1944 1740 2002; baseline 0.006 -20"><span class='ocrx_word' id='word_1_233' title='bbox 336 1945 444 1982; x_wconf 88' lang='lat' dir='ltr'>enim</span> <span class='ocrx_word' id='word_1_234' title='bbox 465 1944 685 1984; x_wconf 89' lang='lat' dir='ltr'>defenditur</span> <span class='ocrx_word' id='word_1_235' title='bbox 705 1960 781 1984; x_wconf 91' lang='lat' dir='ltr'>non</span> <span class='ocrx_word' id='word_1_236' title='bbox 801 1947 840 1984; x_wconf 91' lang='lat' dir='ltr'>id</span> <span class='ocrx_word' id='word_1_237' title='bbox 861 1948 988 2000; x_wconf 85' lang='lat' dir='ltr'>legem</span> <span class='ocrx_word' id='word_1_238' title='bbox 1009 1948 1146 1994; x_wconf 86' lang='lat' dir='ltr'>dicere,</span> <span class='ocrx_word' id='word_1_239' title='bbox 1176 1950 1280 2002; x_wconf 88' lang='lat' dir='ltr'>quod</span> <span class='ocrx_word' id='word_1_240' title='bbox 1300 1951 1528 1989; x_wconf 81' lang='lat' dir='ltr'>adversarius</span> <span class='ocrx_word' id='word_1_241' title='bbox 1550 1953 1656 1998; x_wconf 89' lang='lat' dir='ltr'>velit,</span> <span class='ocrx_word' id='word_1_242' title='bbox 1678 1953 1740 1992; x_wconf 85' lang='lat' dir='ltr'>sed</span> 
     </span>
     <span class='ocr_line' id='line_1_28' title="bbox 335 2011 1740 2070; baseline 0.006 -22"><span class='ocrx_word' id='word_1_243' title='bbox 335 2011 454 2050; x_wconf 86' lang='lat' dir='ltr'>aliud.</span> <span class='ocrx_word' id='word_1_244' title='bbox 515 2012 559 2050; x_wconf 92' lang='lat' dir='ltr'>Id</span> <span class='ocrx_word' id='word_1_245' title='bbox 591 2022 718 2051; x_wconf 90' lang='lat' dir='ltr'>autem</span> <span class='ocrx_word' id='word_1_246' title='bbox 749 2015 956 2067; x_wconf 84' lang='lat' dir='ltr'>contingit,</span> <span class='ocrx_word' id='word_1_247' title='bbox 991 2030 1083 2054; x_wconf 89' lang='lat' dir='ltr'>cum</span> <span class='ocrx_word' id='word_1_248' title='bbox 1118 2017 1304 2070; x_wconf 87' lang='lat' dir='ltr'>scriptum</span> <span class='ocrx_word' id='word_1_249' title='bbox 1338 2019 1568 2070; x_wconf 83' lang='lat' dir='ltr'>ambiguum</span> <span class='ocrx_word' id='word_1_250' title='bbox 1599 2020 1664 2064; x_wconf 89' lang='lat' dir='ltr'>est,</span> <span class='ocrx_word' id='word_1_251' title='bbox 1697 2028 1740 2059; x_wconf 91' lang='lat' dir='ltr'>ut</span> 
     </span>
     <span class='ocr_line' id='line_1_29' title="bbox 335 2078 1739 2139; baseline 0.006 -24"><span class='ocrx_word' id='word_1_252' title='bbox 335 2078 420 2116; x_wconf 83' lang='lat' dir='ltr'>duae</span> <span class='ocrx_word' id='word_1_253' title='bbox 441 2078 659 2118; x_wconf 85' lang='lat' dir='ltr'>differentes</span> <span class='ocrx_word' id='word_1_254' title='bbox 681 2080 874 2119; x_wconf 76' lang='lat' dir='ltr'>sententiae</span> <span class='ocrx_word' id='word_1_255' title='bbox 894 2083 1017 2135; x_wconf 87' lang='lat' dir='ltr'>accipi</span> <span class='ocrx_word' id='word_1_256' title='bbox 1038 2084 1189 2136; x_wconf 81' lang='lat' dir='ltr'>poffint.</span> <span class='ocrx_word' id='word_1_257' title='bbox 1240 2086 1349 2122; x_wconf 80' lang='lat' dir='ltr'>Tum</span> <span class='ocrx_word' id='word_1_258' title='bbox 1371 2086 1581 2137; x_wconf 79' lang='lat' dir='ltr'>opponitur</span> <span class='ocrx_word' id='word_1_259' title='bbox 1598 2085 1739 2139; x_wconf 87' lang='lat' dir='ltr'>scripto</span> 
     </span>
     <span class='ocr_line' id='line_1_30' title="bbox 337 2144 1738 2203; baseline 0.006 -22"><span class='ocrx_word' id='word_1_260' title='bbox 337 2144 513 2183; x_wconf 88' lang='lat' dir='ltr'>voluntas</span> <span class='ocrx_word' id='word_1_261' title='bbox 534 2145 739 2199; x_wconf 87' lang='lat' dir='ltr'>scriptoris,</span> <span class='ocrx_word' id='word_1_262' title='bbox 755 2157 797 2185; x_wconf 88' lang='lat' dir='ltr'>ut</span> <span class='ocrx_word' id='word_1_263' title='bbox 818 2158 1019 2200; x_wconf 78' lang='lat' dir='ltr'>quaeratur‚</span> <span class='ocrx_word' id='word_1_264' title='bbox 1042 2150 1202 2188; x_wconf 82' lang='lat' dir='ltr'>verbane</span> <span class='ocrx_word' id='word_1_265' title='bbox 1216 2150 1316 2203; x_wconf 88' lang='lat' dir='ltr'>plus,</span> <span class='ocrx_word' id='word_1_266' title='bbox 1334 2164 1380 2188; x_wconf 87' lang='lat' dir='ltr'>an</span> <span class='ocrx_word' id='word_1_267' title='bbox 1397 2150 1593 2196; x_wconf 82' lang='lat' dir='ltr'>sententia,</span> <span class='ocrx_word' id='word_1_268' title='bbox 1616 2152 1738 2190; x_wconf 84' lang='lat' dir='ltr'>valere</span> 
     </span>
     <span class='ocr_line' id='line_1_31' title="bbox 337 2209 1735 2269; baseline 0.006 -22"><span class='ocrx_word' id='word_1_269' title='bbox 337 2209 484 2249; x_wconf 86' lang='lat' dir='ltr'>debeat.</span> <span class='ocrx_word' id='word_1_270' title='bbox 535 2213 644 2250; x_wconf 91' lang='lat' dir='ltr'>Tum</span> <span class='ocrx_word' id='word_1_271' title='bbox 664 2212 741 2265; x_wconf 86' lang='lat' dir='ltr'>legi</span> <span class='ocrx_word' id='word_1_272' title='bbox 772 2213 834 2252; x_wconf 83' lang='lat' dir='ltr'>lex</span> <span class='ocrx_word' id='word_1_273' title='bbox 854 2215 1041 2252; x_wconf 86' lang='lat' dir='ltr'>contraria</span> <span class='ocrx_word' id='word_1_274' title='bbox 1072 2215 1239 2254; x_wconf 77' lang='lat' dir='ltr'>affertur.</span> <span class='ocrx_word' id='word_1_275' title='bbox 1300 2218 1358 2254; x_wconf 82' lang='lat' dir='ltr'>Ita</span> <span class='ocrx_word' id='word_1_276' title='bbox 1377 2217 1464 2255; x_wconf 85' lang='lat' dir='ltr'>sunt</span> <span class='ocrx_word' id='word_1_277' title='bbox 1496 2218 1566 2255; x_wconf 80' lang='lat' dir='ltr'>tria</span> <span class='ocrx_word' id='word_1_278' title='bbox 1585 2231 1735 2269; x_wconf 85' lang='lat' dir='ltr'>genera,</span> 
     </span>
     <span class='ocr_line' id='line_1_32' title="bbox 335 2279 1734 2336; baseline 0.007 -24"><span class='ocrx_word' id='word_1_279' title='bbox 335 2289 420 2327; x_wconf 84' lang='lat' dir='ltr'>quae</span> <span class='ocrx_word' id='word_1_280' title='bbox 450 2279 744 2317; x_wconf 85' lang='lat' dir='ltr'>controverfiam</span> <span class='ocrx_word' id='word_1_281' title='bbox 773 2280 813 2317; x_wconf 90' lang='lat' dir='ltr'>in</span> <span class='ocrx_word' id='word_1_282' title='bbox 847 2282 956 2319; x_wconf 88' lang='lat' dir='ltr'>omni</span> <span class='ocrx_word' id='word_1_283' title='bbox 977 2281 1116 2335; x_wconf 88' lang='lat' dir='ltr'>scripto</span> <span class='ocrx_word' id='word_1_284' title='bbox 1136 2282 1258 2320; x_wconf 84' lang='lat' dir='ltr'>facere</span> <span class='ocrx_word' id='word_1_285' title='bbox 1289 2283 1455 2336; x_wconf 75' lang='lat' dir='ltr'>possunt,</span> <span class='ocrx_word' id='word_1_286' title='bbox 1491 2284 1734 2336; x_wconf 84' lang='lat' dir='ltr'>ambiguum,</span> 
     </span>
     <span class='ocr_line' id='line_1_33' title="bbox 335 2341 1408 2400; baseline 0.009 -23"><span class='ocrx_word' id='word_1_287' title='bbox 335 2341 585 2394; x_wconf 87' lang='lat' dir='ltr'>discrepantia</span> <span class='ocrx_word' id='word_1_288' title='bbox 605 2343 734 2396; x_wconf 89' lang='lat' dir='ltr'>scripti</span> <span class='ocrx_word' id='word_1_289' title='bbox 754 2354 791 2383; x_wconf 88' lang='lat' dir='ltr'>et</span> <span class='ocrx_word' id='word_1_290' title='bbox 811 2346 1032 2392; x_wconf 77' lang='lat' dir='ltr'>voluntatis,</span> <span class='ocrx_word' id='word_1_291' title='bbox 1053 2348 1189 2400; x_wconf 82' lang='lat' dir='ltr'>scripta</span> <span class='ocrx_word' id='word_1_292' title='bbox 1208 2350 1408 2387; x_wconf 85' lang='lat' dir='ltr'>contraria.</span> 
     </span>
    </p>

    <p class='ocr_par' dir='ltr' id='par_1_5' title="bbox 389 2407 1734 2467">
     <span class='ocr_line' id='line_1_34' title="bbox 389 2407 1734 2467; baseline 0.004 -22"><span class='ocrx_word' id='word_1_293' title='bbox 389 2407 522 2446; x_wconf 83' lang='lat' dir='ltr'><strong>XXV.</strong></span> <span class='ocrx_word' id='word_1_294' title='bbox 554 2410 642 2459; x_wconf 88' lang='lat' dir='ltr'>Jam</span> <span class='ocrx_word' id='word_1_295' title='bbox 663 2409 738 2448; x_wconf 92' lang='lat' dir='ltr'>hoc</span> <span class='ocrx_word' id='word_1_296' title='bbox 758 2411 1004 2463; x_wconf 86' lang='lat' dir='ltr'>perspicuum</span> <span class='ocrx_word' id='word_1_297' title='bbox 1025 2413 1090 2458; x_wconf 85' lang='lat' dir='ltr'>est,</span> <span class='ocrx_word' id='word_1_298' title='bbox 1131 2428 1208 2452; x_wconf 91' lang='lat' dir='ltr'>non</span> <span class='ocrx_word' id='word_1_299' title='bbox 1230 2416 1350 2467; x_wconf 88' lang='lat' dir='ltr'>magis</span> <span class='ocrx_word' id='word_1_300' title='bbox 1371 2416 1411 2452; x_wconf 89' lang='lat' dir='ltr'>in</span> <span class='ocrx_word' id='word_1_301' title='bbox 1432 2415 1594 2467; x_wconf 80' lang='lat' dir='ltr'>legibus,</span> <span class='ocrx_word' id='word_1_302' title='bbox 1617 2427 1734 2465; x_wconf 88' lang='lat' dir='ltr'>quam</span> 
     </span>
    </p>
   </div>
   <div class='ocr_carea' id='block_1_3' title="bbox 333 2473 1735 2585">
    <p class='ocr_par' dir='ltr' id='par_1_6' title="bbox 333 2473 1735 2585">
     <span class='ocr_line' id='line_1_35' title="bbox 333 2473 1735 2533; baseline 0.006 -23"><span class='ocrx_word' id='word_1_303' title='bbox 333 2473 375 2511; x_wconf 90' lang='lat' dir='ltr'>in</span> <span class='ocrx_word' id='word_1_304' title='bbox 396 2473 644 2521; x_wconf 80' lang='lat' dir='ltr'>testamentis,</span> <span class='ocrx_word' id='word_1_305' title='bbox 660 2476 699 2514; x_wconf 91' lang='lat' dir='ltr'>in</span> <span class='ocrx_word' id='word_1_306' title='bbox 715 2477 1038 2531; x_wconf 83' lang='lat' dir='ltr'>stipulationibus,</span> <span class='ocrx_word' id='word_1_307' title='bbox 1059 2480 1100 2518; x_wconf 87' lang='lat' dir='ltr'>in</span> <span class='ocrx_word' id='word_1_308' title='bbox 1118 2480 1274 2533; x_wconf 81' lang='lat' dir='ltr'>reliquis</span> <span class='ocrx_word' id='word_1_309' title='bbox 1293 2481 1419 2525; x_wconf 80' lang='lat' dir='ltr'>rebus,</span> <span class='ocrx_word' id='word_1_310' title='bbox 1434 2495 1518 2533; x_wconf 67' lang='lat' dir='ltr'>quat</span> <span class='ocrx_word' id='word_1_311' title='bbox 1534 2494 1579 2518; x_wconf 76' lang='lat' dir='ltr'>ex</span> <span class='ocrx_word' id='word_1_312' title='bbox 1596 2480 1735 2533; x_wconf 88' lang='lat' dir='ltr'>scripto</span> 
     </span>
     <span class='ocr_line' id='line_1_36' title="bbox 417 2540 1432 2585; baseline 0.004 -6"><span class='ocrx_word' id='word_1_313' title='bbox 417 2540 455 2578; x_wconf 95' lang='lat' dir='ltr'><strong>T</strong></span> <span class='ocrx_word' id='word_1_314' title='bbox 473 2554 497 2580; x_wconf 91' lang='lat' dir='ltr'>o</span> <span class='ocrx_word' id='word_1_315' title='bbox 515 2553 568 2580; x_wconf 89' lang='lat' dir='ltr'>M.</span> <span class='ocrx_word' id='word_1_316' title='bbox 599 2542 632 2580; x_wconf 92' lang='grc' dir='ltr'>Ι.</span> <span class='ocrx_word' id='word_1_317' title='bbox 1333 2549 1354 2585; x_wconf 84' lang='lat' dir='ltr'>S</span> <span class='ocrx_word' id='word_1_318' title='bbox 1377 2547 1398 2584; x_wconf 85' lang='lat' dir='ltr'>s</span> <span class='ocrx_word' id='word_1_319' title='bbox 1410 2546 1432 2583; x_wconf 82' lang='lat' dir='ltr'>s</span> 
     </span>
    </p>
   </div>
  </div>
 </body>
</html>
