2176 2912
448 221 775 262 LIBER
851 221 1436 261 SECUNDUS.
1584 237 1658 275 109

254 321 461 359 inimicum
480 318 604 364 fuifl‘e,
635 327 673 356 et
693 319 865 356 amicum
887 318 967 356 fieri
989 318 1098 357 nullo
1119 320 1237 358 modo
1258 319 1372 373 posse.
1412 321 1449 358 Si
1471 320 1656 358 beneficia

253 386 419 439 proferet
435 404 446 430 ;
478 394 543 422 aut
563 384 689 436 aliqua
707 385 753 422 de
773 384 881 422 causa
900 383 1010 429 facta,
1042 399 1119 423 non
1151 395 1306 438 propter
1334 386 1656 431 benevolentiam,

254 451 552 494 demonstrabit;
584 459 649 488 aut
681 450 807 503 postea
839 450 976 488 odium
1010 451 1081 490 effe
1107 464 1190 489 acre
1221 451 1436 503 susceptum
1455 470 1464 494 3
1497 462 1561 488 aut
1593 453 1659 489 illa

254 519 384 556 omnia
404 517 601 555 maleficiis
622 517 693 556 effe
713 517 836 555 deleta
851 536 862 562 3
895 526 960 555 aut
983 517 1124 556 leviora
1144 517 1345 562 beneficia,
1367 531 1486 570 quam
1507 518 1657 555 malefi-

254 583 336 627 cia;
367 592 445 627 aut,
468 581 559 620 cum
579 582 775 620 beneficiis
797 582 919 620 honos
941 581 1094 621 habitus
1112 583 1170 628 fit,
1202 596 1271 636 pro
1292 582 1484 620 maleficio
1500 596 1657 635 poenam

254 649 354 686 sumi
373 658 560 702 oportere.
604 648 756 686 Deinde
777 658 887 701 turpe
907 648 991 694 effe,
1014 658 1078 687 aut
1099 649 1251 693 inutile,
1283 648 1442 701 ignosci.
1490 649 1657 693 Deinde,

255 714 302 751 de
322 728 400 766 quo
422 723 464 751 ut
484 712 644 766 potestas
665 713 753 751 esset
777 713 869 765 saepe
889 714 1072 766 optarint,
1104 714 1144 751 in
1165 728 1255 752 eum
1275 713 1458 766 potestate
1487 727 1564 752 non
1586 714 1658 758 uti,

255 779 448 818 summam
469 779 539 817 effe
558 779 761 817 stultitiam
774 797 786 824 3
818 788 856 816 et
882 780 1049 832 cogitare
1069 790 1256 832 oportere,
1280 793 1398 831 quem
1421 780 1598 817 animum
1619 780 1660 817 in

254 858 360 890 eum,
391 845 451 883 vel
472 844 584 896 quale
604 844 754 888 odium,
771 842 990 883 habuerint.
1029 846 1158 883 Locus
1175 854 1305 883 autem
1325 845 1549 883 communis
1570 845 1656 890 erit,

257 910 473 962 indignatio
494 908 675 946 maleficii
691 927 703 953 ς
726 918 764 946 et
783 908 1043 953 alter,‘e0rum
1063 910 1232 948 misereri
1253 919 1441 962 oportere,
1456 910 1524 962 qui
1540 924 1659 963 prop-

254 984 312 1013 ter
331 974 543 1019 fortunam,
566 988 644 1012 non
666 983 821 1027 propter
841 975 1046 1020 malitiam,
1068 976 1109 1013 in
1128 975 1288 1014 miseriis
1310 975 1396 1013 fint.

310 1045 510 1098 Qoniam
531 1045 650 1097 igitur
679 1046 719 1083 in
741 1045 908 1097 generali
929 1046 1204 1084 constitutione
1231 1046 1381 1085 tamdiu
1400 1055 1555 1099 propter
1581 1047 1662 1098 ejus

255 1111 425 1164 partium
445 1110 742 1148 multitudinem
763 1124 1065 1156 commoramur,
1099 1126 1146 1149 ne
1166 1111 1266 1150 forte
1287 1112 1465 1149 varietate
1486 1121 1524 1149 et
1553 1111 1658 1149 diffi-

256 1176 479 1214 militudine
500 1189 627 1213 rerum
648 1176 831 1214 deductus
852 1176 1014 1229 alicujus
1036 1178 1188 1216 animus
1210 1178 1249 1215 in
1270 1177 1465 1230 quendam
1493 1191 1661 1215 errorem

256 1240 447 1279 deferatur
463 1260 474 1285 ;
507 1241 601 1293 quid
622 1241 745 1278 etiam
760 1241 871 1279 nobis
903 1255 950 1280 ex
970 1256 1014 1280 eo
1034 1256 1171 1295 genere
1191 1243 1315 1288 restet,
1341 1252 1378 1280 et
1399 1257 1514 1296 quare
1535 1243 1659 1288 restet,

255 1307 546 1345 admonendum
577 1307 739 1345 videtur.
785 1307 1052 1358 Juridicialem
1073 1309 1224 1346 causam
1252 1309 1322 1347 effe
1349 1309 1588 1353 dicebamus,
1619 1309 1661 1346 in
1703 1317 1714 1325 ⁶

255 1388 333 1426 qua
358 1375 457 1426 aequi
479 1383 516 1412 et
537 1375 662 1426 iniqui
683 1383 828 1419 natura,
861 1375 1011 1427 praemii
1042 1385 1106 1413 aut
1127 1390 1250 1428 poenae
1270 1375 1379 1420 ratio,
1413 1385 1659 1428 quaereretur.

255 1442 330 1479 Eas
351 1440 491 1485 causas,
512 1441 551 1479 in
573 1441 714 1494 quibus
733 1441 779 1478 de
801 1455 911 1493 aequo
931 1450 969 1479 et
990 1441 1125 1494 iniquo
1146 1442 1343 1494 quaeritur,
1363 1442 1624 1494 exposuimus.

300 1511 515 1550 XXXVII.
548 1511 677 1550 Restat
701 1525 818 1557 nunc,
840 1520 883 1549 ut
904 1512 950 1549 de
967 1513 1126 1564 praemio
1147 1522 1185 1550 et
1205 1512 1251 1550 de
1271 1526 1384 1565 poena
1405 1513 1659 1565 explicemus,

256 1578 353 1616 Sunt
365 1578 470 1615 enim
483 1577 617 1615 multae
633 1577 764 1622 causae,
776 1591 860 1629 quae
873 1591 919 1615 ex
932 1578 1082 1630 praemii
1095 1578 1207 1630 alicuj
1215 1591 1257 1615 us
1271 1578 1458 1630 petitione
1471 1579 1658 1617 constant.

257 1643 365 1681 Nam
384 1652 422 1681 et
448 1643 549 1696 apud
563 1643 715 1694 judices
736 1643 782 1680 de
802 1643 961 1695 praemio
988 1643 1081 1695 saepe
1108 1643 1371 1682 accusatorum
1394 1644 1591 1696 quaeritur,
1623 1654 1661 1682 et

256 1722 278 1746 a
297 1709 439 1754 senatu,
460 1718 526 1747 aut
545 1709 713 1747 concilio
733 1709 888 1761 aliquod
907 1710 1114 1762 praemium
1134 1710 1227 1762 saepe
1248 1711 1406 1762 petitur.
1453 1712 1514 1748 Ac
1531 1711 1660 1748 nemi-

258 1787 349 1812 nem
369 1774 571 1812 conveniet
592 1775 779 1818 arbitrari,
803 1787 886 1818 1³08,
909 1788 1001 1812 cum
1029 1775 1186 1827 aliquod
1212 1776 1438 1829 exemplum
1455 1789 1660 1829 ponamus,

257 1839 363 1891 quod
383 1840 423 1877 in
444 1840 572 1877 senatu
593 1849 738 1892 agatur,
769 1840 816 1877 ab
831 1840 1007 1890 judiciali
1028 1854 1164 1892 genere
1185 1842 1454 1894 exemplorum
1470 1842 1657 1880 recedere.

259 1905 463 1957 Qicquid
492 1905 597 1943 enim
619 1905 664 1942 de
694 1904 854 1942 homine
884 1905 1095 1956 probandO,
1127 1916 1192 1944 aut
1213 1907 1481 1959 improbando,
1504 1908 1660 1954 dicitur,

258 1983 351 2007 cum
372 1970 417 2007 ad
437 1983 521 2007 eam
553 1970 778 2014 dictionem,
801 1969 1076 2008 sententiarum
1096 1983 1251 2023 quoque
1272 1972 1366 2009 ratio
1386 1974 1661 2012 accommode·

260 2045 334 2080 tur,
357 2036 396 2074 id
417 2050 509 2081 non,
532 2036 557 2073 fi
582 2049 648 2088 per
665 2036 858 2073 sententia:
878 2035 1090 2074 dictionem
1110 2037 1249 2089 agitur,
1271 2037 1566 2077 deliberativum
1587 2040 1660 2085 est5

259 2102 319 2140 sed
340 2103 430 2155 quia
449 2103 495 2140 de
515 2102 676 2140 homine
697 2102 886 2146 statuitur,
903 2103 1089 2155 judiciale
1118 2104 1170 2141 est
1197 2103 1433 2143 habendum.
1483 2106 1662 2144 Omnino

259 2177 391 2207 autem
410 2169 478 2221 qui
498 2168 702 2221 diligenter
722 2169 903 2207 omnium
922 2170 1119 2208 causarum
1140 2171 1221 2208 vim
1247 2180 1285 2208 et
1308 2181 1484 2209 naturam
1512 2185 1658 2225 cogno-

258 2235 368 2279 verit,
386 2232 478 2273 cum
495 2248 632 2287 genere
647 2235 790 2287 primo,
804 2244 891 2273 tum
907 2235 1024 2274 etiam
1044 2235 1170 2275 forma
1189 2250 1248 2274 eas
1265 2237 1457 2290 intelliget
1473 2238 1658 2277 diffidere.

260 2300 418 2337 Caeteris
439 2310 569 2338 autem
600 2302 772 2353 partibus
806 2310 910 2354 aptas
931 2302 1031 2340 inter
1051 2302 1086 2340 se
1112 2316 1261 2349 omnes,
1293 2312 1330 2342 et
1350 2304 1465 2342 aliam
1484 2304 1524 2342 in
1545 2304 1660 2343 aliam

260 2366 503 2418 implicatam
521 2367 680 2407 videbit.

315 2431 436 2469 Nunc
455 2432 502 2470 de
521 2434 688 2485 praemiis
715 2434 1011 2473 confideremus.
1058 2435 1106 2473 L.
1129 2435 1306 2473 Licinius
1334 2435 1483 2474 Craffus
1515 2434 1659 2474 Consul

259 2497 445 2551 quosdam
465 2498 506 2538 in
527 2499 702 2539 citeriore
730 2501 872 2548 Gallia,
895 2501 1004 2540 nullo
1023 2500 1161 2541 illustri
1181 2514 1305 2555 neque
1325 2510 1428 2541 certo
1449 2501 1558 2546 duce,
1589 2513 1657 2538 nee
