2176 2912
536 154 855 193 LIBER
930 153 1506 211 SECUNDUS.
1655 175 1734 216 245

331 246 456 285 multa
475 246 520 284 de
540 245 699 291 balneis,
731 259 824 298 quas
858 260 980 299 nuper
1010 247 1077 285 ille
1110 247 1329 286 vendiderat
1340 267 1353 294 3
1385 263 1503 302 quam
1533 253 1657 292 multa
1691 255 1738 293 de

329 312 462 350 arniffo
480 312 716 365 patrimonio
736 312 863 351 dixit?
900 315 1034 366 Atque
1049 313 1116 352 illa
1136 314 1276 360 brevia,
1309 328 1401 353 curn
1421 317 1488 354 ille
1518 319 1673 366 diceret,
1691 323 1736 374 st·

313 378 396 429 fine
413 379 519 431 causti
532 377 698 431 stulare3
731 380 885 419 Minime
901 380 1044 425 mirum,
1076 381 1220 434 inquit,
1250 381 1345 421 modo
1368 383 1458 421 enim
1474 384 1574 436 existi
1589 386 1629 424 de
1656 387 1735 426 bal-

325 443 412 483 neis.
445 445 748 483 Innumerabilia
767 445 1037 498 hujuscemodi
1060 446 1232 493 fuerunt,
1264 448 1326 488 sed
1345 463 1424 488 non
1442 451 1573 489 minus
1588 453 1735 504 jucun-

325 509 374 547 da
403 509 470 548 illa
488 520 683 564 perpetua.
729 513 834 550 Cum
862 513 968 552 enim
990 515 1132 552 Brutus
1157 515 1252 553 duos
1277 515 1434 555 leetores
1459 517 1666 564 excitasset,
1697 529 1735 558 et

324 575 434 614 alteri
454 577 501 614 de
533 577 686 615 colonia
717 578 956 618 Narbonenfi
979 580 1096 618 Craffi
1131 582 1345 620 orationem
1376 582 1579 636 legendam
1606 585 1730 623 dedis-

324 641 392 686 set,
423 643 531 681 alteri
551 643 598 682 de
624 644 707 697 lege
729 645 884 683 Servilia
898 665 910 690 3
943 656 981 685 et
1000 660 1092 686 cum
1113 649 1302 686 contraria
1319 649 1419 688 inter
1438 650 1511 689 sese
1527 651 1573 689 de
1588 652 1731 704 repub-

323 707 400 746 lica
431 709 556 762 capita
590 711 831 757 contuliffet3
874 712 998 751 noster
1028 712 1094 752 hic
1120 713 1345 754 facetiffime
1366 725 1439 755 tres
1468 717 1585 770 patris
1620 719 1731 757 Bruti

323 774 371 811 de
389 775 476 826 jure
504 776 611 814 civili
639 776 792 814 libellos
824 778 945 816 tribus
978 778 1158 831 legendos
1190 781 1308 820 dedit.
1360 783 1423 821 Ex
1453 782 1554 821 libro
1584 785 1727 837 primo,

321 840 480 879 FORTE
513 854 700 887 EVENIT,
735 856 795 880 UT
830 856 875 881 ΞΝ
910 856 1198 884 PRIVERNATI
1234 860 1445 887 ESSEMUS.
1502 851 1635 896 Brute,
1657 852 1727 905 tes-

320 904 487 956 tificatur
506 914 620 958 pater
635 909 680 960 st’
710 907 782 946 tibi
811 909 1072 948 Privernatem
1087 911 1252 963 fundum
1280 913 1462 966 reliqugffi.
1500 915 1653 954 Deinde
1681 930 1729 955 ex

320 969 422 1009 libro
457 971 635 1018 secundo,
678 974 726 1012 IN
761 987 948 1014 ALBANo
982 989 1169 1016 ERAMUS
1215 991 1303 1016 EGO
1342 992 1401 1017 ET
1436 993 1623 1020 MARCUS
1658 995 1725 1020 Fl-

322 1049 439 1076 LIUS.
499 1039 646 1091 Sapiens
676 1040 837 1080 videlicet
866 1042 963 1081 homo
992 1057 1070 1082 cum
1091 1044 1223 1096 primis
1255 1045 1382 1100 nostrce
1410 1046 1588 1093 civitatis,
1619 1059 1728 1088 norat

319 1102 414 1142 hunc
427 1105 612 1157 gurgitem
627 1123 639 1150 3
671 1106 860 1152 metuebat,
891 1123 947 1153 ne,
978 1124 1055 1148 cum
1075 1110 1104 1148 is
1122 1111 1218 1150 nihil
1239 1112 1400 1157 haberet,
1431 1114 1526 1152 nihil
1538 1114 1598 1168 eſji’
1616 1116 1650 1154 ei
1663 1130 1725 1154 re-

316 1168 440 1209 licft'um
462 1179 678 1224 putaretur.
738 1174 847 1211 Tum
879 1187 925 1212 ex
945 1175 1046 1214 libro
1066 1177 1193 1222 tertio,
1224 1178 1264 1215 in
1296 1192 1375 1230 quo
1396 1178 1515 1217 finem
1535 1180 1724 1219 scribendi

318 1233 427 1280 fecit,
472 1236 549 1287 (tot
582 1237 702 1282 enim,
735 1247 778 1276 ut
811 1239 939 1277 audivi
971 1241 1179 1280 Scaevolam
1212 1242 1351 1288 dicere,
1384 1243 1470 1282 sunt
1499 1246 1576 1283 veri
1610 1247 1722 1285 Bruti

317 1300 441 1353 libri)
474 1302 522 1340 IN
566 1316 764 1343 TIBURTI
810 1318 959 1345 FORTE
1006 1320 1261 1347 ASSEDIMUS
1308 1322 1395 1348 EGO
1440 1323 1498 1348 ET
1532 1324 1719 1351 MARCUS

316 1378 483 1406 rums.
546 1369 618 1409 Ubi
627 1371 725 1422 sunt
756 1371 786 1409 ii
796 1371 925 1424 fundi,
957 1373 1090 1418 Brute,
1122 1389 1205 1427 quos
1234 1374 1304 1413 tibi
1320 1384 1434 1427 pater
1445 1376 1599 1428 publicis
1627 1393 1720 1418 com-

314 1435 500 1473 mentariis
531 1437 749 1488 consignatos
778 1438 923 1490 reliquit
939 1438 960 1476 ,Ρ
1004 1439 1109 1491 Qod
1131 1440 1198 1491 nist
1205 1440 1375 1493 puberem
1395 1450 1443 1486 te,
1475 1442 1617 1494 inquit,
1636 1444 1719 1494 jam

313 1499 474 1546 haberet,
503 1510 676 1555 quartum
693 1503 825 1543 librum
854 1503 1094 1559 compcficff’z‘,
1125 1515 1161 1544 et
1175 1507 1221 1560 β’
1248 1507 1356 1546 etiam
1385 1507 1421 1545 in
1450 1507 1582 1547 balneis
1609 1510 1718 1550 lotum

313 1579 392 1605 cum
396 1567 491 1619 filio,
507 1570 692 1622 seriptum
711 1571 842 1625 reliqui
863 1580 911 1610 et.

350 1632 470 1686 'Qis
489 1634 542 1672 est
561 1635 694 1688 igitur,
725 1638 794 1689 qui
825 1651 902 1676 non
922 1637 1097 1685 fateatur,
1128 1639 1204 1680 hoc
1224 1641 1366 1694 lepore,
1397 1652 1511 1695 atque
1530 1642 1591 1682 his
1611 1643 1715 1682 face-

312 1698 376 1737 tiis
396 1713 474 1738 non
493 1701 624 1740 minus
645 1702 856 1742 refutatum
875 1704 946 1742 effe
968 1706 1147 1752 Brutum,
1163 1721 1281 1760 quam
1297 1709 1374 1747 illis
1392 1710 1600 1762 tragoediis,
1622 1725 1715 1763 quas

313 1766 392 1817 egit
422 1765 541 1811 idem,
573 1781 665 1806 cum
686 1769 771 1807 casu
797 1770 837 1807 in
858 1770 990 1809 eadem
1012 1773 1119 1810 causa
1149 1772 1282 1812 funere
1312 1775 1510 1815 efferretur
1527 1791 1620 1815 anus
1641 1778 1714 1828 Ju-

311 1831 403 1869 nia?
435 1833 510 1871 Pro
524 1833 594 1872 Dii
613 1835 866 1881 immortales,
886 1851 971 1889 quae
991 1837 1066 1876 fuit
1086 1839 1166 1885 illa,
1184 1850 1327 1892 quanta
1344 1843 1400 1880 vis
1419 1844 1432 1880 ?
1463 1858 1582 1895 quam
1602 1845 1714 1882 inex-

310 1898 482 1949 pectata?
520 1913 638 1952 quam
669 1902 891 1954 repentina?
938 1918 1044 1949 cum,
1076 1906 1258 1958 conjectis
1293 1908 1431 1953 oculis,
1467 1909 1573 1961 gestu
1605 1910 1715 1948 omni

309 1962 549 2011 imminenti,
574 1966 725 2005 summa
743 1969 926 2020 gravitate
945 1980 982 2008 et
1002 1971 1192 2010 celeritate
1212 1973 1418 2012 verborum
1437 1989 1446 2012 :
1479 1976 1612 2020 Brute,
1633 1974 1720 2029 quid

295 2029 397 2081 sedes
410 2031 430 2069 ?
460 2031 546 2085 quid
562 2034 657 2072 illam
685 2049 793 2073 anum
815 2036 928 2088 patri
938 2038 1113 2076 nuntiare
1132 2039 1189 2077 vis
1211 2048 1272 2078 tuo
1286 2040 1306 2078 ἓ
1335 2040 1424 2094 quid
1447 2042 1515 2079 illis
1544 2042 1712 2087 omnibus,

308 2110 456 2149 quorum
476 2100 644 2152 imagines
662 2100 745 2140 duci
760 2102 857 2141 vides
873 2103 894 2141 ἓ
923 2104 1012 2157 quid
1024 2105 1214 2156 majoribus
1241 2107 1312 2145 tuis
1329 2108 1349 2146 ?
1387 2108 1475 2161 quid
1499 2109 1551 2146 L.
1575 2111 1709 2154 Bruto,

308 2163 374 2214 qui
388 2163 483 2203 hunc
495 2167 663 2218 populum
682 2167 864 2207 dominatu
883 2171 977 2222 regio
996 2171 1169 2210 liberavit
1185 2174 1205 2211 ἓ
1236 2173 1324 2226 quid
1338 2176 1508 2226 tefizcere
1523 2176 1541 2213 ?
1571 2176 1632 2213 cui
1643 2176 1709 2220 rei,

307 2229 369 2266 cui
379 2230 518 2281 gloriae,
536 2233 596 2270 cui
611 2233 753 2272 virtuti
754 2235 900 2287 studere
912 2237 933 2275 .?
963 2238 1231 2278 Patrimonione
1249 2241 1406 2293 augendo
1423 2242 1442 2280 ,1²
1472 2251 1513 2280 at
1532 2241 1572 2281 id
1585 2257 1652 2280 non
1668 2241 1713 2294 cst

307 2293 516 2334 nobilitatis.
568 2298 640 2336 Sed
652 2299 726 2351 fac
758 2301 829 2354 este,
860 2302 955 2341 nihil
963 2305 1151 2357 stiperest3
1192 2305 1349 2345 libidines
1379 2317 1491 2345 totum
1524 2308 1709 2360 dgffipave-

306 2370 411 2399 runt.
455 2363 526 2400 (An
534 2363 622 2414 juri
638 2365 740 2403 civili
753 2366 772 2404 ,ἕ
802 2368 846 2420 est
854 2377 1051 2421 paternum
1066 2387 1080 2409 .·
1096 2371 1168 2424 fid
1181 2371 1285 2418 dicet,
1317 2383 1364 2418 te,
1396 2388 1472 2412 cum
1501 2373 1590 2412 cedes
1618 2388 1707 2411 ven-

306 2424 417 2470 deres,
448 2440 491 2464 ne
509 2427 545 2466 in
565 2429 660 2467 rutis
679 2430 812 2483 quidem
832 2442 867 2472 et
885 2436 1112 2489 caestsfilzusn
1131 2436 1202 2475 tibi
1209 2446 1407 2490 paternum
1425 2437 1592 2490 recepqffin
1642 2439 1708 2476 An

306 2492 363 2530 rei
377 2492 564 2534 militari?
593 2497 658 2550 qui
667 2510 846 2551 nunquam
867 2500 983 2553 castra
998 2501 1144 2544 videris.
1175 2506 1241 2544 An
1262 2504 1492 2559 eloquentiae?
1512 2518 1591 2558 quae
1610 2503 1707 2543 nulla
