<?xml version="1.0" encoding="UTF-8"?>
<!DOCTYPE html PUBLIC "-//W3C//DTD XHTML 1.0 Transitional//EN"
    "http://www.w3.org/TR/xhtml1/DTD/xhtml1-transitional.dtd">
<html xmlns="http://www.w3.org/1999/xhtml" xml:lang="en" lang="en">
 <head>
  <title>
</title>
<meta http-equiv="Content-Type" content="text/html;charset=utf-8" />
  <meta name='ocr-system' content='tesseract 3.04.00' />
  <meta name='ocr-capabilities' content='ocr_page ocr_carea ocr_par ocr_line ocrx_word'/>
</head>
<body>
  <div class='ocr_page' id='page_1' title='image "./operacumindicibu01ciceuoft_0114.png"; bbox 0 0 2176 2912; ppageno 0'>
   <div class='ocr_carea' id='block_1_1' title="bbox 389 255 1535 309">
    <p class='ocr_par' dir='ltr' id='par_1_1' title="bbox 389 255 1535 309">
     <span class='ocr_line' id='line_1_1' title="bbox 389 255 1535 309; baseline -0.003 -10"><span class='ocrx_word' id='word_1_1' title='bbox 389 269 465 309; x_wconf 80' lang='lat'><strong>104</strong></span> <span class='ocrx_word' id='word_1_2' title='bbox 620 255 1535 296; x_wconf 72' lang='lat' dir='ltr'><strong>&#39;DEINVENTIONE</strong></span> 
     </span>
    </p>
   </div>
   <div class='ocr_carea' id='block_1_2' title="bbox 381 348 1836 2642">
    <p class='ocr_par' dir='ltr' id='par_1_2' title="bbox 381 348 1788 1326">
     <span class='ocr_line' id='line_1_2' title="bbox 436 348 1783 402; baseline 0 -13"><span class='ocrx_word' id='word_1_3' title='bbox 436 352 483 389; x_wconf 92' lang='lat' dir='ltr'><strong>In</strong></span> <span class='ocrx_word' id='word_1_4' title='bbox 516 349 592 388; x_wconf 89' lang='lat' dir='ltr'><strong>hoc</strong></span> <span class='ocrx_word' id='word_1_5' title='bbox 625 359 755 388; x_wconf 91' lang='lat' dir='ltr'><strong>autem</strong></span> <span class='ocrx_word' id='word_1_6' title='bbox 789 363 866 387; x_wconf 90' lang='lat' dir='ltr'><strong>non</strong></span> <span class='ocrx_word' id='word_1_7' title='bbox 892 348 1062 387; x_wconf 88' lang='lat' dir='ltr'><strong>accusare</strong></span> <span class='ocrx_word' id='word_1_8' title='bbox 1092 350 1270 395; x_wconf 85' lang='lat' dir='ltr'><strong>alterurn,</strong></span> <span class='ocrx_word' id='word_1_9' title='bbox 1307 364 1377 388; x_wconf 92' lang='lat' dir='ltr'><strong>nec</strong></span> <span class='ocrx_word' id='word_1_10' title='bbox 1408 350 1564 402; x_wconf 89' lang='lat' dir='ltr'><strong>culpam</strong></span> <span class='ocrx_word' id='word_1_11' title='bbox 1594 350 1635 388; x_wconf 90' lang='lat' dir='ltr'><strong>in</strong></span> <span class='ocrx_word' id='word_1_12' title='bbox 1661 350 1783 391; x_wconf 82' lang='lat' dir='ltr'><strong>alium</strong></span> 
     </span>
     <span class='ocr_line' id='line_1_3' title="bbox 381 415 1783 462; baseline -0.001 -7"><span class='ocrx_word' id='word_1_13' title='bbox 381 415 582 456; x_wconf 86' lang='lat' dir='ltr'><strong>transferre</strong></span> <span class='ocrx_word' id='word_1_14' title='bbox 608 415 734 460; x_wconf 91' lang='lat' dir='ltr'><strong>debet,</strong></span> <span class='ocrx_word' id='word_1_15' title='bbox 766 415 826 453; x_wconf 90' lang='lat' dir='ltr'><strong>sed</strong></span> <span class='ocrx_word' id='word_1_16' title='bbox 858 415 1124 460; x_wconf 81' lang='lat' dir='ltr'><strong>demonstrare,</strong></span> <span class='ocrx_word' id='word_1_17' title='bbox 1156 429 1241 454; x_wconf 89' lang='lat' dir='ltr'><strong>eam</strong></span> <span class='ocrx_word' id='word_1_18' title='bbox 1272 430 1354 454; x_wconf 89' lang='lat' dir='ltr'><strong>rem</strong></span> <span class='ocrx_word' id='word_1_19' title='bbox 1382 430 1451 454; x_wconf 89' lang='lat' dir='ltr'><strong>nec</strong></span> <span class='ocrx_word' id='word_1_20' title='bbox 1478 416 1524 454; x_wconf 90' lang='lat' dir='ltr'><strong>ad</strong></span> <span class='ocrx_word' id='word_1_21' title='bbox 1551 416 1600 462; x_wconf 90' lang='lat' dir='ltr'><strong>se,</strong></span> <span class='ocrx_word' id='word_1_22' title='bbox 1632 430 1701 454; x_wconf 92' lang='lat' dir='ltr'><strong>nec</strong></span> <span class='ocrx_word' id='word_1_23' title='bbox 1737 417 1783 454; x_wconf 93' lang='lat' dir='ltr'><strong>ad</strong></span> 
     </span>
     <span class='ocr_line' id='line_1_4' title="bbox 384 481 1782 537; baseline 0 -16"><span class='ocrx_word' id='word_1_24' title='bbox 384 483 625 537; x_wconf 85' lang='lat' dir='ltr'><strong>potestatem,</strong></span> <span class='ocrx_word' id='word_1_25' title='bbox 662 494 787 533; x_wconf 88' lang='lat' dir='ltr'><strong>neque</strong></span> <span class='ocrx_word' id='word_1_26' title='bbox 816 481 862 519; x_wconf 88' lang='lat' dir='ltr'><strong>ad</strong></span> <span class='ocrx_word' id='word_1_27' title='bbox 892 481 1067 519; x_wconf 85' lang='lat' dir='ltr'><strong>officium</strong></span> <span class='ocrx_word' id='word_1_28' title='bbox 1090 481 1202 519; x_wconf 89' lang='lat' dir='ltr'><strong>suum</strong></span> <span class='ocrx_word' id='word_1_29' title='bbox 1233 482 1452 534; x_wconf 68' lang='lat' dir='ltr'>pertinuisse</span> <span class='ocrx_word' id='word_1_30' title='bbox 1484 491 1549 519; x_wconf 88' lang='lat' dir='ltr'><strong>aut</strong></span> <span class='ocrx_word' id='word_1_31' title='bbox 1579 483 1782 535; x_wconf 88' lang='lat' dir='ltr'><strong>pertinere.</strong></span> 
     </span>
     <span class='ocr_line' id='line_1_5' title="bbox 382 546 1783 602; baseline -0.002 -14"><span class='ocrx_word' id='word_1_32' title='bbox 382 552 515 602; x_wconf 82' lang='lat' dir='ltr'>Atque</span> <span class='ocrx_word' id='word_1_33' title='bbox 541 549 581 586; x_wconf 87' lang='lat' dir='ltr'><strong>in</strong></span> <span class='ocrx_word' id='word_1_34' title='bbox 611 547 686 586; x_wconf 92' lang='lat' dir='ltr'><strong>hoc</strong></span> <span class='ocrx_word' id='word_1_35' title='bbox 706 560 843 599; x_wconf 84' lang='lat' dir='ltr'><strong>genere</strong></span> <span class='ocrx_word' id='word_1_36' title='bbox 862 546 937 584; x_wconf 90' lang='lat' dir='ltr'><strong>hoc</strong></span> <span class='ocrx_word' id='word_1_37' title='bbox 958 547 1098 585; x_wconf 90' lang='lat' dir='ltr'><strong>accidit</strong></span> <span class='ocrx_word' id='word_1_38' title='bbox 1130 548 1233 592; x_wconf 90' lang='lat' dir='ltr'><strong>novi,</strong></span> <span class='ocrx_word' id='word_1_39' title='bbox 1264 548 1370 600; x_wconf 77' lang='lat' dir='ltr'><strong>quod</strong></span> <span class='ocrx_word' id='word_1_40' title='bbox 1401 548 1595 586; x_wconf 87' lang='lat' dir='ltr'><strong>accusator</strong></span> <span class='ocrx_word' id='word_1_41' title='bbox 1626 562 1783 600; x_wconf 88' lang='lat' dir='ltr'><strong>quoque</strong></span> 
     </span>
     <span class='ocr_line' id='line_1_6' title="bbox 384 612 1782 668; baseline -0.002 -15"><span class='ocrx_word' id='word_1_42' title='bbox 384 615 478 668; x_wconf 67' lang='lat' dir='ltr'><strong>saepe</strong></span> <span class='ocrx_word' id='word_1_43' title='bbox 490 628 536 652; x_wconf 81' lang='lat' dir='ltr'><strong>ex</strong></span> <span class='ocrx_word' id='word_1_44' title='bbox 551 614 764 651; x_wconf 86' lang='lat' dir='ltr'><strong>remotione</strong></span> <span class='ocrx_word' id='word_1_45' title='bbox 777 612 1090 650; x_wconf 83' lang='lat' dir='ltr'><strong>criminationem</strong></span> <span class='ocrx_word' id='word_1_46' title='bbox 1106 612 1277 651; x_wconf 87' lang='lat' dir='ltr'><strong>conficit.</strong></span> <span class='ocrx_word' id='word_1_47' title='bbox 1302 615 1359 651; x_wconf 95' lang='lat' dir='ltr'><strong>Ut</strong></span> <span class='ocrx_word' id='word_1_48' title='bbox 1375 613 1401 650; x_wconf 91' lang='lat' dir='ltr'>fi</span> <span class='ocrx_word' id='word_1_49' title='bbox 1414 614 1500 665; x_wconf 87' lang='lat' dir='ltr'><strong>quis</strong></span> <span class='ocrx_word' id='word_1_50' title='bbox 1514 627 1605 651; x_wconf 85' lang='lat' dir='ltr'><strong>eum</strong></span> <span class='ocrx_word' id='word_1_51' title='bbox 1618 614 1782 658; x_wconf 86' lang='lat' dir='ltr'><strong>accuset,</strong></span> 
     </span>
     <span class='ocr_line' id='line_1_7' title="bbox 384 677 1783 733; baseline -0.001 -15"><span class='ocrx_word' id='word_1_52' title='bbox 384 681 468 733; x_wconf 91' lang='lat' dir='ltr'><strong>qui,</strong></span> <span class='ocrx_word' id='word_1_53' title='bbox 498 693 590 717; x_wconf 90' lang='lat' dir='ltr'><strong>cum</strong></span> <span class='ocrx_word' id='word_1_54' title='bbox 613 680 755 717; x_wconf 84' lang='lat' dir='ltr'><strong>Praetor</strong></span> <span class='ocrx_word' id='word_1_55' title='bbox 774 677 877 722; x_wconf 72' lang='lat' dir='ltr'><strong>ess&#39;et,</strong></span> <span class='ocrx_word' id='word_1_56' title='bbox 902 678 941 715; x_wconf 91' lang='lat' dir='ltr'><strong>in</strong></span> <span class='ocrx_word' id='word_1_57' title='bbox 963 678 1250 730; x_wconf 78' lang='lat' dir='ltr'><strong>expeditionem</strong></span> <span class='ocrx_word' id='word_1_58' title='bbox 1271 679 1317 716; x_wconf 89' lang='lat' dir='ltr'><strong>ad</strong></span> <span class='ocrx_word' id='word_1_59' title='bbox 1337 692 1440 716; x_wconf 88' lang='lat' dir='ltr'><strong>arma</strong></span> <span class='ocrx_word' id='word_1_60' title='bbox 1459 679 1651 731; x_wconf 89' lang='lat' dir='ltr'><strong>populum</strong></span> <span class='ocrx_word' id='word_1_61' title='bbox 1669 692 1783 716; x_wconf 90' lang='lat' dir='ltr'><strong>voca-</strong></span> 
     </span>
     <span class='ocr_line' id='line_1_8' title="bbox 383 743 1785 797; baseline -0.002 -12"><span class='ocrx_word' id='word_1_62' title='bbox 383 748 448 791; x_wconf 88' lang='lat' dir='ltr'><strong>rit,</strong></span> <span class='ocrx_word' id='word_1_63' title='bbox 479 759 570 784; x_wconf 87' lang='lat' dir='ltr'><strong>cum</strong></span> <span class='ocrx_word' id='word_1_64' title='bbox 592 744 776 783; x_wconf 84' lang='lat' dir='ltr'><strong>Consules</strong></span> <span class='ocrx_word' id='word_1_65' title='bbox 798 743 975 781; x_wconf 72' lang='lat' dir='ltr'><strong>adessent.</strong></span> <span class='ocrx_word' id='word_1_66' title='bbox 1026 744 1132 781; x_wconf 86' lang='lat' dir='ltr'><strong>Nam</strong></span> <span class='ocrx_word' id='word_1_67' title='bbox 1163 753 1206 780; x_wconf 90' lang='lat' dir='ltr'><strong>ut</strong></span> <span class='ocrx_word' id='word_1_68' title='bbox 1231 744 1271 781; x_wconf 93' lang='lat' dir='ltr'><strong>in</strong></span> <span class='ocrx_word' id='word_1_69' title='bbox 1292 745 1482 796; x_wconf 84' lang='lat' dir='ltr'><strong>superiore</strong></span> <span class='ocrx_word' id='word_1_70' title='bbox 1501 744 1682 797; x_wconf 81' lang='lat' dir='ltr'><strong>exemplo</strong></span> <span class='ocrx_word' id='word_1_71' title='bbox 1700 757 1785 782; x_wconf 90' lang='lat' dir='ltr'><strong>reus</strong></span> 
     </span>
     <span class='ocr_line' id='line_1_9' title="bbox 385 807 1785 862; baseline -0.002 -12"><span class='ocrx_word' id='word_1_72' title='bbox 385 813 432 850; x_wconf 89' lang='lat' dir='ltr'><strong>ab</strong></span> <span class='ocrx_word' id='word_1_73' title='bbox 452 812 519 850; x_wconf 91' lang='lat' dir='ltr'><strong>suo</strong></span> <span class='ocrx_word' id='word_1_74' title='bbox 539 811 668 848; x_wconf 86' lang='lat' dir='ltr'><strong>officio</strong></span> <span class='ocrx_word' id='word_1_75' title='bbox 688 823 730 846; x_wconf 85' lang='lat' dir='ltr'><strong>ac</strong></span> <span class='ocrx_word' id='word_1_76' title='bbox 751 808 933 861; x_wconf 87' lang='lat' dir='ltr'><strong>potestate</strong></span> <span class='ocrx_word' id='word_1_77' title='bbox 952 807 1099 846; x_wconf 55' lang='lat' dir='ltr'><strong>fastum</strong></span> <span class='ocrx_word' id='word_1_78' title='bbox 1119 808 1354 854; x_wconf 90' lang='lat' dir='ltr'><strong>dimovebat,</strong></span> <span class='ocrx_word' id='word_1_79' title='bbox 1384 809 1433 846; x_wconf 80' lang='lat' dir='ltr'><strong>sic</strong></span> <span class='ocrx_word' id='word_1_80' title='bbox 1464 810 1505 847; x_wconf 91' lang='lat' dir='ltr'><strong>in</strong></span> <span class='ocrx_word' id='word_1_81' title='bbox 1525 808 1600 847; x_wconf 92' lang='lat' dir='ltr'><strong>hoc</strong></span> <span class='ocrx_word' id='word_1_82' title='bbox 1630 810 1677 847; x_wconf 86' lang='lat' dir='ltr'><strong>ab</strong></span> <span class='ocrx_word' id='word_1_83' title='bbox 1703 812 1785 862; x_wconf 86' lang='lat' dir='ltr'><strong>ejus</strong></span> 
     </span>
     <span class='ocr_line' id='line_1_10' title="bbox 381 874 1784 929; baseline -0.002 -13"><span class='ocrx_word' id='word_1_84' title='bbox 381 879 513 916; x_wconf 88' lang='lat' dir='ltr'><strong>officio</strong></span> <span class='ocrx_word' id='word_1_85' title='bbox 533 890 575 913; x_wconf 87' lang='lat' dir='ltr'><strong>ac</strong></span> <span class='ocrx_word' id='word_1_86' title='bbox 606 875 802 929; x_wconf 87' lang='lat' dir='ltr'><strong>potestate,</strong></span> <span class='ocrx_word' id='word_1_87' title='bbox 834 875 902 926; x_wconf 89' lang='lat' dir='ltr'><strong>qui</strong></span> <span class='ocrx_word' id='word_1_88' title='bbox 922 874 1130 919; x_wconf 87' lang='lat' dir='ltr'><strong>accusatur,</strong></span> <span class='ocrx_word' id='word_1_89' title='bbox 1167 875 1244 927; x_wconf 90' lang='lat' dir='ltr'><strong>ipse</strong></span> <span class='ocrx_word' id='word_1_90' title='bbox 1265 875 1457 913; x_wconf 88' lang='lat' dir='ltr'><strong>accusator</strong></span> <span class='ocrx_word' id='word_1_91' title='bbox 1488 874 1634 913; x_wconf 64' lang='lat' dir='ltr'><strong>faetum</strong></span> <span class='ocrx_word' id='word_1_92' title='bbox 1655 889 1784 913; x_wconf 89' lang='lat' dir='ltr'><strong>remo-</strong></span> 
     </span>
     <span class='ocr_line' id='line_1_11' title="bbox 384 939 1783 993; baseline -0.002 -12"><span class='ocrx_word' id='word_1_93' title='bbox 384 943 508 981; x_wconf 89' lang='lat' dir='ltr'><strong>vendo</strong></span> <span class='ocrx_word' id='word_1_94' title='bbox 526 941 596 979; x_wconf 88' lang='lat' dir='ltr'><strong>hac</strong></span> <span class='ocrx_word' id='word_1_95' title='bbox 618 940 696 993; x_wconf 89' lang='lat' dir='ltr'><strong>ipsa</strong></span> <span class='ocrx_word' id='word_1_96' title='bbox 725 940 870 978; x_wconf 85' lang='lat' dir='ltr'><strong>ratione</strong></span> <span class='ocrx_word' id='word_1_97' title='bbox 889 939 1093 977; x_wconf 89' lang='lat' dir='ltr'><strong>confirmat</strong></span> <span class='ocrx_word' id='word_1_98' title='bbox 1113 940 1408 978; x_wconf 81' lang='lat' dir='ltr'><strong>accusationem.</strong></span> <span class='ocrx_word' id='word_1_99' title='bbox 1452 941 1498 978; x_wconf 93' lang='lat' dir='ltr'><strong>In</strong></span> <span class='ocrx_word' id='word_1_100' title='bbox 1519 939 1590 978; x_wconf 90' lang='lat' dir='ltr'><strong>hac</strong></span> <span class='ocrx_word' id='word_1_101' title='bbox 1612 941 1658 978; x_wconf 87' lang='lat' dir='ltr'><strong>ab</strong></span> <span class='ocrx_word' id='word_1_102' title='bbox 1676 950 1783 979; x_wconf 91' lang='lat' dir='ltr'><strong>utro-</strong></span> 
     </span>
     <span class='ocr_line' id='line_1_12' title="bbox 382 1005 1781 1062; baseline -0.001 -16"><span class='ocrx_word' id='word_1_103' title='bbox 382 1022 458 1062; x_wconf 90' lang='lat' dir='ltr'><strong>que</strong></span> <span class='ocrx_word' id='word_1_104' title='bbox 478 1022 525 1046; x_wconf 85' lang='lat' dir='ltr'><strong>ex</strong></span> <span class='ocrx_word' id='word_1_105' title='bbox 545 1006 726 1045; x_wconf 87' lang='lat' dir='ltr'><strong>omnibus</strong></span> <span class='ocrx_word' id='word_1_106' title='bbox 747 1005 950 1043; x_wconf 87' lang='lat' dir='ltr'><strong>honestatis</strong></span> <span class='ocrx_word' id='word_1_107' title='bbox 971 1014 1008 1043; x_wconf 92' lang='lat' dir='ltr'><strong>et</strong></span> <span class='ocrx_word' id='word_1_108' title='bbox 1029 1006 1205 1044; x_wconf 85' lang='lat' dir='ltr'><strong>utilitatis</strong></span> <span class='ocrx_word' id='word_1_109' title='bbox 1226 1007 1412 1059; x_wconf 85' lang='lat' dir='ltr'><strong>partibus,</strong></span> <span class='ocrx_word' id='word_1_110' title='bbox 1430 1007 1632 1059; x_wconf 87' lang='lat' dir='ltr'><strong>exemplis,</strong></span> <span class='ocrx_word' id='word_1_111' title='bbox 1653 1007 1781 1059; x_wconf 76' lang='lat' dir='ltr'><strong>signis,</strong></span> 
     </span>
     <span class='ocr_line' id='line_1_13' title="bbox 383 1070 1787 1125; baseline -0.002 -13"><span class='ocrx_word' id='word_1_112' title='bbox 383 1072 659 1116; x_wconf 86' lang='lat' dir='ltr'><strong>ratiocinando,</strong></span> <span class='ocrx_word' id='word_1_113' title='bbox 691 1071 785 1123; x_wconf 88' lang='lat' dir='ltr'><strong>quid</strong></span> <span class='ocrx_word' id='word_1_114' title='bbox 815 1070 1000 1123; x_wconf 86' lang='lat' dir='ltr'><strong>cujusque</strong></span> <span class='ocrx_word' id='word_1_115' title='bbox 1028 1071 1162 1116; x_wconf 87' lang='lat' dir='ltr'><strong>officii,</strong></span> <span class='ocrx_word' id='word_1_116' title='bbox 1187 1073 1300 1124; x_wconf 86' lang='lat' dir='ltr'><strong>juris,</strong></span> <span class='ocrx_word' id='word_1_117' title='bbox 1346 1072 1542 1125; x_wconf 89' lang='lat' dir='ltr'><strong>potestatis</strong></span> <span class='ocrx_word' id='word_1_118' title='bbox 1578 1071 1636 1116; x_wconf 91' lang='lat' dir='ltr'><strong>fit,</strong></span> <span class='ocrx_word' id='word_1_119' title='bbox 1668 1072 1787 1123; x_wconf 85' lang='lat' dir='ltr'><strong>quaeri</strong></span> 
     </span>
     <span class='ocr_line' id='line_1_14' title="bbox 384 1137 1785 1193; baseline -0.003 -15"><span class='ocrx_word' id='word_1_120' title='bbox 384 1140 593 1193; x_wconf 88' lang='lat' dir='ltr'><strong>oportebit,</strong></span> <span class='ocrx_word' id='word_1_121' title='bbox 623 1148 675 1182; x_wconf 85' lang='lat' dir='ltr'><strong>et,</strong></span> <span class='ocrx_word' id='word_1_122' title='bbox 706 1137 872 1175; x_wconf 90' lang='lat' dir='ltr'><strong>fueritne</strong></span> <span class='ocrx_word' id='word_1_123' title='bbox 898 1138 947 1182; x_wconf 90' lang='lat' dir='ltr'><strong>ei,</strong></span> <span class='ocrx_word' id='word_1_124' title='bbox 979 1151 1057 1189; x_wconf 90' lang='lat' dir='ltr'><strong>quo</strong></span> <span class='ocrx_word' id='word_1_125' title='bbox 1077 1137 1123 1174; x_wconf 92' lang='lat' dir='ltr'><strong>de</strong></span> <span class='ocrx_word' id='word_1_126' title='bbox 1143 1139 1282 1190; x_wconf 88' lang='lat' dir='ltr'><strong>agitur,</strong></span> <span class='ocrx_word' id='word_1_127' title='bbox 1314 1138 1480 1190; x_wconf 85' lang='lat' dir='ltr'><strong>idjuris,</strong></span> <span class='ocrx_word' id='word_1_128' title='bbox 1501 1137 1635 1182; x_wconf 90' lang='lat' dir='ltr'><strong>officii,</strong></span> <span class='ocrx_word' id='word_1_129' title='bbox 1657 1137 1785 1189; x_wconf 91' lang='lat' dir='ltr'><strong>potes-</strong></span> 
     </span>
     <span class='ocr_line' id='line_1_15' title="bbox 382 1202 1788 1254; baseline -0.002 -10"><span class='ocrx_word' id='word_1_130' title='bbox 382 1207 471 1244; x_wconf 85' lang='lat' dir='ltr'><strong>tatis</strong></span> <span class='ocrx_word' id='word_1_131' title='bbox 491 1204 737 1248; x_wconf 88' lang='lat' dir='ltr'><strong>attributum,</strong></span> <span class='ocrx_word' id='word_1_132' title='bbox 768 1216 902 1241; x_wconf 89' lang='lat' dir='ltr'><strong>necne.</strong></span> <span class='ocrx_word' id='word_1_133' title='bbox 961 1204 1087 1241; x_wconf 89' lang='lat' dir='ltr'><strong>Locos</strong></span> <span class='ocrx_word' id='word_1_134' title='bbox 1107 1213 1238 1242; x_wconf 89' lang='lat' dir='ltr'><strong>autem</strong></span> <span class='ocrx_word' id='word_1_135' title='bbox 1257 1217 1486 1241; x_wconf 89' lang='lat' dir='ltr'><strong>communes</strong></span> <span class='ocrx_word' id='word_1_136' title='bbox 1507 1217 1554 1240; x_wconf 87' lang='lat' dir='ltr'><strong>ex</strong></span> <span class='ocrx_word' id='word_1_137' title='bbox 1574 1203 1726 1254; x_wconf 86' lang='lat' dir='ltr'><strong>ipsa-re,</strong></span> <span class='ocrx_word' id='word_1_138' title='bbox 1759 1202 1788 1241; x_wconf 89' lang='lat' dir='ltr'><strong>fi</strong></span> 
     </span>
     <span class='ocr_line' id='line_1_16' title="bbox 382 1269 1693 1326; baseline -0.002 -17"><span class='ocrx_word' id='word_1_139' title='bbox 382 1273 480 1326; x_wconf 89' lang='lat' dir='ltr'><strong>quid</strong></span> <span class='ocrx_word' id='word_1_140' title='bbox 499 1270 775 1323; x_wconf 87' lang='lat' dir='ltr'><strong>indignationis</strong></span> <span class='ocrx_word' id='word_1_141' title='bbox 795 1283 838 1307; x_wconf 93' lang='lat' dir='ltr'><strong>ac</strong></span> <span class='ocrx_word' id='word_1_142' title='bbox 856 1269 1140 1321; x_wconf 89' lang='lat' dir='ltr'><strong>conquestionis</strong></span> <span class='ocrx_word' id='word_1_143' title='bbox 1160 1269 1334 1314; x_wconf 89' lang='lat' dir='ltr'><strong>habebit,</strong></span> <span class='ocrx_word' id='word_1_144' title='bbox 1364 1269 1465 1307; x_wconf 91' lang='lat' dir='ltr'><strong>sumi</strong></span> <span class='ocrx_word' id='word_1_145' title='bbox 1485 1269 1693 1321; x_wconf 87' lang='lat' dir='ltr'><strong>oportebit.</strong></span> 
     </span>
    </p>

    <p class='ocr_par' dir='ltr' id='par_1_3' title="bbox 384 1334 1790 1659">
     <span class='ocr_line' id='line_1_17' title="bbox 439 1334 1790 1388; baseline -0.003 -11"><span class='ocrx_word' id='word_1_146' title='bbox 439 1339 592 1376; x_wconf 91' lang='lat' dir='ltr'>XXXI.</span> <span class='ocrx_word' id='word_1_147' title='bbox 625 1336 824 1375; x_wconf 86' lang='lat' dir='ltr'><strong>Conceffio</strong></span> <span class='ocrx_word' id='word_1_148' title='bbox 845 1335 911 1380; x_wconf 88' lang='lat' dir='ltr'><strong>est,</strong></span> <span class='ocrx_word' id='word_1_149' title='bbox 945 1349 1011 1387; x_wconf 88' lang='lat' dir='ltr'><strong>per</strong></span> <span class='ocrx_word' id='word_1_150' title='bbox 1032 1348 1150 1387; x_wconf 85' lang='lat' dir='ltr'><strong>quam</strong></span> <span class='ocrx_word' id='word_1_151' title='bbox 1184 1349 1261 1373; x_wconf 89' lang='lat' dir='ltr'><strong>non</strong></span> <span class='ocrx_word' id='word_1_152' title='bbox 1282 1335 1429 1374; x_wconf 64' lang='lat' dir='ltr'><strong>factum</strong></span> <span class='ocrx_word' id='word_1_153' title='bbox 1457 1335 1584 1388; x_wconf 90' lang='lat' dir='ltr'><strong>ipsum</strong></span> <span class='ocrx_word' id='word_1_154' title='bbox 1605 1334 1790 1387; x_wconf 90' lang='lat' dir='ltr'><strong>probatur</strong></span> 
     </span>
     <span class='ocr_line' id='line_1_18' title="bbox 384 1400 1787 1454; baseline -0.003 -12"><span class='ocrx_word' id='word_1_155' title='bbox 384 1404 433 1442; x_wconf 89' lang='lat' dir='ltr'><strong>ab</strong></span> <span class='ocrx_word' id='word_1_156' title='bbox 454 1417 517 1442; x_wconf 90' lang='lat' dir='ltr'><strong>reo</strong></span> <span class='ocrx_word' id='word_1_157' title='bbox 532 1422 545 1448; x_wconf 71' lang='lat'><em>3</em></span> <span class='ocrx_word' id='word_1_158' title='bbox 575 1403 653 1447; x_wconf 86' lang='lat' dir='ltr'><strong>sed,</strong></span> <span class='ocrx_word' id='word_1_159' title='bbox 687 1411 730 1439; x_wconf 89' lang='lat' dir='ltr'><strong>ut</strong></span> <span class='ocrx_word' id='word_1_160' title='bbox 750 1401 979 1454; x_wconf 87' lang='lat' dir='ltr'><strong>ignoscatur,</strong></span> <span class='ocrx_word' id='word_1_161' title='bbox 1012 1401 1050 1438; x_wconf 92' lang='lat' dir='ltr'><strong>id</strong></span> <span class='ocrx_word' id='word_1_162' title='bbox 1070 1402 1229 1453; x_wconf 87' lang='lat' dir='ltr'><strong>petitur.</strong></span> <span class='ocrx_word' id='word_1_163' title='bbox 1290 1403 1412 1454; x_wconf 89' lang='lat' dir='ltr'><strong>Cujus</strong></span> <span class='ocrx_word' id='word_1_164' title='bbox 1438 1411 1561 1454; x_wconf 82' lang='lat' dir='ltr'><strong>partes</strong></span> <span class='ocrx_word' id='word_1_165' title='bbox 1581 1401 1668 1439; x_wconf 89' lang='lat' dir='ltr'><strong>sunt</strong></span> <span class='ocrx_word' id='word_1_166' title='bbox 1687 1400 1787 1445; x_wconf 89' lang='lat' dir='ltr'><strong>duae,</strong></span> 
     </span>
     <span class='ocr_line' id='line_1_19' title="bbox 386 1455 1788 1529; baseline -0.004 -16"><span class='ocrx_word' id='word_1_167' title='bbox 386 1476 563 1529; x_wconf 88' lang='lat' dir='ltr'><strong>purgatio</strong></span> <span class='ocrx_word' id='word_1_168' title='bbox 582 1483 620 1512; x_wconf 93' lang='lat' dir='ltr'><strong>et</strong></span> <span class='ocrx_word' id='word_1_169' title='bbox 640 1473 869 1526; x_wconf 83' lang='lat' dir='ltr'><strong>deprecatio.</strong></span> <span class='ocrx_word' id='word_1_170' title='bbox 895 1455 906 1466; x_wconf 29' lang='grc' dir='ltr'><strong>θ</strong></span> <span class='ocrx_word' id='word_1_171' title='bbox 920 1473 1104 1524; x_wconf 89' lang='lat' dir='ltr'><strong>Purgatio</strong></span> <span class='ocrx_word' id='word_1_172' title='bbox 1123 1473 1190 1518; x_wconf 90' lang='lat' dir='ltr'><strong>est,</strong></span> <span class='ocrx_word' id='word_1_173' title='bbox 1221 1487 1288 1526; x_wconf 86' lang='lat' dir='ltr'><strong>per</strong></span> <span class='ocrx_word' id='word_1_174' title='bbox 1307 1487 1424 1526; x_wconf 88' lang='lat' dir='ltr'><strong>quam</strong></span> <span class='ocrx_word' id='word_1_175' title='bbox 1445 1474 1542 1525; x_wconf 87' lang='lat' dir='ltr'><strong>ejus,</strong></span> <span class='ocrx_word' id='word_1_176' title='bbox 1574 1472 1641 1524; x_wconf 90' lang='lat' dir='ltr'><strong>qui</strong></span> <span class='ocrx_word' id='word_1_177' title='bbox 1672 1485 1788 1509; x_wconf 85' lang='lat' dir='ltr'><strong>accu-</strong></span> 
     </span>
     <span class='ocr_line' id='line_1_20' title="bbox 387 1536 1789 1590; baseline -0.003 -11"><span class='ocrx_word' id='word_1_178' title='bbox 387 1541 500 1585; x_wconf 89' lang='lat' dir='ltr'><strong>satur,</strong></span> <span class='ocrx_word' id='word_1_179' title='bbox 531 1554 609 1578; x_wconf 87' lang='lat' dir='ltr'><strong>non</strong></span> <span class='ocrx_word' id='word_1_180' title='bbox 642 1539 789 1576; x_wconf 66' lang='lat' dir='ltr'><strong>factum</strong></span> <span class='ocrx_word' id='word_1_181' title='bbox 818 1538 959 1590; x_wconf 88' lang='lat' dir='ltr'><strong>ipsum,</strong></span> <span class='ocrx_word' id='word_1_182' title='bbox 991 1538 1053 1575; x_wconf 85' lang='lat' dir='ltr'><strong>sed</strong></span> <span class='ocrx_word' id='word_1_183' title='bbox 1078 1538 1268 1583; x_wconf 75' lang='lat' dir='ltr'><strong>voluntas,</strong></span> <span class='ocrx_word' id='word_1_184' title='bbox 1302 1539 1535 1577; x_wconf 87' lang='lat' dir='ltr'><strong>defenditur.</strong></span> <span class='ocrx_word' id='word_1_185' title='bbox 1596 1539 1653 1575; x_wconf 88' lang='lat' dir='ltr'><strong>Ea</strong></span> <span class='ocrx_word' id='word_1_186' title='bbox 1672 1536 1789 1576; x_wconf 87' lang='lat' dir='ltr'><strong>habet</strong></span> 
     </span>
     <span class='ocr_line' id='line_1_21' title="bbox 387 1602 1483 1659; baseline -0.002 -15"><span class='ocrx_word' id='word_1_187' title='bbox 387 1615 510 1659; x_wconf 89' lang='lat' dir='ltr'><strong>partes</strong></span> <span class='ocrx_word' id='word_1_188' title='bbox 532 1614 620 1649; x_wconf 78' lang='lat' dir='ltr'><strong>treS,</strong></span> <span class='ocrx_word' id='word_1_189' title='bbox 652 1603 969 1657; x_wconf 90' lang='lat' dir='ltr'><strong>imprudentiam,</strong></span> <span class='ocrx_word' id='word_1_190' title='bbox 989 1602 1132 1647; x_wconf 87' lang='lat' dir='ltr'><strong>casum,</strong></span> <span class='ocrx_word' id='word_1_191' title='bbox 1155 1604 1483 1642; x_wconf 86' lang='lat' dir='ltr'><strong>neceflitudinem.</strong></span> 
     </span>
    </p>

    <p class='ocr_par' dir='ltr' id='par_1_4' title="bbox 387 1669 1836 2448">
     <span class='ocr_line' id='line_1_22' title="bbox 443 1669 1786 1725; baseline -0.003 -15"><span class='ocrx_word' id='word_1_192' title='bbox 443 1671 708 1725; x_wconf 90' lang='lat' dir='ltr'><strong>Imprudentia</strong></span> <span class='ocrx_word' id='word_1_193' title='bbox 727 1670 792 1714; x_wconf 89' lang='lat' dir='ltr'><strong>est,</strong></span> <span class='ocrx_word' id='word_1_194' title='bbox 824 1683 915 1707; x_wconf 88' lang='lat' dir='ltr'><strong>cum</strong></span> <span class='ocrx_word' id='word_1_195' title='bbox 939 1669 1040 1707; x_wconf 81' lang='lat' dir='ltr'><strong>sciffe</strong></span> <span class='ocrx_word' id='word_1_196' title='bbox 1060 1669 1207 1721; x_wconf 89' lang='lat' dir='ltr'><strong>aliquid</strong></span> <span class='ocrx_word' id='word_1_197' title='bbox 1227 1671 1272 1715; x_wconf 89' lang='lat' dir='ltr'><strong>is,</strong></span> <span class='ocrx_word' id='word_1_198' title='bbox 1295 1672 1362 1722; x_wconf 89' lang='lat' dir='ltr'><strong>qui</strong></span> <span class='ocrx_word' id='word_1_199' title='bbox 1387 1671 1573 1723; x_wconf 86' lang='lat' dir='ltr'><strong>arguitur,</strong></span> <span class='ocrx_word' id='word_1_200' title='bbox 1597 1678 1756 1722; x_wconf 84' lang='lat' dir='ltr'><strong>negatur</strong></span> <span class='ocrx_word' id='word_1_201' title='bbox 1773 1687 1786 1714; x_wconf 76' lang='lat'>3</span> 
     </span>
     <span class='ocr_line' id='line_1_23' title="bbox 389 1734 1784 1790; baseline -0.003 -14"><span class='ocrx_word' id='word_1_202' title='bbox 389 1747 431 1775; x_wconf 91' lang='lat' dir='ltr'><strong>ut</strong></span> <span class='ocrx_word' id='word_1_203' title='bbox 461 1737 561 1790; x_wconf 89' lang='lat' dir='ltr'><strong>apud</strong></span> <span class='ocrx_word' id='word_1_204' title='bbox 582 1735 766 1789; x_wconf 82' lang='lat' dir='ltr'><strong>quosdam</strong></span> <span class='ocrx_word' id='word_1_205' title='bbox 786 1735 848 1772; x_wconf 87' lang='lat' dir='ltr'><strong>lex</strong></span> <span class='ocrx_word' id='word_1_206' title='bbox 869 1743 959 1779; x_wconf 85' lang='lat' dir='ltr'><strong>erat,</strong></span> <span class='ocrx_word' id='word_1_207' title='bbox 992 1734 1056 1772; x_wconf 93' lang='lat' dir='ltr'><strong>Ne</strong></span> <span class='ocrx_word' id='word_1_208' title='bbox 1084 1735 1170 1786; x_wconf 82' lang='lat' dir='ltr'><strong>quis</strong></span> <span class='ocrx_word' id='word_1_209' title='bbox 1193 1736 1327 1773; x_wconf 83' lang='lat' dir='ltr'><strong>Dianae</strong></span> <span class='ocrx_word' id='word_1_210' title='bbox 1354 1736 1523 1773; x_wconf 87' lang='lat' dir='ltr'><strong>vitulum</strong></span> <span class='ocrx_word' id='word_1_211' title='bbox 1551 1735 1784 1773; x_wconf 88' lang='lat' dir='ltr'><strong>immolaret.</strong></span> 
     </span>
     <span class='ocr_line' id='line_1_24' title="bbox 388 1801 1788 1855; baseline -0.004 -12"><span class='ocrx_word' id='word_1_212' title='bbox 388 1805 527 1843; x_wconf 87' lang='lat' dir='ltr'><strong>Nautae</strong></span> <span class='ocrx_word' id='word_1_213' title='bbox 545 1803 718 1855; x_wconf 88' lang='lat' dir='ltr'><strong>quidam,</strong></span> <span class='ocrx_word' id='word_1_214' title='bbox 749 1815 841 1839; x_wconf 89' lang='lat' dir='ltr'><strong>cum</strong></span> <span class='ocrx_word' id='word_1_215' title='bbox 861 1801 1009 1838; x_wconf 81' lang='lat' dir='ltr'><strong>adversa</strong></span> <span class='ocrx_word' id='word_1_216' title='bbox 1029 1801 1250 1853; x_wconf 87' lang='lat' dir='ltr'><strong>tempestate</strong></span> <span class='ocrx_word' id='word_1_217' title='bbox 1281 1803 1320 1839; x_wconf 91' lang='lat' dir='ltr'><strong>in</strong></span> <span class='ocrx_word' id='word_1_218' title='bbox 1341 1803 1418 1839; x_wconf 89' lang='lat' dir='ltr'><strong>alto</strong></span> <span class='ocrx_word' id='word_1_219' title='bbox 1440 1803 1686 1854; x_wconf 65' lang='lat' dir='ltr'><strong>jactarentur,</strong></span> <span class='ocrx_word' id='word_1_220' title='bbox 1718 1814 1788 1838; x_wconf 92' lang='lat' dir='ltr'><strong>vo-</strong></span> 
     </span>
     <span class='ocr_line' id='line_1_25' title="bbox 388 1858 1836 1919; baseline -0.003 -12"><span class='ocrx_word' id='word_1_221' title='bbox 388 1878 539 1912; x_wconf 88' lang='lat' dir='ltr'><strong>verunt,</strong></span> <span class='ocrx_word' id='word_1_222' title='bbox 571 1869 596 1905; x_wconf 89' lang='lat' dir='ltr'><strong>s1</strong></span> <span class='ocrx_word' id='word_1_223' title='bbox 628 1881 673 1905; x_wconf 91' lang='lat' dir='ltr'><strong>eo</strong></span> <span class='ocrx_word' id='word_1_224' title='bbox 694 1876 821 1919; x_wconf 87' lang='lat' dir='ltr'><strong>portu,</strong></span> <span class='ocrx_word' id='word_1_225' title='bbox 859 1879 975 1918; x_wconf 91' lang='lat' dir='ltr'><strong>quem</strong></span> <span class='ocrx_word' id='word_1_226' title='bbox 997 1865 1295 1918; x_wconf 85' lang='lat' dir='ltr'><strong>conspiciebant,</strong></span> <span class='ocrx_word' id='word_1_227' title='bbox 1329 1867 1442 1919; x_wconf 88' lang='lat' dir='ltr'><strong>potiti</strong></span> <span class='ocrx_word' id='word_1_228' title='bbox 1474 1867 1604 1911; x_wconf 74' lang='lat' dir='ltr'><strong>essent,</strong></span> <span class='ocrx_word' id='word_1_229' title='bbox 1635 1867 1669 1904; x_wconf 88' lang='lat' dir='ltr'><strong>ei</strong></span> <span class='ocrx_word' id='word_1_230' title='bbox 1704 1866 1789 1910; x_wconf 91' lang='lat' dir='ltr'><strong>deo,</strong></span> <span class='ocrx_word' id='word_1_231' title='bbox 1834 1858 1836 1860; x_wconf 35' lang='lat'>¹</span> 
     </span>
     <span class='ocr_line' id='line_1_26' title="bbox 388 1931 1788 1987; baseline -0.002 -15"><span class='ocrx_word' id='word_1_232' title='bbox 388 1936 457 1987; x_wconf 90' lang='lat' dir='ltr'><strong>qui</strong></span> <span class='ocrx_word' id='word_1_233' title='bbox 473 1935 526 1972; x_wconf 90' lang='lat' dir='ltr'><strong>ibi</strong></span> <span class='ocrx_word' id='word_1_234' title='bbox 543 1934 644 1983; x_wconf 73' lang='lat' dir='ltr'><strong>esset,</strong></span> <span class='ocrx_word' id='word_1_235' title='bbox 660 1933 694 1970; x_wconf 87' lang='lat' dir='ltr'><strong>se</strong></span> <span class='ocrx_word' id='word_1_236' title='bbox 709 1933 875 1970; x_wconf 89' lang='lat' dir='ltr'><strong>vitulum</strong></span> <span class='ocrx_word' id='word_1_237' title='bbox 894 1932 1176 1970; x_wconf 84' lang='lat' dir='ltr'><strong>immolaturos.</strong></span> <span class='ocrx_word' id='word_1_238' title='bbox 1210 1933 1307 1971; x_wconf 90' lang='lat' dir='ltr'><strong>Casu</strong></span> <span class='ocrx_word' id='word_1_239' title='bbox 1324 1943 1402 1970; x_wconf 89' lang='lat' dir='ltr'><strong>erat</strong></span> <span class='ocrx_word' id='word_1_240' title='bbox 1415 1934 1454 1971; x_wconf 89' lang='lat' dir='ltr'><strong>in</strong></span> <span class='ocrx_word' id='word_1_241' title='bbox 1468 1946 1512 1971; x_wconf 94' lang='lat' dir='ltr'><strong>eo</strong></span> <span class='ocrx_word' id='word_1_242' title='bbox 1525 1942 1638 1985; x_wconf 89' lang='lat' dir='ltr'><strong>portu</strong></span> <span class='ocrx_word' id='word_1_243' title='bbox 1652 1931 1788 1970; x_wconf 86' lang='lat' dir='ltr'><strong>fanum</strong></span> 
     </span>
     <span class='ocr_line' id='line_1_27' title="bbox 390 1997 1789 2052; baseline -0.004 -14"><span class='ocrx_word' id='word_1_244' title='bbox 390 2001 525 2038; x_wconf 83' lang='lat' dir='ltr'><strong>Dianae</strong></span> <span class='ocrx_word' id='word_1_245' title='bbox 545 2001 640 2052; x_wconf 84' lang='lat' dir='ltr'><strong>ejus,</strong></span> <span class='ocrx_word' id='word_1_246' title='bbox 680 1998 743 2036; x_wconf 90' lang='lat' dir='ltr'><strong>cui</strong></span> <span class='ocrx_word' id='word_1_247' title='bbox 775 1997 943 2035; x_wconf 80' lang='lat' dir='ltr'><strong>vitulum</strong></span> <span class='ocrx_word' id='word_1_248' title='bbox 970 1997 1166 2035; x_wconf 86' lang='lat' dir='ltr'><strong>immolari</strong></span> <span class='ocrx_word' id='word_1_249' title='bbox 1198 2011 1274 2036; x_wconf 91' lang='lat' dir='ltr'><strong>non</strong></span> <span class='ocrx_word' id='word_1_250' title='bbox 1306 1999 1459 2036; x_wconf 89' lang='lat' dir='ltr'><strong>licebat.</strong></span> <span class='ocrx_word' id='word_1_251' title='bbox 1520 1998 1789 2050; x_wconf 88' lang='lat' dir='ltr'><strong>Imprudentes</strong></span> 
     </span>
     <span class='ocr_line' id='line_1_28' title="bbox 390 2063 1790 2119; baseline -0.004 -15"><span class='ocrx_word' id='word_1_252' title='bbox 390 2066 498 2119; x_wconf 83' lang='lat' dir='ltr'><strong>legis,</strong></span> <span class='ocrx_word' id='word_1_253' title='bbox 517 2079 607 2103; x_wconf 89' lang='lat' dir='ltr'><strong>cum</strong></span> <span class='ocrx_word' id='word_1_254' title='bbox 624 2064 795 2108; x_wconf 74' lang='lat' dir='ltr'><strong>exissent,</strong></span> <span class='ocrx_word' id='word_1_255' title='bbox 810 2064 977 2101; x_wconf 87' lang='lat' dir='ltr'><strong>vitulum</strong></span> <span class='ocrx_word' id='word_1_256' title='bbox 995 2063 1307 2102; x_wconf 88' lang='lat' dir='ltr'><strong>immolaverunt.</strong></span> <span class='ocrx_word' id='word_1_257' title='bbox 1341 2064 1594 2101; x_wconf 87' lang='lat' dir='ltr'><strong>Accusantur.</strong></span> <span class='ocrx_word' id='word_1_258' title='bbox 1619 2063 1790 2100; x_wconf 85' lang='lat' dir='ltr'><strong>Intentio</strong></span> 
     </span>
     <span class='ocr_line' id='line_1_29' title="bbox 387 2127 1789 2180; baseline -0.003 -11"><span class='ocrx_word' id='word_1_259' title='bbox 387 2133 456 2176; x_wconf 82' lang='lat' dir='ltr'><strong>est,</strong></span> <span class='ocrx_word' id='word_1_260' title='bbox 478 2131 660 2168; x_wconf 89' lang='lat' dir='ltr'><strong>Vitulum</strong></span> <span class='ocrx_word' id='word_1_261' title='bbox 681 2129 906 2168; x_wconf 87' lang='lat' dir='ltr'><strong>immolastis</strong></span> <span class='ocrx_word' id='word_1_262' title='bbox 927 2129 960 2166; x_wconf 90' lang='lat' dir='ltr'><strong>ei</strong></span> <span class='ocrx_word' id='word_1_263' title='bbox 981 2130 1064 2172; x_wconf 90' lang='lat' dir='ltr'><strong>deo,</strong></span> <span class='ocrx_word' id='word_1_264' title='bbox 1096 2129 1159 2165; x_wconf 92' lang='lat' dir='ltr'><strong>cui</strong></span> <span class='ocrx_word' id='word_1_265' title='bbox 1180 2142 1257 2166; x_wconf 90' lang='lat' dir='ltr'><strong>non</strong></span> <span class='ocrx_word' id='word_1_266' title='bbox 1278 2129 1431 2166; x_wconf 86' lang='lat' dir='ltr'><strong>licebat.</strong></span> <span class='ocrx_word' id='word_1_267' title='bbox 1472 2128 1657 2180; x_wconf 87' lang='lat' dir='ltr'><strong>Depulfio</strong></span> <span class='ocrx_word' id='word_1_268' title='bbox 1677 2127 1728 2164; x_wconf 90' lang='lat' dir='ltr'><strong>est</strong></span> <span class='ocrx_word' id='word_1_269' title='bbox 1749 2128 1789 2165; x_wconf 87' lang='lat' dir='ltr'><strong>in</strong></span> 
     </span>
     <span class='ocr_line' id='line_1_30' title="bbox 392 2193 1788 2249; baseline -0.003 -14"><span class='ocrx_word' id='word_1_270' title='bbox 392 2197 625 2235; x_wconf 83' lang='lat' dir='ltr'><strong>conceffione</strong></span> <span class='ocrx_word' id='word_1_271' title='bbox 645 2197 775 2249; x_wconf 77' lang='lat' dir='ltr'><strong>posita,</strong></span> <span class='ocrx_word' id='word_1_272' title='bbox 808 2196 923 2233; x_wconf 89' lang='lat' dir='ltr'><strong>Ratio</strong></span> <span class='ocrx_word' id='word_1_273' title='bbox 943 2194 1008 2238; x_wconf 90' lang='lat' dir='ltr'><strong>est,</strong></span> <span class='ocrx_word' id='word_1_274' title='bbox 1041 2195 1195 2232; x_wconf 86' lang='lat' dir='ltr'><strong>Nescivi</strong></span> <span class='ocrx_word' id='word_1_275' title='bbox 1217 2209 1292 2232; x_wconf 90' lang='lat' dir='ltr'><strong>non</strong></span> <span class='ocrx_word' id='word_1_276' title='bbox 1315 2195 1440 2232; x_wconf 86' lang='lat' dir='ltr'><strong>licere.</strong></span> <span class='ocrx_word' id='word_1_277' title='bbox 1485 2193 1701 2232; x_wconf 86' lang='lat' dir='ltr'><strong>Infirmatio</strong></span> <span class='ocrx_word' id='word_1_278' title='bbox 1722 2193 1788 2238; x_wconf 89' lang='lat' dir='ltr'><strong>est,</strong></span> 
     </span>
     <span class='ocr_line' id='line_1_31' title="bbox 394 2253 1791 2314; baseline -0.004 -13"><span class='ocrx_word' id='word_1_279' title='bbox 394 2265 561 2307; x_wconf 89' lang='lat' dir='ltr'><strong>Tamen,</strong></span> <span class='ocrx_word' id='word_1_280' title='bbox 599 2262 784 2314; x_wconf 87' lang='lat' dir='ltr'><strong>quoniam</strong></span> <span class='ocrx_word' id='word_1_281' title='bbox 815 2260 936 2298; x_wconf 90' lang='lat' dir='ltr'><strong>fecisti</strong></span> <span class='ocrx_word' id='word_1_282' title='bbox 971 2260 1074 2312; x_wconf 90' lang='lat' dir='ltr'><strong>quod</strong></span> <span class='ocrx_word' id='word_1_283' title='bbox 1106 2273 1182 2298; x_wconf 89' lang='lat' dir='ltr'><strong>non</strong></span> <span class='ocrx_word' id='word_1_284' title='bbox 1214 2260 1367 2305; x_wconf 83' lang='lat' dir='ltr'><strong>licebat,</strong></span> <span class='ocrx_word' id='word_1_285' title='bbox 1409 2274 1453 2298; x_wconf 84' lang='lat' dir='ltr'><strong>ex</strong></span> <span class='ocrx_word' id='word_1_286' title='bbox 1487 2260 1569 2312; x_wconf 83' lang='lat' dir='ltr'><strong>lege</strong></span> <span class='ocrx_word' id='word_1_287' title='bbox 1601 2253 1791 2312; x_wconf 82' lang='lat' dir='ltr'><strong>supplicio</strong></span> 
     </span>
     <span class='ocr_line' id='line_1_32' title="bbox 392 2325 1791 2382; baseline -0.004 -15"><span class='ocrx_word' id='word_1_288' title='bbox 392 2329 530 2382; x_wconf 88' lang='lat' dir='ltr'><strong>dignus</strong></span> <span class='ocrx_word' id='word_1_289' title='bbox 550 2341 602 2366; x_wconf 87' lang='lat' dir='ltr'><strong>es.</strong></span> <span class='ocrx_word' id='word_1_290' title='bbox 634 2328 828 2378; x_wconf 84' lang='lat' dir='ltr'><strong>Judicatio</strong></span> <span class='ocrx_word' id='word_1_291' title='bbox 847 2326 912 2371; x_wconf 89' lang='lat' dir='ltr'><strong>est,</strong></span> <span class='ocrx_word' id='word_1_292' title='bbox 945 2327 1048 2364; x_wconf 89' lang='lat' dir='ltr'><strong>Cum</strong></span> <span class='ocrx_word' id='word_1_293' title='bbox 1070 2326 1108 2363; x_wconf 93' lang='lat' dir='ltr'><strong>id</strong></span> <span class='ocrx_word' id='word_1_294' title='bbox 1128 2325 1261 2364; x_wconf 85' lang='lat' dir='ltr'><strong>fecerit</strong></span> <span class='ocrx_word' id='word_1_295' title='bbox 1282 2326 1384 2378; x_wconf 89' lang='lat' dir='ltr'><strong>quod</strong></span> <span class='ocrx_word' id='word_1_296' title='bbox 1406 2340 1482 2364; x_wconf 88' lang='lat' dir='ltr'><strong>non</strong></span> <span class='ocrx_word' id='word_1_297' title='bbox 1504 2325 1730 2378; x_wconf 84' lang='lat' dir='ltr'><strong>oportuerit,</strong></span> <span class='ocrx_word' id='word_1_298' title='bbox 1753 2334 1791 2362; x_wconf 90' lang='lat' dir='ltr'><strong>et</strong></span> 
     </span>
     <span class='ocr_line' id='line_1_33' title="bbox 394 2392 1430 2448; baseline -0.004 -14"><span class='ocrx_word' id='word_1_299' title='bbox 394 2397 431 2434; x_wconf 88' lang='lat' dir='ltr'><strong>id</strong></span> <span class='ocrx_word' id='word_1_300' title='bbox 454 2409 528 2433; x_wconf 83' lang='lat' dir='ltr'><strong>non</strong></span> <span class='ocrx_word' id='word_1_301' title='bbox 550 2403 720 2448; x_wconf 88' lang='lat' dir='ltr'><strong>oportere</strong></span> <span class='ocrx_word' id='word_1_302' title='bbox 742 2393 926 2437; x_wconf 79' lang='lat' dir='ltr'><strong>nescierit,</strong></span> <span class='ocrx_word' id='word_1_303' title='bbox 955 2393 1048 2430; x_wconf 86' lang='lat' dir='ltr'><strong>fitne</strong></span> <span class='ocrx_word' id='word_1_304' title='bbox 1068 2392 1256 2445; x_wconf 85' lang='lat' dir='ltr'><strong>supplicio</strong></span> <span class='ocrx_word' id='word_1_305' title='bbox 1277 2393 1430 2446; x_wconf 83' lang='lat' dir='ltr'><strong>dignus.</strong></span> 
     </span>
    </p>

    <p class='ocr_par' dir='ltr' id='par_1_5' title="bbox 392 2456 1791 2642">
     <span class='ocr_line' id='line_1_34' title="bbox 450 2456 1791 2503; baseline -0.003 -5"><span class='ocrx_word' id='word_1_306' title='bbox 450 2461 565 2498; x_wconf 83' lang='lat' dir='ltr'><strong>Casus</strong></span> <span class='ocrx_word' id='word_1_307' title='bbox 597 2470 726 2497; x_wconf 89' lang='lat' dir='ltr'><strong>autem</strong></span> <span class='ocrx_word' id='word_1_308' title='bbox 757 2458 941 2496; x_wconf 89' lang='lat' dir='ltr'><strong>inferetur</strong></span> <span class='ocrx_word' id='word_1_309' title='bbox 962 2459 1001 2496; x_wconf 88' lang='lat' dir='ltr'><strong>in</strong></span> <span class='ocrx_word' id='word_1_310' title='bbox 1021 2458 1312 2503; x_wconf 85' lang='lat' dir='ltr'><strong>conceffionem,</strong></span> <span class='ocrx_word' id='word_1_311' title='bbox 1344 2472 1437 2496; x_wconf 89' lang='lat' dir='ltr'><strong>cum</strong></span> <span class='ocrx_word' id='word_1_312' title='bbox 1468 2456 1791 2496; x_wconf 84' lang='lat' dir='ltr'><strong>demonstrabitur</strong></span> 
     </span>
     <span class='ocr_line' id='line_1_35' title="bbox 392 2522 1790 2579; baseline -0.003 -15"><span class='ocrx_word' id='word_1_313' title='bbox 392 2527 521 2579; x_wconf 85' lang='lat' dir='ltr'><strong>aliqua</strong></span> <span class='ocrx_word' id='word_1_314' title='bbox 555 2525 717 2564; x_wconf 61' lang='lat' dir='ltr'><strong>fortunae</strong></span> <span class='ocrx_word' id='word_1_315' title='bbox 747 2525 802 2563; x_wconf 90' lang='lat' dir='ltr'><strong>vis</strong></span> <span class='ocrx_word' id='word_1_316' title='bbox 833 2524 1023 2563; x_wconf 89' lang='lat' dir='ltr'><strong>voluntati</strong></span> <span class='ocrx_word' id='word_1_317' title='bbox 1053 2524 1246 2569; x_wconf 79' lang='lat' dir='ltr'><strong>obstitisse,</strong></span> <span class='ocrx_word' id='word_1_318' title='bbox 1278 2533 1321 2562; x_wconf 91' lang='lat' dir='ltr'><strong>ut</strong></span> <span class='ocrx_word' id='word_1_319' title='bbox 1341 2524 1380 2562; x_wconf 91' lang='lat' dir='ltr'><strong>in</strong></span> <span class='ocrx_word' id='word_1_320' title='bbox 1401 2523 1496 2569; x_wconf 87' lang='lat' dir='ltr'><strong>hac;</strong></span> <span class='ocrx_word' id='word_1_321' title='bbox 1529 2522 1634 2562; x_wconf 73' lang='lat' dir='ltr'><strong>Cum</strong></span> <span class='ocrx_word' id='word_1_322' title='bbox 1667 2524 1790 2561; x_wconf 88' lang='lat' dir='ltr'><strong>Lace-</strong></span> 
     </span>
     <span class='ocr_line' id='line_1_36' title="bbox 394 2587 1791 2642; baseline -0.003 -13"><span class='ocrx_word' id='word_1_323' title='bbox 394 2590 595 2630; x_wconf 80' lang='lat' dir='ltr'><strong>daemoniis</strong></span> <span class='ocrx_word' id='word_1_324' title='bbox 631 2590 691 2629; x_wconf 78' lang='lat' dir='ltr'><strong>lex</strong></span> <span class='ocrx_word' id='word_1_325' title='bbox 724 2588 825 2636; x_wconf 81' lang='lat' dir='ltr'><strong>effet,</strong></span> <span class='ocrx_word' id='word_1_326' title='bbox 867 2598 924 2636; x_wconf 90' lang='lat' dir='ltr'><strong>ut,</strong></span> <span class='ocrx_word' id='word_1_327' title='bbox 965 2588 1104 2628; x_wconf 90' lang='lat' dir='ltr'><strong>hostias</strong></span> <span class='ocrx_word' id='word_1_328' title='bbox 1146 2588 1216 2628; x_wconf 74' lang='lat' dir='ltr'><strong>nisi</strong></span> <span class='ocrx_word' id='word_1_329' title='bbox 1253 2588 1300 2627; x_wconf 87' lang='lat' dir='ltr'><strong>ad</strong></span> <span class='ocrx_word' id='word_1_330' title='bbox 1331 2588 1561 2629; x_wconf 77' lang='lat' dir='ltr'><strong>sacrificium</strong></span> <span class='ocrx_word' id='word_1_331' title='bbox 1595 2587 1791 2642; x_wconf 87' lang='lat' dir='ltr'><strong>quoddam</strong></span> 
     </span>
    </p>
   </div>
  </div>
 </body>
</html>
