2176 2912
542 168 860 210 LIBER
936 164 1511 206 SECUNDUS.
1654 180 1730 221 277

392 264 469 303 His
489 272 618 302 autem
647 262 784 300 formis
805 270 919 313 atque
938 259 1176 312 corporibus,
1208 259 1303 298 ficut
1328 259 1524 304 omnibus,
1554 273 1638 311 quae
1664 260 1733 298 sub

337 331 528 384 aspeelum
548 329 721 373 veniunt,
753 327 853 365 sedes
884 340 980 379 opus
1015 326 1094 364 est:
1126 326 1269 364 etenim
1296 339 1434 379 corpus
1462 325 1627 378 intelligi
1658 326 1735 363 fine

335 396 423 435 loco
452 409 530 434 non
550 395 684 448 potest.
745 396 874 447 Qare
908 407 955 431 ne
975 393 1015 431 in
1042 406 1081 430 re
1099 401 1189 431 nota
1212 402 1250 431 et
1279 392 1500 445 pervulgata
1519 393 1664 430 multus
1695 402 1733 430 et

334 462 498 501 insolens
530 461 613 506 fim,
643 460 738 499 locis
769 460 822 498 est
856 459 1045 497 utendum
1076 459 1226 504 multis,
1257 458 1482 502 illustribus,
1518 457 1730 509 explicatis,

334 528 498 566 modicis
530 527 762 565 intervallis:
795 525 1031 578 imaginibus
1062 534 1192 563 autem
1222 525 1438 577 agentibus,
1474 523 1638 567 acribus,
1670 524 1732 560 in-

334 594 496 646 fignitis‚
527 607 612 646 quae
642 606 851 637 occurrere,
882 592 1130 644 celeriterque
1156 600 1351 644 percutere
1381 591 1558 628 animum
1578 588 1730 641 poffint.

334 660 466 711 Qam
487 657 710 696 facultatem
740 667 777 696 et
805 658 1026 696 exercitatio
1057 657 1176 701 dabit,
1207 670 1255 694 ex
1283 669 1359 708 qua
1389 655 1623 693 consuetudo
1643 655 1730 707 gig-

332 726 452 770 nitur,
483 735 522 763 et
547 724 732 762 similium
753 724 958 762 verborum
978 722 1154 761 conversa
1181 732 1219 761 et
1250 723 1456 761 immutata
1475 721 1634 766 casibus,
1667 730 1731 758 aut

333 791 503 830 traducta
522 804 569 829 ex
589 800 694 844 parte
713 791 759 828 ad
778 804 899 842 genus
920 790 1078 834 notatio,
1109 798 1147 827 et
1168 789 1280 827 unius
1301 788 1406 827 verbi
1426 789 1592 841 imagine
1614 787 1731 825 totius

332 857 524 895 sententiae
544 855 782 900 informatio,
814 856 970 908 pictoris
990 855 1187 907 cujusdam
1207 855 1350 893 summi
1373 854 1516 892 ratione
1541 862 1578 892 et
1598 852 1730 896 modo,

332 922 545 961 formarum
565 923 742 960 varietate
762 922 865 959 locos
887 921 1167 974 distinguentis.

386 989 657 1027 LXXXVIII.
690 988 761 1027 Sed
790 989 995 1027 verborum
1031 989 1230 1035 memoria,
1257 1003 1341 1042 quae
1372 990 1502 1028 minus
1533 989 1585 1028 est
1620 988 1730 1028 nobis

332 1055 543 1100 neceffaria,
566 1056 709 1105 majore
729 1056 946 1108 imaginum
975 1057 1152 1094 varietate
1172 1057 1431 1109 distinguitur.
1470 1057 1605 1095 Multa
1625 1056 1734 1094 enim

333 1121 420 1160 sunt
439 1122 565 1166 verba,
580 1135 678 1172 quae,
693 1122 794 1174 quafi
811 1123 975 1167 articuli,
993 1125 1228 1161 connectunt
1243 1124 1419 1161 membra
1434 1124 1629 1167 orationis,
1646 1136 1731 1175 quae

333 1187 491 1226 formari
512 1187 762 1225 fimilitudine
793 1188 899 1225 nulla
928 1189 1103 1241 possunt:
1135 1203 1269 1228 eorum
1289 1189 1477 1242 fingendae
1504 1190 1614 1227 nobis
1645 1189 1731 1226 sunt

332 1254 533 1307 imagines,
564 1255 705 1307 quibus
735 1255 882 1307 semper
912 1265 1078 1294 utamur.
1125 1257 1273 1294 Rerum
1295 1257 1479 1294 memoria
1508 1256 1659 1308 propria
1679 1255 1731 1292 est

331 1321 502 1359 oratoris.
546 1322 645 1358 Eam
666 1321 821 1373 singulis
842 1321 1007 1374 personis
1029 1321 1125 1359 bene
1144 1322 1272 1374 positis
1295 1331 1423 1360 notare
1445 1321 1655 1374 possumus,
1687 1330 1730 1357 ut

332 1386 532 1424 sententias
553 1387 802 1439 imaginibus,
823 1387 1000 1425 ordinem
1021 1387 1129 1432 locis,
1157 1387 1544 1440 comprehendamus.
1588 1387 1729 1438 Neque

331 1467 464 1491 verum
485 1453 550 1498 est,
573 1454 677 1505 quod
698 1453 744 1490 ab
766 1453 951 1491 inertibus
972 1453 1126 1497 dicitur,
1147 1454 1316 1505 opprimi
1337 1454 1566 1491 memoriam
1586 1453 1727 1505 imagi-

331 1533 428 1557 num
448 1520 628 1572 pondere,
661 1529 697 1556 et
718 1519 908 1557 obscurari
928 1519 1045 1556 etiam
1075 1519 1128 1563 id,
1160 1519 1264 1570 quod
1285 1533 1350 1571 per
1381 1519 1416 1557 se
1450 1528 1583 1557 natura
1602 1528 1729 1556 tenere

330 1586 521 1637 potuiffet.
554 1585 645 1623 Vidi
665 1585 771 1623 enim
791 1599 862 1637 ego
882 1585 1053 1623 summos
1074 1583 1267 1630 homines,
1300 1594 1337 1623 et
1357 1586 1484 1623 divina
1504 1599 1621 1638 prope
1642 1598 1728 1623 me-

330 1653 465 1696 moria,
498 1651 662 1690 Athenis
684 1651 941 1690 Charmadam
954 1671 966 1697 5
998 1652 1039 1690 in
1060 1652 1161 1697 Afia,
1189 1666 1307 1705 quem
1327 1654 1450 1690 vivere
1470 1651 1584 1690 hodie
1604 1652 1725 1697 aiunt,

331 1718 524 1770 Scepfium
546 1719 816 1757 Metrodorum
830 1738 841 1763 5
865 1733 1031 1771 quorum
1053 1727 1213 1771 uterque
1231 1728 1415 1772 tanquam
1430 1719 1549 1757 literis
1567 1720 1607 1757 in
1627 1732 1726 1763 cera,

331 1785 380 1821 fic
402 1784 436 1821 se
465 1785 587 1822 aiebat
618 1785 852 1836 imaginibus
884 1786 924 1822 in
952 1786 997 1823 iis
1019 1785 1128 1830 locis,
1160 1799 1255 1837 quos
1286 1786 1457 1831 haberet,
1479 1800 1562 1838 quae
1584 1786 1725 1823 memi-

332 1849 422 1887 niffe
442 1850 569 1894 vellet,
601 1850 842 1902 perscribere.
904 1852 1031 1902 Qare
1065 1850 1136 1888 hac
1156 1853 1426 1890 exercitatione
1454 1866 1531 1890 non
1565 1852 1728 1889 eruenda

330 1917 517 1954 memoria
537 1915 601 1961 est,
628 1916 653 1954 fi
683 1916 735 1954 est
756 1916 862 1955 nulla
888 1916 1094 1955 naturalis:
1128 1916 1189 1955 sed
1210 1927 1324 1961 certe,
1355 1917 1381 1954 fi
1402 1917 1506 1962 latet,
1538 1917 1727 1956 evocanda

329 1981 396 2019 est.
1195 1991 1198 1995 ’

384 2048 547 2086 Habetis
578 2048 791 2087 sermonem
823 2048 918 2087 bene
939 2050 1100 2102 longum
1132 2049 1302 2088 hominis
1324 2051 1472 2088 utinam
1494 2064 1570 2088 non
1591 2051 1723 2102 impu-

329 2114 476 2152 dentis:
509 2115 606 2152 illud
626 2115 784 2167 quidem
810 2125 923 2160 certe,
956 2129 1032 2154 non
1067 2116 1183 2154 nimis
1216 2116 1444 2160 verecundi3
1479 2117 1546 2168 qui
1566 2117 1727 2167 quidem

329 2193 421 2217 cum
441 2189 490 2224 te,
515 2181 665 2226 Catule,
688 2190 771 2219 tum
793 2182 908 2219 ctiam
926 2183 972 2219 L.
994 2182 1121 2220 Craffo
1141 2183 1332 2226 audiente,
1351 2182 1396 2219 de
1412 2182 1564 2219 dicendi
1582 2182 1726 2219 ratione

328 2255 408 2282 tam
431 2246 553 2284 multa
569 2247 732 2284 dixerim
749 2263 756 2284 :
781 2261 868 2284 nam
887 2247 1044 2286 istorum
1066 2258 1151 2286 aetas
1174 2250 1302 2286 minus
1324 2262 1386 2286 me
1406 2248 1553 2287 fortasse
1573 2261 1727 2286 movere

328 2311 474 2349 debuit.
519 2312 589 2350 Sed
611 2312 709 2350 mihi
730 2314 930 2365 ignoscetis
952 2314 1134 2367 profe&o,
1159 2315 1182 2352 si
1205 2315 1334 2359 modo,
1367 2329 1450 2367 quae
1470 2315 1577 2352 causa
1598 2328 1659 2353 me
1678 2313 1726 2351 ad

327 2376 426 2414 hanc
448 2377 640 2415 insolitam
662 2377 760 2415 mihi
781 2380 1052 2431 loquacitatem
1074 2381 1286 2433 impulerit,
1308 2381 1544 2433 acceperitis„

366 2443 595 2481 LXXXIX.
620 2444 704 2481 Nos
722 2458 821 2489 vcro,
837 2446 963 2496 inquit
977 2446 1152 2490 Catulus,
1170 2446 1330 2497 (etenim
1344 2460 1413 2498 pro
1426 2460 1487 2484 me
1502 2445 1590 2489 hoc,
1604 2453 1641 2481 et
1654 2457 1721 2495 pro

328 2521 415 2547 meo
431 2507 544 2547 fratrc
561 2508 783 2563 respondeo)
799 2524 874 2548 non
892 2511 1008 2549 modo
1022 2511 1093 2549 tibi
1107 2511 1353 2564 ignoscimus,
1374 2511 1433 2549 sed
1451 2520 1486 2548 te
1507 2510 1720 2562 diligimus,
