2176 2912
587 207 905 246 LIBER
982 208 1397 249 PRIMUS.
1645 228 1687 267 51

289 302 432 339 utilitas
453 299 518 344 est,
550 299 611 337 sed
631 300 875 352 praecipiendi
898 312 1051 353 quoqne
1072 301 1223 349 summa
1242 302 1460 341 difficultas.

342 367 494 404 XXXI.
530 367 672 405 Omnis
693 367 813 419 igitur
832 369 1112 419 argumentatio
1133 378 1196 406 aut
1217 382 1282 421 per
1309 369 1571 409 inductionem
1596 382 1693 409 trac-

287 431 398 469 tanda
417 431 481 475 est,
505 441 568 470 aut
589 446 654 484 per
675 432 1019 471 ratiocinationem.
1072 434 1250 472 Induitio
1270 435 1321 472 est
1341 436 1460 474 oratio
1480 451 1564 488 quae
1586 438 1694 475 rebus

287 511 364 534 non
385 497 512 534 dubiis
534 506 658 549 captat
689 497 930 536 affenfionem
957 500 1037 550 ejus
1064 500 1226 551 quicum
1255 500 1426 538 instituta
1445 501 1521 545 est;
1554 504 1694 553 quibus

287 562 552 600 assensionibus
567 562 672 607 facit,
696 572 738 600 ut
752 563 810 600 illi
825 563 941 601 dubia
953 564 1127 616 quaedam
1146 580 1215 610 res,
1239 575 1392 618 propter
1405 567 1696 606 similitudinem

285 641 415 666 earum
436 642 561 666 rerum
583 629 723 680 quibus
750 628 906 673 afl'enfit,
938 630 1141 682 probetur:
1175 632 1293 676 velut,
1326 632 1426 684 apud
1459 635 1693 671 Socraticum

288 694 530 739 AEschinem,
575 694 806 733 demonstrat
846 698 1012 734 Socrates
1052 711 1143 735 cum
1190 697 1459 750 Xenophontis
1500 713 1616 738 uxore
1659 709 1696 737 et

288 775 380 799 cum
416 761 496 814 ipso
528 761 786 814 Xenophonte
817 763 1010 815 Aspasiam
1041 764 1224 803 locutam.
1286 766 1363 803 Dic
1399 765 1512 811 mihi,
1555 767 1694 819 quaeso,

288 827 558 880 Xenophontis
580 841 689 871 uxor,
722 827 751 878 si
768 828 893 865 vicina
913 838 977 866 tua
997 830 1135 868 melius
1163 830 1299 869 habeat
1325 846 1474 877 aurum,
1507 846 1625 885 quam
1654 842 1695 870 tu

287 892 417 938 habes,
450 903 583 931 utrum
610 893 729 937 illius,
762 907 807 930 an
830 903 958 939 tuum,
991 896 1133 933 malis?
1173 897 1297 941 Illius,
1330 898 1469 950 inquit.
1531 899 1649 950 Qod
1670 899 1693 935 fi

291 959 432 997 vestem
463 968 501 996 et
531 968 712 997 caeterum
744 970 922 998 ornatum
953 961 1188 1000 muliebrem
1219 963 1331 1015 pretii
1363 965 1517 1016 majoris
1544 964 1693 1008 habeat,

285 1039 403 1078 quam
424 1035 465 1063 tu
486 1025 616 1071 habes,
639 1035 814 1071 tuumne,
844 1041 890 1064 an
907 1027 1025 1072 illius,
1055 1029 1195 1067 malis?
1230 1029 1338 1067 Illius
1359 1044 1462 1075 vero,
1486 1031 1690 1084 respondit.

288 1094 387 1145 Age,
425 1093 566 1144 inquit,
599 1093 624 1131 fi
656 1095 782 1132 virum
815 1094 880 1132 illa
914 1095 1115 1134 meliorem
1144 1096 1293 1141 habeat,
1336 1111 1453 1149 quam
1489 1107 1531 1135 tu
1562 1096 1693 1141 habes,

288 1167 470 1195 utrumne
490 1167 618 1203 tuum,
650 1172 696 1195 an
717 1159 837 1204 illius,
869 1161 1010 1198 malis?
1043 1162 1124 1199 Hic
1146 1162 1287 1200 mulier
1307 1163 1474 1201 erubuit.

344 1224 496 1277 Aspafia
512 1233 640 1262 autem
658 1238 749 1262 cum
768 1226 847 1278 ipso
861 1226 1120 1280 Xenophonte
1133 1229 1347 1267 sermonem
1363 1229 1541 1268 instituit.
1575 1231 1694 1281 Qae-

288 1290 340 1334 so,
373 1291 517 1342 inquit,
549 1290 782 1343 Xenophon,
815 1291 840 1329 fi
861 1293 1009 1331 vicinus
1032 1303 1120 1332 tuus
1149 1296 1350 1334 meliorem
1376 1310 1523 1348 equum
1543 1296 1693 1341 habeat,

287 1370 407 1409 quam
428 1367 515 1395 tuus
537 1357 601 1402 est,
643 1367 806 1396 tuumne
826 1372 972 1412 equum
1005 1361 1130 1405 malis,
1161 1374 1208 1399 an
1229 1362 1362 1399 illius?
1395 1362 1521 1407 Illius,
1551 1363 1695 1415 inquit.

289 1423 407 1475 Qod
436 1424 461 1461 fi
487 1422 655 1469 fundum
678 1425 878 1462 meliorem
898 1424 1052 1470 habeat,
1083 1440 1202 1478 quam
1223 1437 1265 1464 tu
1285 1426 1416 1472 habes,
1448 1437 1581 1466 utrum
1609 1437 1694 1467 tan-

289 1490 379 1527 dem
411 1489 580 1528 fundum
610 1489 747 1528 habere
781 1491 921 1529 malis?
964 1492 1099 1536 Illum,
1131 1493 1274 1545 inquit,
1308 1494 1510 1533 meliorem
1538 1495 1694 1534 scilicet.

289 1556 408 1608 Qod
428 1556 453 1594 fi
475 1570 635 1595 uxorem
657 1557 858 1595 meliorem
879 1557 1028 1602 habeat,
1060 1573 1178 1610 quam
1200 1568 1243 1597 tu
1263 1558 1394 1606 habes,
1428 1571 1559 1601 utrum
1592 1563 1696 1600 illius

289 1623 429 1661 malis?
463 1625 592 1676 Atque
612 1622 676 1661 hic
697 1623 915 1677 Xenophon
937 1639 1092 1677 quoque
1116 1626 1191 1678 ipse
1219 1627 1352 1665 tacuit.
1404 1629 1492 1666 Post
1519 1630 1694 1683 Aspasia:

290 1689 489 1740 Qoniam
511 1699 669 1742 uterque
691 1689 870 1735 vestram,
899 1691 1041 1742 inquit,
1065 1691 1103 1729 id
1124 1692 1225 1730 mihi
1246 1692 1371 1730 solum
1393 1707 1468 1732 non
1490 1695 1694 1748 respondit,

289 1756 394 1806 quod
419 1770 491 1808 ego
517 1756 642 1794 solum
670 1756 799 1794 audire
818 1758 1029 1802 volueram,
1060 1768 1215 1811 egomet
1246 1759 1373 1798 dicam
1407 1761 1502 1812 quid
1535 1772 1695 1814 uterque

290 1822 448 1873 cogitet.
492 1823 599 1861 Nam
615 1832 652 1860 et
668 1832 725 1866 tu,
744 1823 896 1867 mulier,
915 1824 1111 1876 optimum
1125 1826 1252 1863 virum
1270 1827 1390 1864 mavis
1406 1826 1564 1872 habere5
1587 1838 1623 1866 et
1639 1838 1696 1872 tn,

291 1886 525 1939 Xenophon,
559 1901 720 1924 uxorem
740 1886 879 1925 habere
899 1888 1139 1927 ledtiffimam
1160 1892 1330 1929 maxime
1351 1892 1420 1930 vis.
1465 1894 1607 1944 Qare,
1630 1894 1698 1932 nifi

290 1951 364 1990 hoc
392 1951 639 2005 perfeceritis,
672 1962 714 1991 ut
746 1967 868 2005 neque
888 1954 945 1992 vir
973 1955 1124 1999 melior,
1157 1970 1280 2008 neque
1311 1956 1473 1996 foemina
1499 1960 1631 1998 leetior
1657 1961 1697 1998 in

292 2019 399 2057 terris
421 2019 478 2064 fit,
510 2018 682 2072 profecto
698 2019 737 2056 id
758 2020 917 2072 semper,
940 2021 1044 2073 quod
1060 2023 1256 2074 optimum
1278 2025 1462 2075 putabitis
1484 2025 1566 2070 effe,
1590 2027 1695 2064 mul-

290 2094 329 2123 to
350 2086 519 2123 maxime
536 2086 748 2137 requireti8‚
772 2094 814 2123 ut
829 2095 866 2123 et
887 2095 929 2124 tu
950 2088 1110 2125 maritus
1128 2088 1171 2125 fis
1189 2102 1306 2139 quam
1327 2090 1485 2141 optimae
1507 2092 1693 2137 mulieris,

289 2160 327 2189 et
347 2150 428 2189 haec
449 2165 566 2203 quam
587 2153 738 2204 optimo
758 2153 839 2190 viro
860 2163 980 2205 nupta
1000 2154 1057 2192 s1t.

346 2218 427 2259 Hic
454 2232 546 2256 cum
577 2219 687 2256 rebus
717 2233 794 2256 non
815 2219 943 2257 dubiis
963 2220 1051 2259 effet
1072 2221 1270 2267 assensum,
1303 2222 1449 2262 fa6tum
1471 2225 1523 2262 est
1543 2234 1697 2277 propter

291 2284 600 2329 fimilitudinem,
633 2294 676 2322 ut
708 2286 825 2323 etiam
857 2286 968 2331 illud,
1000 2288 1105 2339 quod
1126 2288 1291 2326 dubium
1312 2290 1524 2335 videbatur,
1556 2291 1581 2328 fi
1608 2292 1694 2342 quis

292 2349 487 2401 separatim
505 2360 700 2402 quaereret,
733 2351 771 2388 id
792 2365 861 2404 pro
876 2362 994 2397 certo,
1018 2363 1173 2407 propter
1190 2356 1380 2393 rationem
1398 2357 1568 2408 rogandi,
1600 2371 1696 2395 con-

290 2414 495 2453 cederetur.
542 2417 633 2454 Hoc
653 2417 770 2454 modo
791 2417 974 2456 sermonis
992 2419 1208 2471 plurimum
1228 2422 1395 2459 Socrates
1415 2422 1500 2459 usus
1517 2421 1581 2465 est,
1604 2436 1693 2473 pro-

292 2488 419 2530 pterea
445 2482 549 2532 quod
576 2482 674 2520 nihil
702 2482 779 2535 ipse
810 2482 940 2521 afferre
968 2484 1014 2521 ad
1045 2485 1347 2537 persuadendum
1370 2487 1532 2530 volebat,
1569 2487 1627 2523 sed
1649 2500 1695 2523 cx

291 2558 348 2589 ω,
381 2546 484 2597 quod
516 2548 584 2585 fibi
616 2548 681 2587 ille
713 2548 863 2588 dederat
894 2550 1057 2602 quicum
1080 2547 1309 2603 disputabat,
1342 2552 1488 2604 aliquid
1507 2551 1694 2591 conficere

1035 2615 1072 2652 G
1106 2627 1126 2653 2
