2176 2912
604 181 924 218 LIBER
1000 179 1485 221 TERTIUS.
1668 199 1744 239 305

346 271 501 310 dulcem
532 280 645 323 atque
666 272 874 310 decoctam.
918 272 1025 310 Nam
1046 272 1122 324 ipsa
1141 273 1186 310 ad
1207 275 1420 312 ornandum
1448 284 1633 327 praecepta
1659 289 1743 327 qua:

345 339 495 382 dantur,
526 337 713 389 ejusmodi
744 338 843 382 sunt,
887 347 930 376 ut
959 352 1000 376 ea
1031 340 1206 390 quamvis
1238 340 1492 378 vitiofiffimus
1524 352 1648 379 orator
1674 356 1741 380 ex-

343 404 483 456 plicare
515 403 638 455 poffit.
744 418 842 449 uare,
889 413 931 442 ut
965 414 1051 442 ante
1086 406 1180 450 dixi,
1216 407 1391 458 primum
1426 406 1513 444 silva
1544 421 1671 446 rerum
1701 422 1742 446 ac

343 469 615 507 sententiarum
635 471 889 522 comparanda
904 470 956 508 est
971 489 982 515 ς
1005 484 1080 523 qua
1099 472 1144 509 de
1162 481 1267 525 parte
1287 472 1386 510 dixit
1405 472 1613 510 Antonius.
1646 474 1742 511 Haec

341 534 543 574 formanda
573 536 641 574 filo
672 536 752 589 ipso
772 546 809 574 et
839 551 975 589 genere
1008 538 1204 583 orationis,
1234 538 1489 577 illuminanda
1508 540 1645 583 verbis,
1677 553 1742 576 va-

343 602 471 640 rianda
490 602 700 641 sententiis.
744 605 903 641 Summa
921 613 1050 642 autem
1070 604 1150 642 laus
1177 604 1403 657 eloquentiae
1423 604 1488 649 est,
1510 604 1743 657 amplificare

343 681 425 706 rem
457 668 654 713 ornando;
687 669 791 721 quod
822 669 920 707 valet
954 684 1031 708 non
1058 670 1182 709 solum
1217 671 1262 708 ad
1282 672 1500 724 augendum
1529 671 1676 723 aliquid
1704 680 1742 709 et

342 734 560 772 tollendum
581 734 708 779 altius,
739 735 916 780 dicendo,
947 736 1008 774 sed
1029 737 1142 775 etiam
1168 736 1213 774 ad
1233 737 1518 776 extenuandum
1539 746 1652 789 atque
1672 737 1741 776 ab=

335 800 566 851 jiciendum.

388 866 560 903 XXVII.
584 865 629 903 Id
645 864 871 902 defideratur
889 853 1070 903 omnibus
1085 867 1130 904 iis
1152 868 1191 904 in
1210 867 1318 912 locis,
1340 881 1434 920 quos
1455 867 1501 906 ad
1521 868 1638 906 fidem
1655 881 1739 907 ora-

341 931 457 969 tionis
488 930 703 969 faciendam
723 929 895 968 adhiberi
926 931 1025 969 dixit
1045 933 1254 978 Antonius,
1288 934 1347 971 vel
1368 947 1461 972 cum
1491 935 1740 986 explanamus

340 996 501 1049 aliquid,
522 997 582 1035 vel
602 1010 694 1035 cum
719 997 969 1036 conciliamus
990 998 1153 1044 animos,
1176 999 1234 1037 vel
1255 1013 1347 1037 cum
1367 1000 1624 1039 concitamus.
1669 1000 1742 1038 Sed

341 1063 383 1101 in
402 1062 492 1108 hoc,
515 1064 617 1115 quod
637 1064 874 1116 postremum
891 1064 985 1109 dixi,
1004 1065 1255 1118 amplificatio
1275 1066 1394 1120 potest
1414 1066 1630 1119 plurimum
1647 1081 1657 1105 z
1677 1079 1740 1104 ea-

343 1143 417 1182 que
438 1143 512 1167 una
530 1129 610 1167 laus
631 1130 788 1168 oratoris
801 1130 866 1175 est,
883 1138 921 1168 et
941 1131 1091 1184 propria
1109 1133 1292 1171 maxime.
1324 1133 1456 1171 Etiam
1468 1134 1591 1186 major
1609 1133 1661 1172 est
1673 1132 1742 1172 {lla

342 1196 576 1240 exercitatio,
609 1209 727 1248 quam
758 1204 930 1234 extremo
955 1196 1128 1237 sermone
1155 1199 1334 1238 instruxit
1354 1200 1564 1245 Antonius,
1594 1199 1742 1252 (primo

342 1262 552 1314 rejiciebat)
576 1262 754 1300 laudandi
773 1271 812 1300 et
832 1262 1084 1316 vituperandi.
1116 1263 1233 1303 Nihil
1249 1265 1302 1303 est
1320 1266 1426 1303 enim
1445 1265 1491 1303 ad
1507 1279 1740 1318 exaggeran-

341 1328 431 1367 dam
451 1337 488 1366 et
507 1328 819 1382 amplificandam
845 1330 1058 1368 orationem
1078 1331 1420 1377 accommodatius,
1442 1345 1559 1384 quam
1586 1341 1740 1370 utrum-

342 1407 417 1446 que
437 1393 578 1432 horum
599 1394 895 1433 cumulatiffime
924 1394 1047 1434 facere
1066 1397 1180 1449 poffe.
1228 1397 1520 1449 Consequentur
1544 1397 1661 1434 etiam
1681 1396 1742 1434 illi

342 1461 433 1506 loci,
466 1462 548 1514 qui,
571 1475 792 1514 quanquam
812 1463 958 1515 proprii
977 1463 1188 1508 causarum,
1219 1473 1257 1502 et
1276 1463 1504 1502 inhaerentes
1533 1464 1574 1502 in
1609 1477 1741 1502 earum

341 1527 465 1565 nervis
486 1527 556 1566 effe
589 1528 744 1573 debent,
780 1537 923 1572 tamen,
963 1529 1053 1580 quia
1083 1528 1129 1566 de
1163 1529 1335 1567 universa
1368 1543 1406 1567 re
1431 1529 1580 1568 tractari
1605 1529 1740 1574 solent,

340 1607 531 1632 communes
564 1607 585 1631 a
614 1593 805 1632 veteribus
839 1594 1031 1632 nominati
1064 1594 1178 1633 sunt:
1224 1609 1393 1647 quorum
1424 1595 1566 1648 partim
1599 1593 1743 1633 habent

341 1659 527 1697 vitiorum
552 1668 590 1697 et
620 1668 865 1712 peccatorum
885 1673 1013 1698 acrem
1033 1649 1225 1712 quandam
1247 1675 1340 1700 cum
1359 1660 1658 1714 amplificatione
1677 1661 1740 1699 in-

342 1724 590 1769 cusationem,
632 1734 697 1762 aut
730 1725 940 1777 querelam,
971 1735 1103 1763 contra
1131 1740 1248 1778 quam
1277 1727 1355 1765 dici
1386 1725 1485 1764 nihil
1520 1726 1627 1772 solet,
1668 1740 1741 1765 nec

341 1789 465 1842 potest
480 1808 491 1833 ;
523 1799 566 1827 ut
586 1790 625 1827 in
646 1790 967 1842 depeculatorem,
986 1790 1024 1827 in
1045 1791 1296 1843 proditorem,
1318 1793 1358 1830 in
1374 1792 1602 1845 parricidam
1619 1807 1627 1830 ε
1651 1792 1740 1844 qui-

342 1855 414 1893 bus
437 1855 507 1899 uti,
529 1854 764 1893 confirmatis
784 1855 1027 1900 criminibus,
1049 1866 1228 1909 oportet;
1260 1858 1369 1895 aliter
1387 1858 1492 1895 enim
1507 1859 1631 1910 jejuni
1656 1858 1743 1896 sunt

339 1930 453 1973 atque
473 1921 617 1959 inanes.
664 1921 747 1959 Alii
767 1930 895 1959 autem
915 1920 1058 1960 habent
1085 1923 1405 1975 deprecationem,
1437 1933 1501 1960 aut
1527 1924 1740 1962 miseratio-

343 2000 446 2025 nem.
506 1987 588 2024 Alii
622 2001 710 2025 vero
744 1988 927 2039 ancipites
959 1988 1246 2041 disputationes,
1278 1990 1317 2027 in
1339 1989 1481 2041 quibus
1501 1989 1547 2027 de
1569 1990 1742 2028 universo

342 2067 476 2106 genere
495 2054 535 2091 in
555 2062 758 2106 utramque
777 2064 925 2107 partem
946 2055 1067 2093 differi
1097 2055 1247 2109 copiose
1267 2056 1357 2094 licet
1376 2071 1384 2093 :
1417 2070 1501 2108 quae
1521 2057 1742 2095 exercitatio

345 2132 446 2156 nunc
467 2119 620 2171 propria
639 2118 802 2157 duarum
823 2119 1169 2173 philosophiamm,
1201 2121 1248 2158 de
1281 2122 1421 2174 quibus
1442 2131 1528 2159 ante
1549 2121 1644 2166 dixi,
1664 2135 1741 2174 pu-

342 2194 468 2229 tatur;
501 2186 600 2237 apud
632 2187 809 2238 antiquos
830 2195 908 2224 erat
927 2201 1076 2233 eorum,
1108 2201 1128 2225 a
1147 2189 1288 2240 quibus
1309 2189 1435 2227 omnis
1466 2188 1513 2226 de
1543 2188 1655 2226 rebus
1679 2187 1741 2226 fo-

344 2250 511 2287 renfibus
532 2251 684 2289 dicendi
714 2253 808 2290 ratio
838 2261 876 2290 et
895 2255 1004 2305 copia
1029 2255 1241 2306 petebatur.
1303 2255 1363 2292 De
1384 2254 1525 2292 virtute
1544 2255 1663 2298 enim,
1695 2253 1742 2291 de

343 2316 486 2360 officio,
518 2316 564 2354 de
594 2331 702 2369 aequo
723 2327 760 2355 et
780 2319 895 2364 bono,
932 2321 977 2357 de
1005 2321 1204 2373 dignitate,
1236 2320 1394 2365 honore,
1418 2321 1596 2365 utilitate,
1628 2321 1740 2372 igno-

344 2382 478 2426 minia,
523 2383 696 2434 praemio,
742 2397 866 2436 poena,
912 2386 1174 2438 similibusque
1211 2387 1257 2424 de
1291 2387 1418 2431 rebus,
1464 2387 1503 2424 in
1539 2395 1742 2436 utramque

342 2458 489 2500 partem
510 2448 662 2487 dicendi
679 2449 841 2496 animos,
872 2460 910 2490 et
938 2452 1034 2498 vim,
1064 2462 1102 2490 et
1122 2461 1241 2492 artem
1262 2452 1400 2491 habere
1420 2453 1619 2492 debemus.
1652 2449 1738 2494 Sed,

399 2515 534 2553 ΤοΜ.
566 2515 598 2554 Ι.
1278 2520 1369 2572 Qq
