2176 2912
658 184 938 224 LIBER
1001 184 1364 224 PRIMUS.
1666 200 1715 241 25

312 284 429 337 poss‘et
448 282 646 328 excellere,
676 296 769 321 curn
800 284 846 321 iis
866 283 903 321 se
922 292 1117 336 pateretur
1137 284 1292 336 aequari,
1323 292 1361 322 et
1392 283 1454 322 sua
1480 284 1676 322 voluntate
1697 298 1717 321 a

306 350 581 403 jucundiffima
600 349 876 388 consuetudine
897 350 1102 396 recederet,
1134 364 1219 403 quae
1240 350 1448 403 praesertim
1469 352 1552 403 jam
1574 360 1716 388 naturae

310 417 392 454 vim
413 416 604 455 obtineret
624 426 780 470 propter
798 417 1040 456 vetustatem.
1084 417 1145 455 Ac
1164 417 1293 470 primo
1313 417 1474 469 quidem
1494 417 1543 455 fic
1564 426 1602 454 et
1631 425 1718 454 nata

311 492 349 520 et
368 483 554 536 progressa
574 483 728 535 longius
749 484 969 536 eloquentia
993 483 1170 529 videtur3
1202 493 1241 522 et
1271 483 1368 522 item
1388 483 1514 537 postea
1534 483 1716 522 maximis

311 549 352 587 in
384 550 496 588 rebus
527 550 631 602 pacis
659 559 697 587 et
728 549 822 588 belli
849 563 943 588 cum
974 549 1137 588 summis
1158 549 1370 588 hominum
1390 550 1625 588 utilitatibus
1647 549 1718 587 effe

311 614 463 653 versata.
498 615 705 668 Postquam
725 629 814 654 vero
833 616 1090 655 commoditas
1107 617 1299 669 quaedam,
1321 629 1434 669 prava
1452 616 1605 655 virtutis
1624 615 1718 653 imi-

312 682 441 726 tatrix,
464 682 541 720 fine
556 683 700 721 ratione
721 683 856 728 officii,
877 683 1032 721 dicendi
1051 683 1204 736 copiam
1226 683 1429 722 consecuta
1447 683 1524 728 est;
1548 692 1634 720 tum
1655 683 1716 720 in-

313 748 427 799 genio
447 747 543 786 freta
563 749 709 787 malitia
729 757 940 802 pervertere
970 751 1098 795 urbes,
1125 759 1164 788 et
1184 750 1279 789 vitas
1305 748 1518 788 hominum
1549 747 1717 787 labefac-

314 823 391 852 tare
411 814 579 854 assuevit.

360 881 435 919 III.
459 883 590 934 Atque
609 881 725 934 hujus
747 896 904 935 quoque
924 882 1128 922 exordium
1150 883 1257 928 mali,
1279 884 1466 936 quoniam
1481 883 1722 937 principium

315 946 408 984 boni
423 946 609 993 diximus,
625 948 878 1000 explicemus.
894 949 1238 987 Verifimillimum
1255 948 1356 987 mihi
1372 950 1534 995 videtur,
1549 949 1721 1002 quodam

317 1022 489 1065 tempore
515 1027 642 1066 neque
660 1014 701 1052 in
722 1015 889 1067 publicis
911 1015 1025 1053 rebus
1046 1015 1210 1054 infantes
1231 1025 1268 1054 et
1294 1016 1513 1069 insipientes
1539 1015 1720 1054 homines

316 1078 445 1118 solitos
465 1080 536 1118 effe
557 1080 704 1126 versari,
736 1094 806 1119 nec
828 1095 915 1120 vero
942 1082 988 1119 ad
1018 1083 1180 1135 privatas
1201 1082 1328 1121 causas
1360 1096 1519 1136 magnos
1540 1096 1583 1122 ac
1603 1082 1721 1120 diser-

316 1155 375 1183 tos
396 1145 574 1185 homines
595 1147 772 1186 accedere
791 1164 800 1187 ε
833 1149 892 1187 sed
916 1162 1008 1186 cum
1029 1163 1050 1187 a
1069 1149 1231 1188 summis
1262 1149 1352 1188 viris
1374 1150 1554 1189 maximae
1574 1163 1631 1188 res
1653 1149 1721 1187 ad-

316 1211 636 1257 ministrarentur,
667 1213 829 1252 arbitror
854 1214 946 1252 alios
967 1213 1078 1253 fuisse
1098 1229 1176 1254 non
1196 1215 1398 1255 incallidos
1428 1214 1623 1262 homines,
1654 1217 1724 1269 qui

317 1278 364 1315 ad
389 1292 518 1330 parvas
549 1280 818 1318 controversias
849 1281 1088 1332 privatorum
1119 1282 1355 1322 accederent.
1388 1283 1545 1335 Qibus
1565 1284 1606 1321 in
1626 1297 1723 1322 con-

317 1346 504 1384 troverfiis
525 1359 618 1384 cum
639 1345 734 1399 saepe
755 1360 775 1384 a
795 1347 995 1386 mendacio
1012 1358 1145 1387 contra
1163 1363 1298 1388 verum
1317 1349 1498 1388 homines
1515 1350 1608 1388 stare
1627 1363 1723 1389 con-

317 1411 541 1458 suescerent,
573 1413 727 1451 dicendi
758 1413 947 1452 affiduitas
978 1415 1074 1453 aluit
1108 1415 1321 1460 audaciam,
1353 1425 1396 1453 ut
1426 1415 1629 1456 necessario
1660 1415 1723 1454 su-

316 1479 482 1533 periores
514 1479 574 1516 illi
606 1493 745 1532 proper
780 1480 935 1531 injurias
957 1481 1103 1518 civium
1136 1481 1297 1520 refistere
1317 1482 1540 1527 audacibus,
1571 1492 1608 1520 et
1637 1483 1724 1535 opi-

318 1545 432 1584 tulari
452 1545 526 1584 suis
549 1545 711 1598 quisque
731 1546 954 1591 necessariis,
972 1556 1213 1600 cogerentur.
1234 1549 1368 1600 Itaque
1388 1562 1479 1586 cum
1500 1549 1540 1586 in
1562 1549 1726 1586 dicendo

318 1612 412 1665 saepe
432 1626 510 1666 par,
542 1626 824 1665 nonnunquam
845 1613 962 1651 etiam
983 1613 1166 1666 superior,
1189 1613 1289 1652 visus
1309 1614 1397 1653 effet
1418 1615 1463 1659 is,
1486 1615 1568 1667 qui,
1590 1615 1728 1653 omiffo

319 1678 443 1717 studio
463 1679 669 1732 sapientiae,
701 1678 800 1716 nihil
822 1679 890 1717 fibi
916 1689 1051 1732 praeter
1071 1680 1333 1732 eloquentiam
1361 1681 1623 1734 comparafi'et,
1655 1682 1725 1719 fie-

321 1744 399 1789 bat,
431 1754 473 1783 ut
493 1754 531 1782 et
551 1745 818 1783 multitudinis
839 1754 877 1783 et
897 1745 963 1783 suo
989 1746 1139 1798 judicio
1160 1746 1316 1798 dignus,
1345 1747 1412 1799 qui
1442 1747 1727 1800 rempublicam

320 1820 480 1862 gereret,
513 1811 716 1848 videretur.
749 1811 858 1850 Hinc
879 1812 1070 1849 nimirum
1101 1826 1179 1850 non
1210 1813 1363 1864 injuria,
1395 1827 1486 1851 cum
1518 1813 1564 1850 ad
1584 1814 1726 1865 guber-

322 1877 457 1915 nacula
487 1876 709 1930 reipublicae
730 1878 921 1915 temerarii
947 1887 1063 1929 atque
1091 1879 1250 1917 audaces
1281 1879 1459 1917 homines
1487 1879 1725 1925 accefferant,

322 1944 491 1981 maxima
517 1957 558 1981 ac
581 1943 792 1982 miserrima
811 1942 1007 1996 naufragia
1037 1943 1193 1982 fiebant.
1241 1945 1396 1996 Qibus
1431 1946 1542 1983 rebus
1575 1955 1728 1984 tantum

322 2010 401 2048 odii
421 2020 535 2062 atque
561 2010 714 2047 invidia:
735 2009 897 2063 suscepit
927 2010 1160 2063 eloquentia,
1193 2020 1236 2048 ut
1266 2009 1447 2049 homines
1477 2012 1728 2064 ingeniosnii-

323 2078 392 2122 mi,
415 2077 517 2129 quasi
540 2090 586 2115 ex
607 2077 734 2129 aliqua
755 2076 907 2114 turbida
927 2077 1149 2130 tempestate
1165 2077 1205 2114 in
1226 2087 1397 2130 portum,
1420 2078 1469 2116 sic
1489 2092 1537 2116 ex
1557 2079 1729 2118 seditiosa

323 2154 359 2182 et
372 2144 611 2182 tumultuosa
627 2144 703 2181 vita
716 2143 805 2197 sef‘in
820 2143 988 2182 studium
1005 2144 1162 2196 aliquod
1180 2145 1369 2183 traderent
1386 2146 1577 2197 quietum.
1601 2147 1729 2196 Qare

324 2209 424 2248 mihi
445 2211 623 2248 videntur
643 2210 768 2262 postea
788 2220 921 2248 caetera
936 2210 1057 2248 studia
1077 2212 1175 2248 rec'ta
1195 2221 1308 2263 atque
1330 2210 1498 2256 honesta,
1521 2226 1587 2264 per
1604 2213 1729 2250 otium

324 2277 587 2315 concelebrata
618 2278 664 2315 ab
694 2278 869 2330 optimiS,
900 2277 1100 2315 enituiffe:
1135 2277 1209 2315 hoc
1231 2292 1318 2316 vero
1346 2291 1365 2315 a
1386 2278 1575 2330 plerisque
1597 2293 1731 2317 eorum

326 2343 515 2381 desertum
549 2343 767 2381 obsolevisse
799 2357 843 2381 eo
875 2353 1061 2396 tempore,
1094 2358 1172 2396 quo
1200 2344 1325 2383 multo
1358 2343 1625 2382 vehementius
1654 2355 1731 2383 erat

327 2409 587 2454 retinendum,
609 2419 646 2447 et
666 2409 865 2448 studiofius
887 2410 1168 2463 adaugendum.
1206 2411 1311 2448 Nam
1334 2424 1411 2462 quo
1432 2411 1628 2463 indignius
1650 2425 1731 2448 rcm

327 2475 627 2514 honestiffimam
654 2487 691 2515 et
721 2477 963 2515 rectissimam
986 2478 1149 2516 violabat
1177 2477 1384 2517 stultorum
1404 2488 1441 2516 et
1462 2478 1736 2530 improborum.

329 2542 521 2581 temeritas
556 2553 594 2580 et
628 2544 807 2589 audacia,
839 2544 993 2583 summo
1022 2558 1114 2582 cum
1145 2544 1366 2597 respublicae
1400 2545 1657 2588 detrimento,
1690 2556 1733 2580 co

412 2610 484 2648 To
502 2621 552 2647 Μ.
585 2609 617 2648 Ι.
1085 2613 1118 2647 Α
