2176 2912
792 163 1322 204 ORATOR.
1682 174 1763 215 427

359 261 418 300 vel
453 260 683 300 maximum.
743 259 842 310 Qae
862 257 913 295 est
939 266 1069 295 autem
1099 256 1139 294 in
1160 255 1386 294 hominibus
1408 262 1511 293 tanta
1530 254 1759 308 perversitas,

360 338 417 373 ut,
450 326 612 364 inventis
633 324 824 376 frugibus,
859 324 996 376 glande
1016 322 1248 361 vescantur?
1288 324 1353 360 An
1380 322 1501 360 vietus
1535 321 1759 364 hominum,

362 390 658 431 Atheniensium
704 388 891 427 beneficio
942 388 1066 427 excoli
1110 388 1238 441 potuit
1261 417 1271 432 ,
1313 387 1433 425 oratio
1482 401 1561 425 non
1601 386 1760 439 potuit?

359 459 460 510 Qis
490 470 604 510 porro
625 469 799 508 unquam
829 456 1058 494 Graecorum
1091 453 1293 492 rhetorum
1327 467 1348 491 a
1376 452 1612 504 Thucydide
1645 452 1761 504 quid-

358 537 477 576 quam
497 523 610 561 duxit
627 523 640 560 ?
672 524 727 560 At
747 521 920 559 laudatus
941 521 993 559 est
1013 521 1059 559 ab
1080 520 1277 559 omnibus.
1343 520 1507 564 Fateor3
1541 518 1602 556 sed
1622 518 1687 562 ita,
1720 526 1763 555 ut

359 603 488 628 rerum
518 589 730 642 explicator
762 587 943 641 prudens,
980 587 1140 632 severus,
1169 587 1320 640 gravis:
1352 598 1431 623 non
1466 593 1509 622 ut
1543 584 1583 622 in
1604 583 1762 636 judiciis

358 656 519 695 versaret
538 655 677 701 causas,
707 654 768 693 sed
790 663 833 692 ut
867 654 906 691 in
927 652 1092 692 historiis
1124 653 1225 691 bella
1254 660 1433 691 narraret,
1493 651 1628 702 Itaque
1660 663 1762 687 nun-

359 736 477 775 quam
497 722 550 760 est
584 730 805 761 numeratus
826 729 963 759 orator.
1022 720 1111 758 Nec
1136 733 1238 764 vero,
1270 719 1296 757 fi
1327 717 1525 756 historiam
1546 729 1623 754 non
1644 715 1763 768 scrip-

359 788 468 834 sisset,
495 802 638 827 nornen
672 789 752 840 ejus
782 800 860 824 non
891 795 1048 830 extaret,
1079 799 1171 824 cum
1203 784 1410 838 praesertim
1440 782 1567 821 fuiffet
1595 780 1764 820 honora-

359 863 421 894 tus
457 864 495 893 et
527 854 685 893 nobilis.
744 853 877 905 Hujus
913 861 1043 890 tamen
1072 865 1188 890 nemo
1218 863 1344 903 neque
1383 850 1603 893 verborum,
1641 860 1766 900 neque

359 921 632 960 sententiarum
675 920 902 972 gravitatem
942 919 1142 956 imitatur:
1189 916 1264 962 sed,
1295 931 1387 955 cum
1416 916 1556 954 mutila
1589 915 1766 967 quaedam

358 996 398 1026 et
416 986 562 1026 hiantia
589 986 713 1025 locuti
743 985 844 1030 sunt,
876 999 960 1036 quae
991 984 1051 1022 vel
1083 984 1159 1022 fine
1188 981 1369 1035 magistro
1388 981 1510 1020 facere
1540 989 1765 1034 potuerunt,

359 1066 561 1107 germanos
594 1052 631 1090 se
664 1059 801 1105 putant
820 1050 891 1089 effe
922 1049 1189 1102 Thucydidas.
1250 1049 1398 1087 Naetus
1433 1047 1518 1086 sum
1547 1047 1665 1084 etiam
1696 1045 1767 1099 qui

360 1118 634 1172 Xenophontis
655 1117 821 1156 fimilem
841 1116 911 1154 effe
930 1116 966 1154 se
992 1125 1148 1169 cuperet
1163 1133 1175 1161 ς
1207 1115 1316 1167 cujus
1349 1114 1471 1152 sermo
1501 1113 1554 1151 est
1586 1112 1654 1150 ille
1674 1112 1765 1164 qui-

359 1185 452 1225 dem
479 1185 596 1224 melle
627 1183 790 1228 dulcior,
826 1182 889 1220 sed
922 1196 943 1220 a
975 1181 1113 1221 forenfi
1147 1181 1306 1235 strepitu
1335 1179 1623 1219 remotiffimus.
1683 1179 1765 1216 Re-

359 1252 529 1292 feramus
563 1265 632 1290 nos
667 1251 787 1303 igitur
813 1250 860 1288 ad
893 1263 1000 1295 eum,
1033 1263 1152 1302 quem
1182 1248 1377 1293 volumus,
1413 1245 1692 1291 inchoandum,
1727 1253 1767 1284 et

360 1320 494 1359 eadem
515 1317 734 1372 eloquentia
754 1315 1061 1362 informandum,
1092 1329 1211 1370 quam
1230 1315 1272 1353 in
1302 1314 1411 1353 nullo
1431 1312 1616 1366 cognovit
1634 1313 1765 1351 Anto-

361 1387 465 1426 nius.

416 1454 469 1491 X.
502 1452 699 1505 Magnum
719 1464 815 1505 opus
835 1450 998 1489 omnino
1017 1458 1055 1488 et
1088 1449 1266 1494 arduum,
1298 1448 1428 1492 Brute,
1461 1459 1671 1485 conamur:
1704 1444 1767 1483 sed

361 1518 463 1558 nihil
483 1518 642 1557 difficile
661 1518 806 1557 amanti
825 1526 935 1570 puto.
995 1518 1101 1554 Amo
1121 1524 1264 1560 autem,
1286 1523 1323 1552 et
1343 1513 1491 1566 semper
1510 1512 1635 1550 amavi
1655 1512 1767 1564 inge-

360 1586 488 1631 nium,
515 1584 650 1630 studia,
671 1597 797 1623 mores
818 1592 917 1622 tuos.
977 1581 1167 1621 Incendor
1185 1595 1296 1634 porro
1315 1579 1488 1634 quotidie
1515 1578 1653 1631 mag-is,
1688 1591 1767 1616 non

363 1651 545 1691 desiderio
588 1651 714 1690 solum
765 1651 862 1703 (quo
897 1649 1056 1702 quidem
1104 1647 1305 1700 conficior)
1348 1645 1563 1699 congressus
1604 1644 1766 1689 nostros,

365 1717 682 1755 consuetudinem
712 1715 850 1760 victus,
885 1714 1118 1753 doetiffimos
1139 1714 1327 1752 sermones
1358 1713 1552 1765 requirens
1573 1719 1673 1754 tuos,
1703 1709 1767 1747 sed

364 1783 479 1821 etiam
499 1781 715 1820 admirabili
745 1780 847 1819 fama
866 1780 1055 1818 virtutum
1082 1779 1385 1823 incredibilium,
1417 1792 1516 1831 quae,
1547 1775 1668 1829 specie
1690 1774 1766 1813 dis-

364 1861 483 1901 pares,
514 1847 1041 1900 prudentiaconjunguntur.
1093 1845 1200 1897 Qid
1226 1845 1332 1882 enim
1363 1853 1443 1882 tam
1463 1843 1615 1887 distans,
1648 1854 1768 1894 quam

365 1928 385 1952 a
419 1914 612 1952 severitate
642 1913 832 1951 comitas?
884 1912 983 1964 Qis
1015 1920 1143 1949 tamen
1174 1924 1346 1963 unquam
1378 1919 1415 1947 te
1445 1919 1510 1947 aut
1535 1908 1696 1947 sanctior
1715 1907 1768 1945 est

364 1981 535 2025 habitus,
566 1988 632 2018 aut
661 1979 842 2017 dulcior?
886 1978 993 2030 Qid
1021 1986 1101 2016 tam
1131 1977 1303 2021 difficile,
1334 1990 1465 2028 quam,
1503 1976 1543 2012 in
1573 1974 1766 2027 plurimo-

364 2060 452 2087 rum
472 2045 733 2085 controversiis
763 2044 1031 2097 dijudicandis,
1063 2044 1109 2082 ab
1140 2043 1323 2081 omnibus
1354 2041 1494 2094 diligi?
1527 2038 1766 2092 consequeris

365 2123 508 2158 tamen,
540 2122 584 2150 ut
613 2125 675 2150 eos
705 2110 819 2164 ipsOS,
866 2124 962 2163 quos
1003 2118 1134 2147 contra
1164 2109 1315 2153 statuas,
1346 2121 1488 2160 aequos,
1524 2105 1767 2159 placatosque

364 2179 551 2217 dimittas.
584 2179 717 2230 Itaque
737 2177 871 2222 efficis,
901 2186 958 2221 ut,
981 2190 1071 2214 cum
1092 2176 1221 2228 gratiae
1241 2173 1348 2213 causa
1368 2172 1465 2211 nihil
1486 2172 1615 2217 facias,
1637 2171 1767 2210 omnia

366 2255 493 2282 tamen
516 2245 588 2282 sint
618 2252 736 2296 grata,
769 2257 853 2296 quae
888 2242 996 2281 facis.
1057 2243 1162 2295 Ergo
1193 2241 1376 2280 omnibus
1405 2240 1511 2278 terris
1543 2251 1617 2276 una
1638 2236 1765 2275 Gallia

366 2310 569 2348 communi
599 2322 678 2346 non
708 2308 811 2346 ardet
846 2308 1052 2353 incendio;
1085 2308 1125 2345 in
1157 2321 1232 2360 qua
1250 2305 1386 2345 frueris
1420 2305 1497 2358 ipse
1532 2313 1581 2348 te,
1613 2315 1705 2340 cum
1726 2301 1765 2337 in

368 2374 485 2413 Italiae
516 2375 602 2412 luce
637 2374 891 2427 cognosceris,
921 2373 1148 2425 versarisque
1181 2374 1222 2410 in
1255 2372 1496 2425 optimorum
1530 2368 1675 2407 civium
1706 2365 1765 2404 vel

367 2440 459 2480 flore
492 2441 551 2479 vel
587 2440 736 2480 robore.
796 2441 885 2492 Jam
919 2449 1110 2493 quantum
1146 2439 1243 2478 illud
1277 2438 1343 2483 est,
1375 2437 1480 2489 quod
1513 2436 1553 2473 in
1586 2431 1767 2472 maximis

1280 2504 1322 2542 H
1344 2501 1371 2540 h
1387 2501 1415 2540 h
1446 2514 1468 2541 2
