<?xml version="1.0" encoding="UTF-8"?>
<!DOCTYPE html PUBLIC "-//W3C//DTD XHTML 1.0 Transitional//EN"
    "http://www.w3.org/TR/xhtml1/DTD/xhtml1-transitional.dtd">
<html xmlns="http://www.w3.org/1999/xhtml" xml:lang="en" lang="en">
 <head>
  <title>
</title>
<meta http-equiv="Content-Type" content="text/html;charset=utf-8" />
  <meta name='ocr-system' content='tesseract 3.04.00' />
  <meta name='ocr-capabilities' content='ocr_page ocr_carea ocr_par ocr_line ocrx_word'/>
</head>
<body>
  <div class='ocr_page' id='page_1' title='image "./operacumindicibu01ciceuoft_0044.png"; bbox 0 0 2176 2912; ppageno 0'>
   <div class='ocr_carea' id='block_1_1' title="bbox 429 250 1515 303">
    <p class='ocr_par' dir='ltr' id='par_1_1' title="bbox 429 250 1515 303">
     <span class='ocr_line' id='line_1_1' title="bbox 429 250 1515 303; baseline 0.003 -16"><span class='ocrx_word' id='word_1_1' title='bbox 429 263 480 303; x_wconf 84' lang='lat'><strong>34</strong></span> <span class='ocrx_word' id='word_1_2' title='bbox 727 250 829 288; x_wconf 91' lang='lat' dir='ltr'><strong>DE</strong></span> <span class='ocrx_word' id='word_1_3' title='bbox 904 250 1515 290; x_wconf 88' lang='lat' dir='ltr'>INVENTIONE</span> 
     </span>
    </p>
   </div>
   <div class='ocr_carea' id='block_1_2' title="bbox 398 349 1830 2643">
    <p class='ocr_par' dir='ltr' id='par_1_2' title="bbox 421 349 1830 864">
     <span class='ocr_line' id='line_1_2' title="bbox 425 349 1817 403; baseline 0.001 -17"><span class='ocrx_word' id='word_1_4' title='bbox 425 349 619 387; x_wconf 83' lang='lat' dir='ltr'>accusetur</span> <span class='ocrx_word' id='word_1_5' title='bbox 639 350 859 394; x_wconf 82' lang='lat' dir='ltr'><strong>matricidii,</strong></span> <span class='ocrx_word' id='word_1_6' title='bbox 893 350 959 387; x_wconf 79' lang='lat' dir='ltr'><strong>nisi</strong></span> <span class='ocrx_word' id='word_1_7' title='bbox 981 349 1055 388; x_wconf 90' lang='lat' dir='ltr'><strong>hoc</strong></span> <span class='ocrx_word' id='word_1_8' title='bbox 1075 351 1190 395; x_wconf 85' lang='lat' dir='ltr'><strong>dicat,</strong></span> <span class='ocrx_word' id='word_1_9' title='bbox 1212 352 1303 402; x_wconf 88' lang='lat' dir='ltr'><strong>Jure</strong></span> <span class='ocrx_word' id='word_1_10' title='bbox 1322 350 1412 395; x_wconf 87' lang='lat' dir='ltr'><strong>feci,</strong></span> <span class='ocrx_word' id='word_1_11' title='bbox 1437 351 1519 403; x_wconf 83' lang='lat' dir='ltr'><strong>(illa</strong></span> <span class='ocrx_word' id='word_1_12' title='bbox 1544 350 1648 389; x_wconf 86' lang='lat' dir='ltr'><strong>enim</strong></span> <span class='ocrx_word' id='word_1_13' title='bbox 1669 358 1817 403; x_wconf 88' lang='lat' dir='ltr'><strong>patrem</strong></span> 
     </span>
     <span class='ocr_line' id='line_1_3' title="bbox 425 414 1814 468; baseline -0.001 -16"><span class='ocrx_word' id='word_1_14' title='bbox 425 429 556 453; x_wconf 86' lang='lat' dir='ltr'><strong>meum</strong></span> <span class='ocrx_word' id='word_1_15' title='bbox 587 415 792 466; x_wconf 84' lang='lat' dir='ltr'><strong>occiderat)</strong></span> <span class='ocrx_word' id='word_1_16' title='bbox 826 429 902 453; x_wconf 90' lang='lat' dir='ltr'><strong>non</strong></span> <span class='ocrx_word' id='word_1_17' title='bbox 933 414 1047 454; x_wconf 85' lang='lat' dir='ltr'><strong>habet</strong></span> <span class='ocrx_word' id='word_1_18' title='bbox 1076 415 1346 454; x_wconf 74' lang='lat' dir='ltr'><strong>defensionem.</strong></span> <span class='ocrx_word' id='word_1_19' title='bbox 1379 418 1468 468; x_wconf 86' lang='lat' dir='ltr'><strong>Qa</strong></span> <span class='ocrx_word' id='word_1_20' title='bbox 1499 416 1655 460; x_wconf 81' lang='lat' dir='ltr'><strong>sublata,</strong></span> <span class='ocrx_word' id='word_1_21' title='bbox 1687 416 1814 453; x_wconf 86' lang='lat' dir='ltr'><strong>omnis</strong></span> 
     </span>
     <span class='ocr_line' id='line_1_4' title="bbox 423 480 1814 534; baseline -0.001 -16"><span class='ocrx_word' id='word_1_22' title='bbox 423 495 578 533; x_wconf 91' lang='lat' dir='ltr'><strong>quoque</strong></span> <span class='ocrx_word' id='word_1_23' title='bbox 598 481 847 519; x_wconf 79' lang='lat' dir='ltr'><strong>controversla</strong></span> <span class='ocrx_word' id='word_1_24' title='bbox 877 481 1021 519; x_wconf 77' lang='lat' dir='ltr'><strong>sublata</strong></span> <span class='ocrx_word' id='word_1_25' title='bbox 1040 482 1096 520; x_wconf 87' lang='lat' dir='ltr'><strong>fit.</strong></span> <span class='ocrx_word' id='word_1_26' title='bbox 1129 484 1234 534; x_wconf 85' lang='lat' dir='ltr'><strong>Ergo</strong></span> <span class='ocrx_word' id='word_1_27' title='bbox 1264 484 1343 533; x_wconf 83' lang='lat' dir='ltr'><strong>ejus</strong></span> <span class='ocrx_word' id='word_1_28' title='bbox 1365 483 1479 521; x_wconf 63' lang='lat' dir='ltr'><strong>causae</strong></span> <span class='ocrx_word' id='word_1_29' title='bbox 1507 483 1601 520; x_wconf 82' lang='lat' dir='ltr'><strong>ratio</strong></span> <span class='ocrx_word' id='word_1_30' title='bbox 1622 482 1687 526; x_wconf 90' lang='lat' dir='ltr'><strong>est,</strong></span> <span class='ocrx_word' id='word_1_31' title='bbox 1711 480 1814 533; x_wconf 90' lang='lat' dir='ltr'><strong>quod</strong></span> 
     </span>
     <span class='ocr_line' id='line_1_5' title="bbox 423 548 1830 601; baseline -0.001 -16"><span class='ocrx_word' id='word_1_32' title='bbox 423 548 489 585; x_wconf 82' lang='lat' dir='ltr'><strong>illa</strong></span> <span class='ocrx_word' id='word_1_33' title='bbox 508 550 845 599; x_wconf 77' lang='lat' dir='ltr'><strong>Agamemnonem</strong></span> <span class='ocrx_word' id='word_1_34' title='bbox 861 548 1057 586; x_wconf 86' lang='lat' dir='ltr'><strong>occiderit.</strong></span> <span class='ocrx_word' id='word_1_35' title='bbox 1089 549 1283 599; x_wconf 87' lang='lat' dir='ltr'><strong>Judicatio</strong></span> <span class='ocrx_word' id='word_1_36' title='bbox 1304 549 1369 593; x_wconf 89' lang='lat' dir='ltr'><strong>est,</strong></span> <span class='ocrx_word' id='word_1_37' title='bbox 1387 564 1471 601; x_wconf 82' lang='lat' dir='ltr'><strong>quae</strong></span> <span class='ocrx_word' id='word_1_38' title='bbox 1491 563 1537 587; x_wconf 85' lang='lat' dir='ltr'><strong>ex</strong></span> <span class='ocrx_word' id='word_1_39' title='bbox 1558 548 1830 593; x_wconf 11' lang='lat' dir='ltr'><strong>infirmatione,</strong></span> 
     </span>
     <span class='ocr_line' id='line_1_6' title="bbox 423 613 1814 659; baseline -0.001 -9"><span class='ocrx_word' id='word_1_40' title='bbox 423 623 461 651; x_wconf 90' lang='lat' dir='ltr'><strong>et</strong></span> <span class='ocrx_word' id='word_1_41' title='bbox 480 614 770 651; x_wconf 86' lang='lat' dir='ltr'><strong>confirmatione</strong></span> <span class='ocrx_word' id='word_1_42' title='bbox 790 614 943 652; x_wconf 86' lang='lat' dir='ltr'><strong>rationis</strong></span> <span class='ocrx_word' id='word_1_43' title='bbox 965 613 1141 659; x_wconf 76' lang='lat' dir='ltr'><strong>nascitur,</strong></span> <span class='ocrx_word' id='word_1_44' title='bbox 1163 615 1424 653; x_wconf 84' lang='lat' dir='ltr'><strong>controverfia.</strong></span> <span class='ocrx_word' id='word_1_45' title='bbox 1454 615 1558 653; x_wconf 86' lang='lat' dir='ltr'><strong>Nam</strong></span> <span class='ocrx_word' id='word_1_46' title='bbox 1581 615 1624 652; x_wconf 84' lang='lat' dir='ltr'><strong>fit</strong></span> <span class='ocrx_word' id='word_1_47' title='bbox 1643 628 1684 652; x_wconf 86' lang='lat' dir='ltr'><strong>ea</strong></span> <span class='ocrx_word' id='word_1_48' title='bbox 1704 613 1814 652; x_wconf 85' lang='lat' dir='ltr'><strong>nobis</strong></span> 
     </span>
     <span class='ocr_line' id='line_1_7' title="bbox 422 680 1811 733; baseline -0.001 -15"><span class='ocrx_word' id='word_1_49' title='bbox 422 680 589 732; x_wconf 75' lang='lat' dir='ltr'><strong>exposita</strong></span> <span class='ocrx_word' id='word_1_50' title='bbox 616 681 724 724; x_wconf 85' lang='lat' dir='ltr'><strong>ratio,</strong></span> <span class='ocrx_word' id='word_1_51' title='bbox 746 693 863 731; x_wconf 77' lang='lat' dir='ltr'><strong>quain</strong></span> <span class='ocrx_word' id='word_1_52' title='bbox 885 680 997 732; x_wconf 89' lang='lat' dir='ltr'><strong>paulo</strong></span> <span class='ocrx_word' id='word_1_53' title='bbox 1027 690 1112 718; x_wconf 90' lang='lat' dir='ltr'><strong>ante</strong></span> <span class='ocrx_word' id='word_1_54' title='bbox 1131 681 1393 733; x_wconf 82' lang='lat' dir='ltr'><strong>exposuimus.</strong></span> <span class='ocrx_word' id='word_1_55' title='bbox 1431 681 1503 719; x_wconf 80' lang='lat' dir='ltr'><strong>Illa</strong></span> <span class='ocrx_word' id='word_1_56' title='bbox 1528 682 1648 725; x_wconf 90' lang='lat' dir='ltr'><strong>enim,</strong></span> <span class='ocrx_word' id='word_1_57' title='bbox 1671 680 1811 732; x_wconf 81' lang='lat' dir='ltr'><strong>inquit,</strong></span> 
     </span>
     <span class='ocr_line' id='line_1_8' title="bbox 421 746 1813 799; baseline -0.001 -16"><span class='ocrx_word' id='word_1_58' title='bbox 421 755 567 799; x_wconf 84' lang='lat' dir='ltr'><strong>patrem</strong></span> <span class='ocrx_word' id='word_1_59' title='bbox 588 746 789 784; x_wconf 82' lang='lat' dir='ltr'><strong>occiderat.</strong></span> <span class='ocrx_word' id='word_1_60' title='bbox 822 747 876 782; x_wconf 89' lang='lat' dir='ltr'><strong>At</strong></span> <span class='ocrx_word' id='word_1_61' title='bbox 896 759 986 790; x_wconf 89' lang='lat' dir='ltr'><strong>non,</strong></span> <span class='ocrx_word' id='word_1_62' title='bbox 1008 747 1137 798; x_wconf 89' lang='lat' dir='ltr'><strong>inquit</strong></span> <span class='ocrx_word' id='word_1_63' title='bbox 1156 746 1396 790; x_wconf 82' lang='lat' dir='ltr'><strong>adversarius,</strong></span> <span class='ocrx_word' id='word_1_64' title='bbox 1418 747 1482 784; x_wconf 84' lang='lat' dir='ltr'><strong>abs</strong></span> <span class='ocrx_word' id='word_1_65' title='bbox 1501 756 1536 784; x_wconf 87' lang='lat' dir='ltr'><strong>te</strong></span> <span class='ocrx_word' id='word_1_66' title='bbox 1553 746 1633 784; x_wconf 77' lang='lat' dir='ltr'><strong>filio</strong></span> <span class='ocrx_word' id='word_1_67' title='bbox 1652 755 1813 784; x_wconf 80' lang='lat' dir='ltr'><strong>matrem</strong></span> 
     </span>
     <span class='ocr_line' id='line_1_9' title="bbox 421 811 1810 864; baseline -0.001 -15"><span class='ocrx_word' id='word_1_68' title='bbox 421 813 547 849; x_wconf 84' lang='lat' dir='ltr'><strong>necari</strong></span> <span class='ocrx_word' id='word_1_69' title='bbox 568 812 761 864; x_wconf 87' lang='lat' dir='ltr'><strong>oportuit:</strong></span> <span class='ocrx_word' id='word_1_70' title='bbox 794 812 919 864; x_wconf 89' lang='lat' dir='ltr'><strong>potuit</strong></span> <span class='ocrx_word' id='word_1_71' title='bbox 935 811 1040 849; x_wconf 88' lang='lat' dir='ltr'><strong>enim</strong></span> <span class='ocrx_word' id='word_1_72' title='bbox 1056 812 1131 849; x_wconf 88' lang='lat' dir='ltr'><strong>fine</strong></span> <span class='ocrx_word' id='word_1_73' title='bbox 1152 820 1219 850; x_wconf 89' lang='lat' dir='ltr'><strong>tuo</strong></span> <span class='ocrx_word' id='word_1_74' title='bbox 1234 812 1371 850; x_wconf 90' lang='lat' dir='ltr'><strong>scelere</strong></span> <span class='ocrx_word' id='word_1_75' title='bbox 1386 812 1490 849; x_wconf 87' lang='lat' dir='ltr'><strong>illius</strong></span> <span class='ocrx_word' id='word_1_76' title='bbox 1507 811 1651 849; x_wconf 65' lang='lat' dir='ltr'><strong>factum</strong></span> <span class='ocrx_word' id='word_1_77' title='bbox 1669 811 1810 864; x_wconf 85' lang='lat' dir='ltr'><strong>puniri.</strong></span> 
     </span>
    </p>

    <p class='ocr_par' dir='ltr' id='par_1_3' title="bbox 398 875 1812 2379">
     <span class='ocr_line' id='line_1_10' title="bbox 476 875 1812 916; baseline -0.001 -1"><span class='ocrx_word' id='word_1_78' title='bbox 476 878 587 915; x_wconf 93' lang='lat' dir='ltr'>XIV.</span> <span class='ocrx_word' id='word_1_79' title='bbox 620 878 681 915; x_wconf 85' lang='lat' dir='ltr'><strong>Ex</strong></span> <span class='ocrx_word' id='word_1_80' title='bbox 701 875 772 914; x_wconf 92' lang='lat' dir='ltr'><strong>hac</strong></span> <span class='ocrx_word' id='word_1_81' title='bbox 792 877 1019 915; x_wconf 66' lang='lat' dir='ltr'><strong>deductione</strong></span> <span class='ocrx_word' id='word_1_82' title='bbox 1038 878 1194 916; x_wconf 83' lang='lat' dir='ltr'><strong>rationis</strong></span> <span class='ocrx_word' id='word_1_83' title='bbox 1214 878 1280 916; x_wconf 88' lang='lat' dir='ltr'><strong>illa</strong></span> <span class='ocrx_word' id='word_1_84' title='bbox 1305 878 1455 916; x_wconf 87' lang='lat' dir='ltr'><strong>summa</strong></span> <span class='ocrx_word' id='word_1_85' title='bbox 1474 877 1637 915; x_wconf 86' lang='lat' dir='ltr'><strong>nascitur</strong></span> <span class='ocrx_word' id='word_1_86' title='bbox 1656 886 1812 915; x_wconf 88' lang='lat' dir='ltr'><strong>contro-</strong></span> 
     </span>
     <span class='ocr_line' id='line_1_11' title="bbox 420 943 1811 996; baseline 0 -15"><span class='ocrx_word' id='word_1_87' title='bbox 420 943 546 988; x_wconf 89' lang='lat' dir='ltr'><strong>vers1a,</strong></span> <span class='ocrx_word' id='word_1_88' title='bbox 568 957 685 995; x_wconf 90' lang='lat' dir='ltr'><strong>quam</strong></span> <span class='ocrx_word' id='word_1_89' title='bbox 699 943 977 994; x_wconf 85' lang='lat' dir='ltr'><strong>judicationem</strong></span> <span class='ocrx_word' id='word_1_90' title='bbox 997 944 1247 996; x_wconf 85' lang='lat' dir='ltr'><strong>appellamus.</strong></span> <span class='ocrx_word' id='word_1_91' title='bbox 1279 945 1335 982; x_wconf 92' lang='lat' dir='ltr'><strong>Ea</strong></span> <span class='ocrx_word' id='word_1_92' title='bbox 1354 944 1405 982; x_wconf 88' lang='lat' dir='ltr'><strong>est</strong></span> <span class='ocrx_word' id='word_1_93' title='bbox 1426 943 1646 996; x_wconf 86' lang='lat' dir='ltr'><strong>hujusmodi</strong></span> <span class='ocrx_word' id='word_1_94' title='bbox 1663 962 1674 988; x_wconf 88' lang='lat'>;</span> <span class='ocrx_word' id='word_1_95' title='bbox 1707 944 1811 981; x_wconf 85' lang='lat' dir='ltr'><strong>Rec-</strong></span> 
     </span>
     <span class='ocr_line' id='line_1_12' title="bbox 421 1009 1811 1063; baseline -0.001 -16"><span class='ocrx_word' id='word_1_96' title='bbox 421 1020 555 1048; x_wconf 88' lang='lat' dir='ltr'><strong>tumne</strong></span> <span class='ocrx_word' id='word_1_97' title='bbox 576 1009 690 1047; x_wconf 89' lang='lat' dir='ltr'><strong>fuerit</strong></span> <span class='ocrx_word' id='word_1_98' title='bbox 710 1010 757 1047; x_wconf 93' lang='lat' dir='ltr'><strong>ab</strong></span> <span class='ocrx_word' id='word_1_99' title='bbox 779 1010 911 1047; x_wconf 88' lang='lat' dir='ltr'><strong>Oreste</strong></span> <span class='ocrx_word' id='word_1_100' title='bbox 931 1019 1094 1048; x_wconf 89' lang='lat' dir='ltr'><strong>matrem</strong></span> <span class='ocrx_word' id='word_1_101' title='bbox 1117 1012 1256 1056; x_wconf 88' lang='lat' dir='ltr'><strong>occidi,</strong></span> <span class='ocrx_word' id='word_1_102' title='bbox 1289 1025 1379 1049; x_wconf 89' lang='lat' dir='ltr'><strong>cum</strong></span> <span class='ocrx_word' id='word_1_103' title='bbox 1405 1011 1469 1048; x_wconf 83' lang='lat' dir='ltr'><strong>illa</strong></span> <span class='ocrx_word' id='word_1_104' title='bbox 1491 1011 1633 1048; x_wconf 85' lang='lat' dir='ltr'><strong>Orestis</strong></span> <span class='ocrx_word' id='word_1_105' title='bbox 1665 1019 1811 1063; x_wconf 84' lang='lat' dir='ltr'><strong>patrem</strong></span> 
     </span>
     <span class='ocr_line' id='line_1_13' title="bbox 419 1076 1808 1130; baseline -0.001 -16"><span class='ocrx_word' id='word_1_106' title='bbox 419 1076 612 1114; x_wconf 66' lang='lat' dir='ltr'><strong>occidisset</strong></span> <span class='ocrx_word' id='word_1_107' title='bbox 629 1077 641 1113; x_wconf 89' lang='lat'>?</span> <span class='ocrx_word' id='word_1_108' title='bbox 664 1077 973 1114; x_wconf 83' lang='lat' dir='ltr'><strong>Firmamentum</strong></span> <span class='ocrx_word' id='word_1_109' title='bbox 993 1077 1045 1114; x_wconf 93' lang='lat' dir='ltr'><strong>est</strong></span> <span class='ocrx_word' id='word_1_110' title='bbox 1061 1077 1271 1116; x_wconf 85' lang='lat' dir='ltr'><strong>firmiffima</strong></span> <span class='ocrx_word' id='word_1_111' title='bbox 1291 1078 1570 1130; x_wconf 81' lang='lat' dir='ltr'><strong>argumentatio</strong></span> <span class='ocrx_word' id='word_1_112' title='bbox 1590 1076 1808 1119; x_wconf 76' lang='lat' dir='ltr'><strong>defensoris,</strong></span> 
     </span>
     <span class='ocr_line' id='line_1_14' title="bbox 415 1142 1810 1195; baseline -0.001 -14"><span class='ocrx_word' id='word_1_113' title='bbox 415 1153 456 1181; x_wconf 79' lang='lat' dir='ltr'><strong>et</strong></span> <span class='ocrx_word' id='word_1_114' title='bbox 476 1142 661 1195; x_wconf 85' lang='lat' dir='ltr'><strong>aptiffima</strong></span> <span class='ocrx_word' id='word_1_115' title='bbox 681 1143 725 1180; x_wconf 84' lang='lat' dir='ltr'><strong>ad</strong></span> <span class='ocrx_word' id='word_1_116' title='bbox 740 1143 1044 1194; x_wconf 84' lang='lat' dir='ltr'><strong>judicationem:</strong></span> <span class='ocrx_word' id='word_1_117' title='bbox 1077 1154 1119 1182; x_wconf 90' lang='lat' dir='ltr'><strong>ut</strong></span> <span class='ocrx_word' id='word_1_118' title='bbox 1140 1146 1164 1181; x_wconf 89' lang='lat' dir='ltr'>fi</span> <span class='ocrx_word' id='word_1_119' title='bbox 1184 1145 1275 1182; x_wconf 86' lang='lat' dir='ltr'><strong>velit</strong></span> <span class='ocrx_word' id='word_1_120' title='bbox 1297 1145 1446 1183; x_wconf 82' lang='lat' dir='ltr'><strong>Orestes</strong></span> <span class='ocrx_word' id='word_1_121' title='bbox 1467 1145 1604 1188; x_wconf 85' lang='lat' dir='ltr'><strong>dicere,</strong></span> <span class='ocrx_word' id='word_1_122' title='bbox 1623 1143 1810 1195; x_wconf 85' lang='lat' dir='ltr'><strong>ejusmodi</strong></span> 
     </span>
     <span class='ocr_line' id='line_1_15' title="bbox 419 1207 1809 1262; baseline 0 -16"><span class='ocrx_word' id='word_1_123' title='bbox 419 1209 592 1246; x_wconf 84' lang='lat' dir='ltr'><strong>animum</strong></span> <span class='ocrx_word' id='word_1_124' title='bbox 614 1209 744 1246; x_wconf 83' lang='lat' dir='ltr'><strong>matris</strong></span> <span class='ocrx_word' id='word_1_125' title='bbox 767 1208 837 1246; x_wconf 81' lang='lat' dir='ltr'><strong>suae</strong></span> <span class='ocrx_word' id='word_1_126' title='bbox 858 1207 966 1247; x_wconf 85' lang='lat' dir='ltr'><strong>fuiffe</strong></span> <span class='ocrx_word' id='word_1_127' title='bbox 985 1209 1024 1247; x_wconf 88' lang='lat' dir='ltr'><strong>in</strong></span> <span class='ocrx_word' id='word_1_128' title='bbox 1046 1219 1192 1262; x_wconf 85' lang='lat' dir='ltr'><strong>patrem</strong></span> <span class='ocrx_word' id='word_1_129' title='bbox 1214 1210 1338 1255; x_wconf 89' lang='lat' dir='ltr'><strong>suum,</strong></span> <span class='ocrx_word' id='word_1_130' title='bbox 1370 1211 1408 1247; x_wconf 85' lang='lat' dir='ltr'><strong>in</strong></span> <span class='ocrx_word' id='word_1_131' title='bbox 1431 1211 1464 1247; x_wconf 85' lang='lat' dir='ltr'><strong>se</strong></span> <span class='ocrx_word' id='word_1_132' title='bbox 1484 1209 1624 1262; x_wconf 89' lang='lat' dir='ltr'><strong>ipsum,</strong></span> <span class='ocrx_word' id='word_1_133' title='bbox 1646 1209 1685 1246; x_wconf 88' lang='lat' dir='ltr'><strong>in</strong></span> <span class='ocrx_word' id='word_1_134' title='bbox 1706 1209 1809 1246; x_wconf 91' lang='lat' dir='ltr'><strong>soro-</strong></span> 
     </span>
     <span class='ocr_line' id='line_1_16' title="bbox 417 1273 1808 1328; baseline 0 -16"><span class='ocrx_word' id='word_1_135' title='bbox 417 1288 489 1319; x_wconf 86' lang='lat' dir='ltr'><strong>res,</strong></span> <span class='ocrx_word' id='word_1_136' title='bbox 520 1275 560 1312; x_wconf 89' lang='lat' dir='ltr'><strong>in</strong></span> <span class='ocrx_word' id='word_1_137' title='bbox 581 1288 757 1327; x_wconf 84' lang='lat' dir='ltr'><strong>regnum,</strong></span> <span class='ocrx_word' id='word_1_138' title='bbox 779 1275 818 1311; x_wconf 90' lang='lat' dir='ltr'><strong>in</strong></span> <span class='ocrx_word' id='word_1_139' title='bbox 838 1273 982 1313; x_wconf 87' lang='lat' dir='ltr'><strong>famam</strong></span> <span class='ocrx_word' id='word_1_140' title='bbox 1003 1276 1150 1328; x_wconf 84' lang='lat' dir='ltr'><strong>generis</strong></span> <span class='ocrx_word' id='word_1_141' title='bbox 1172 1285 1208 1313; x_wconf 93' lang='lat' dir='ltr'><strong>et</strong></span> <span class='ocrx_word' id='word_1_142' title='bbox 1228 1274 1398 1319; x_wconf 84' lang='lat' dir='ltr'><strong>familiae,</strong></span> <span class='ocrx_word' id='word_1_143' title='bbox 1422 1285 1464 1313; x_wconf 91' lang='lat' dir='ltr'><strong>ut</strong></span> <span class='ocrx_word' id='word_1_144' title='bbox 1483 1276 1529 1313; x_wconf 90' lang='lat' dir='ltr'><strong>ab</strong></span> <span class='ocrx_word' id='word_1_145' title='bbox 1548 1289 1590 1312; x_wconf 86' lang='lat' dir='ltr'><strong>ea</strong></span> <span class='ocrx_word' id='word_1_146' title='bbox 1610 1288 1738 1327; x_wconf 84' lang='lat' dir='ltr'><strong>poenas</strong></span> <span class='ocrx_word' id='word_1_147' title='bbox 1758 1275 1808 1312; x_wconf 82' lang='lat' dir='ltr'><strong>li-</strong></span> 
     </span>
     <span class='ocr_line' id='line_1_17' title="bbox 418 1340 1807 1393; baseline 0 -16"><span class='ocrx_word' id='word_1_148' title='bbox 418 1340 498 1378; x_wconf 87' lang='lat' dir='ltr'><strong>beri</strong></span> <span class='ocrx_word' id='word_1_149' title='bbox 512 1340 566 1378; x_wconf 88' lang='lat' dir='ltr'><strong>sui</strong></span> <span class='ocrx_word' id='word_1_150' title='bbox 584 1340 819 1392; x_wconf 83' lang='lat' dir='ltr'><strong>potiffimum</strong></span> <span class='ocrx_word' id='word_1_151' title='bbox 836 1349 959 1393; x_wconf 86' lang='lat' dir='ltr'><strong>petere</strong></span> <span class='ocrx_word' id='word_1_152' title='bbox 975 1341 1188 1378; x_wconf 89' lang='lat' dir='ltr'><strong>debuerint.</strong></span> <span class='ocrx_word' id='word_1_153' title='bbox 1207 1342 1259 1378; x_wconf 87' lang='lat' dir='ltr'><strong>Et</strong></span> <span class='ocrx_word' id='word_1_154' title='bbox 1275 1341 1315 1378; x_wconf 88' lang='lat' dir='ltr'><strong>in</strong></span> <span class='ocrx_word' id='word_1_155' title='bbox 1331 1341 1473 1379; x_wconf 81' lang='lat' dir='ltr'><strong>caeteris</strong></span> <span class='ocrx_word' id='word_1_156' title='bbox 1490 1341 1648 1392; x_wconf 87' lang='lat' dir='ltr'><strong>quidem</strong></span> <span class='ocrx_word' id='word_1_157' title='bbox 1665 1341 1807 1378; x_wconf 79' lang='lat' dir='ltr'><strong>consti-</strong></span> 
     </span>
     <span class='ocr_line' id='line_1_18' title="bbox 411 1404 1806 1459; baseline 0.001 -17"><span class='ocrx_word' id='word_1_158' title='bbox 411 1406 630 1443; x_wconf 86' lang='lat' dir='ltr'><strong>·tutionibus</strong></span> <span class='ocrx_word' id='word_1_159' title='bbox 647 1406 691 1442; x_wconf 90' lang='lat' dir='ltr'><strong>ad</strong></span> <span class='ocrx_word' id='word_1_160' title='bbox 713 1404 817 1443; x_wconf 83' lang='lat' dir='ltr'><strong>hunc</strong></span> <span class='ocrx_word' id='word_1_161' title='bbox 840 1407 999 1444; x_wconf 84' lang='lat' dir='ltr'><strong>modum</strong></span> <span class='ocrx_word' id='word_1_162' title='bbox 1015 1407 1270 1458; x_wconf 84' lang='lat' dir='ltr'><strong>judicationes</strong></span> <span class='ocrx_word' id='word_1_163' title='bbox 1292 1408 1531 1459; x_wconf 88' lang='lat' dir='ltr'><strong>reperiuntur</strong></span> <span class='ocrx_word' id='word_1_164' title='bbox 1550 1421 1557 1444; x_wconf 91' lang='lat'>:</span> <span class='ocrx_word' id='word_1_165' title='bbox 1590 1407 1630 1444; x_wconf 88' lang='lat' dir='ltr'><strong>in</strong></span> <span class='ocrx_word' id='word_1_166' title='bbox 1651 1407 1806 1458; x_wconf 86' lang='lat' dir='ltr'><strong>conjec-</strong></span> 
     </span>
     <span class='ocr_line' id='line_1_19' title="bbox 416 1471 1807 1524; baseline 0.001 -15"><span class='ocrx_word' id='word_1_167' title='bbox 416 1472 527 1509; x_wconf 82' lang='lat' dir='ltr'><strong>turali</strong></span> <span class='ocrx_word' id='word_1_168' title='bbox 547 1481 673 1509; x_wconf 87' lang='lat' dir='ltr'><strong>autem</strong></span> <span class='ocrx_word' id='word_1_169' title='bbox 695 1471 981 1516; x_wconf 85' lang='lat' dir='ltr'><strong>constitutione,</strong></span> <span class='ocrx_word' id='word_1_170' title='bbox 1014 1474 1103 1524; x_wconf 85' lang='lat' dir='ltr'><strong>quia</strong></span> <span class='ocrx_word' id='word_1_171' title='bbox 1124 1474 1219 1510; x_wconf 89' lang='lat' dir='ltr'><strong>ratio</strong></span> <span class='ocrx_word' id='word_1_172' title='bbox 1239 1487 1317 1511; x_wconf 90' lang='lat' dir='ltr'><strong>non</strong></span> <span class='ocrx_word' id='word_1_173' title='bbox 1337 1474 1389 1510; x_wconf 94' lang='lat' dir='ltr'><strong>est</strong></span> <span class='ocrx_word' id='word_1_174' title='bbox 1421 1472 1583 1524; x_wconf 64' lang='lat' dir='ltr'><strong>(factum</strong></span> <span class='ocrx_word' id='word_1_175' title='bbox 1604 1473 1709 1510; x_wconf 80' lang='lat' dir='ltr'><strong>enim</strong></span> <span class='ocrx_word' id='word_1_176' title='bbox 1730 1486 1807 1511; x_wconf 92' lang='lat' dir='ltr'><strong>non</strong></span> 
     </span>
     <span class='ocr_line' id='line_1_20' title="bbox 415 1537 1805 1590; baseline 0.001 -15"><span class='ocrx_word' id='word_1_177' title='bbox 415 1538 654 1587; x_wconf 81' lang='lat' dir='ltr'><strong>conceditur)</strong></span> <span class='ocrx_word' id='word_1_178' title='bbox 699 1551 775 1574; x_wconf 86' lang='lat' dir='ltr'><strong>non</strong></span> <span class='ocrx_word' id='word_1_179' title='bbox 807 1537 926 1589; x_wconf 86' lang='lat' dir='ltr'><strong>potest</strong></span> <span class='ocrx_word' id='word_1_180' title='bbox 957 1551 1002 1575; x_wconf 86' lang='lat' dir='ltr'><strong>ex</strong></span> <span class='ocrx_word' id='word_1_181' title='bbox 1036 1538 1262 1575; x_wconf 61' lang='lat' dir='ltr'><strong>deductione</strong></span> <span class='ocrx_word' id='word_1_182' title='bbox 1293 1539 1447 1576; x_wconf 86' lang='lat' dir='ltr'><strong>rationis</strong></span> <span class='ocrx_word' id='word_1_183' title='bbox 1480 1539 1576 1576; x_wconf 90' lang='lat' dir='ltr'><strong>nasci</strong></span> <span class='ocrx_word' id='word_1_184' title='bbox 1602 1539 1805 1590; x_wconf 81' lang='lat' dir='ltr'><strong>judicatio.</strong></span> 
     </span>
     <span class='ocr_line' id='line_1_21' title="bbox 416 1602 1804 1656; baseline 0.002 -17"><span class='ocrx_word' id='word_1_185' title='bbox 416 1604 543 1653; x_wconf 83' lang='lat' dir='ltr'><strong>Qare</strong></span> <span class='ocrx_word' id='word_1_186' title='bbox 563 1602 703 1639; x_wconf 73' lang='lat' dir='ltr'><strong>necess&#39;e</strong></span> <span class='ocrx_word' id='word_1_187' title='bbox 722 1602 773 1639; x_wconf 87' lang='lat' dir='ltr'><strong>est</strong></span> <span class='ocrx_word' id='word_1_188' title='bbox 791 1602 950 1640; x_wconf 83' lang='lat' dir='ltr'><strong>eandem</strong></span> <span class='ocrx_word' id='word_1_189' title='bbox 970 1602 1040 1640; x_wconf 87' lang='lat' dir='ltr'><strong>effe</strong></span> <span class='ocrx_word' id='word_1_190' title='bbox 1061 1603 1322 1654; x_wconf 70' lang='lat' dir='ltr'><strong>quaestionem,</strong></span> <span class='ocrx_word' id='word_1_191' title='bbox 1354 1613 1391 1641; x_wconf 88' lang='lat' dir='ltr'><strong>et</strong></span> <span class='ocrx_word' id='word_1_192' title='bbox 1407 1605 1684 1656; x_wconf 81' lang='lat' dir='ltr'><strong>judicationem</strong></span> <span class='ocrx_word' id='word_1_193' title='bbox 1703 1623 1713 1650; x_wconf 79' lang='lat'><em>3</em></span> <span class='ocrx_word' id='word_1_194' title='bbox 1748 1614 1804 1649; x_wconf 91' lang='lat' dir='ltr'><strong>ut,</strong></span> 
     </span>
     <span class='ocr_line' id='line_1_22' title="bbox 412 1667 1808 1721; baseline 0.002 -16"><span class='ocrx_word' id='word_1_195' title='bbox 412 1668 556 1706; x_wconf 64' lang='lat' dir='ltr'><strong>factum</strong></span> <span class='ocrx_word' id='word_1_196' title='bbox 578 1668 653 1712; x_wconf 84' lang='lat' dir='ltr'><strong>est;</strong></span> <span class='ocrx_word' id='word_1_197' title='bbox 676 1667 820 1706; x_wconf 66' lang='lat' dir='ltr'><strong>factum</strong></span> <span class='ocrx_word' id='word_1_198' title='bbox 841 1681 917 1706; x_wconf 90' lang='lat' dir='ltr'><strong>non</strong></span> <span class='ocrx_word' id='word_1_199' title='bbox 937 1668 1012 1713; x_wconf 85' lang='lat' dir='ltr'><strong>est;</strong></span> <span class='ocrx_word' id='word_1_200' title='bbox 1045 1668 1239 1707; x_wconf 49' lang='lat' dir='ltr'><strong>factumne</strong></span> <span class='ocrx_word' id='word_1_201' title='bbox 1259 1670 1303 1707; x_wconf 83' lang='lat' dir='ltr'><strong>slt</strong></span> <span class='ocrx_word' id='word_1_202' title='bbox 1322 1670 1334 1707; x_wconf 88' lang='lat'>?</span> <span class='ocrx_word' id='word_1_203' title='bbox 1366 1670 1475 1721; x_wconf 82' lang='lat' dir='ltr'><strong>Qot</strong></span> <span class='ocrx_word' id='word_1_204' title='bbox 1495 1680 1622 1708; x_wconf 88' lang='lat' dir='ltr'><strong>autem</strong></span> <span class='ocrx_word' id='word_1_205' title='bbox 1641 1671 1679 1707; x_wconf 90' lang='lat' dir='ltr'><strong>in</strong></span> <span class='ocrx_word' id='word_1_206' title='bbox 1700 1671 1808 1708; x_wconf 83' lang='lat' dir='ltr'><strong>causa</strong></span> 
     </span>
     <span class='ocr_line' id='line_1_23' title="bbox 413 1734 1805 1789; baseline 0.003 -18"><span class='ocrx_word' id='word_1_207' title='bbox 413 1734 700 1772; x_wconf 86' lang='lat' dir='ltr'><strong>constitutiones</strong></span> <span class='ocrx_word' id='word_1_208' title='bbox 719 1743 784 1772; x_wconf 85' lang='lat' dir='ltr'><strong>aut</strong></span> <span class='ocrx_word' id='word_1_209' title='bbox 803 1747 933 1772; x_wconf 90' lang='lat' dir='ltr'><strong>earum</strong></span> <span class='ocrx_word' id='word_1_210' title='bbox 953 1744 1074 1786; x_wconf 84' lang='lat' dir='ltr'><strong>partes</strong></span> <span class='ocrx_word' id='word_1_211' title='bbox 1105 1745 1228 1779; x_wconf 89' lang='lat' dir='ltr'><strong>erunt,</strong></span> <span class='ocrx_word' id='word_1_212' title='bbox 1262 1736 1422 1774; x_wconf 87' lang='lat' dir='ltr'><strong>totidem</strong></span> <span class='ocrx_word' id='word_1_213' title='bbox 1444 1736 1586 1775; x_wconf 73' lang='lat' dir='ltr'><strong>necesse</strong></span> <span class='ocrx_word' id='word_1_214' title='bbox 1607 1738 1678 1774; x_wconf 89' lang='lat' dir='ltr'><strong>erit</strong></span> <span class='ocrx_word' id='word_1_215' title='bbox 1699 1751 1805 1789; x_wconf 80' lang='lat' dir='ltr'><strong>quae-</strong></span> 
     </span>
     <span class='ocr_line' id='line_1_24' title="bbox 413 1800 1804 1855; baseline 0.003 -18"><span class='ocrx_word' id='word_1_216' title='bbox 413 1800 564 1845; x_wconf 86' lang='lat' dir='ltr'><strong>stiones,</strong></span> <span class='ocrx_word' id='word_1_217' title='bbox 595 1800 769 1845; x_wconf 83' lang='lat' dir='ltr'><strong>rationes,</strong></span> <span class='ocrx_word' id='word_1_218' title='bbox 795 1800 1064 1852; x_wconf 85' lang='lat' dir='ltr'><strong>judicationes,</strong></span> <span class='ocrx_word' id='word_1_219' title='bbox 1096 1801 1335 1839; x_wconf 84' lang='lat' dir='ltr'><strong>firmamenta</strong></span> <span class='ocrx_word' id='word_1_220' title='bbox 1370 1803 1536 1855; x_wconf 82' lang='lat' dir='ltr'><strong>reperiri.</strong></span> <span class='ocrx_word' id='word_1_221' title='bbox 1580 1803 1654 1841; x_wconf 84' lang='lat' dir='ltr'><strong>His</strong></span> <span class='ocrx_word' id='word_1_222' title='bbox 1675 1804 1804 1841; x_wconf 85' lang='lat' dir='ltr'><strong>omni-</strong></span> 
     </span>
     <span class='ocr_line' id='line_1_25' title="bbox 413 1865 1804 1921; baseline 0.004 -19"><span class='ocrx_word' id='word_1_223' title='bbox 413 1866 543 1903; x_wconf 86' lang='lat' dir='ltr'><strong>busin</strong></span> <span class='ocrx_word' id='word_1_224' title='bbox 564 1865 670 1903; x_wconf 84' lang='lat' dir='ltr'><strong>causa</strong></span> <span class='ocrx_word' id='word_1_225' title='bbox 700 1866 870 1918; x_wconf 88' lang='lat' dir='ltr'><strong>repertis,</strong></span> <span class='ocrx_word' id='word_1_226' title='bbox 901 1875 984 1904; x_wconf 90' lang='lat' dir='ltr'><strong>turn</strong></span> <span class='ocrx_word' id='word_1_227' title='bbox 1015 1866 1180 1918; x_wconf 89' lang='lat' dir='ltr'><strong>denique</strong></span> <span class='ocrx_word' id='word_1_228' title='bbox 1203 1868 1356 1919; x_wconf 86' lang='lat' dir='ltr'><strong>fingulae</strong></span> <span class='ocrx_word' id='word_1_229' title='bbox 1384 1878 1504 1921; x_wconf 85' lang='lat' dir='ltr'><strong>partes</strong></span> <span class='ocrx_word' id='word_1_230' title='bbox 1537 1870 1654 1907; x_wconf 86' lang='lat' dir='ltr'><strong>totius</strong></span> <span class='ocrx_word' id='word_1_231' title='bbox 1687 1869 1804 1907; x_wconf 76' lang='lat' dir='ltr'><strong>causae</strong></span> 
     </span>
     <span class='ocr_line' id='line_1_26' title="bbox 404 1931 1805 1987; baseline 0.004 -20"><span class='ocrx_word' id='word_1_232' title='bbox 404 1931 686 1969; x_wconf 59' lang='lat' dir='ltr'><strong>,considerandae</strong></span> <span class='ocrx_word' id='word_1_233' title='bbox 706 1931 804 1969; x_wconf 89' lang='lat' dir='ltr'><strong>sunt.</strong></span> <span class='ocrx_word' id='word_1_234' title='bbox 837 1932 943 1970; x_wconf 77' lang='lat' dir='ltr'><strong>Nam</strong></span> <span class='ocrx_word' id='word_1_235' title='bbox 965 1946 1040 1969; x_wconf 88' lang='lat' dir='ltr'><strong>non</strong></span> <span class='ocrx_word' id='word_1_236' title='bbox 1062 1942 1104 1970; x_wconf 89' lang='lat' dir='ltr'><strong>ut</strong></span> <span class='ocrx_word' id='word_1_237' title='bbox 1124 1933 1296 1984; x_wconf 88' lang='lat' dir='ltr'><strong>quidque</strong></span> <span class='ocrx_word' id='word_1_238' title='bbox 1314 1934 1521 1972; x_wconf 88' lang='lat' dir='ltr'><strong>dicendum</strong></span> <span class='ocrx_word' id='word_1_239' title='bbox 1542 1935 1730 1987; x_wconf 87' lang='lat' dir='ltr'><strong>primum,</strong></span> <span class='ocrx_word' id='word_1_240' title='bbox 1754 1936 1805 1973; x_wconf 81' lang='lat' dir='ltr'><strong>ita</strong></span> 
     </span>
     <span class='ocr_line' id='line_1_27' title="bbox 412 1986 1804 2052; baseline 0.004 -19"><span class='ocrx_word' id='word_1_241' title='bbox 412 1986 584 2048; x_wconf 87' lang='lat' dir='ltr'><strong>primum</strong></span> <span class='ocrx_word' id='word_1_242' title='bbox 611 1996 990 2035; x_wconf 86' lang='lat' dir='ltr'><strong>animadvertendum</strong></span> <span class='ocrx_word' id='word_1_243' title='bbox 1015 1998 1192 2042; x_wconf 81' lang='lat' dir='ltr'><strong>videtur3</strong></span> <span class='ocrx_word' id='word_1_244' title='bbox 1226 1999 1310 2036; x_wconf 86' lang='lat' dir='ltr'><strong>ideo</strong></span> <span class='ocrx_word' id='word_1_245' title='bbox 1340 2000 1444 2050; x_wconf 90' lang='lat' dir='ltr'><strong>quod</strong></span> <span class='ocrx_word' id='word_1_246' title='bbox 1465 2000 1544 2044; x_wconf 86' lang='lat' dir='ltr'><strong>illa,</strong></span> <span class='ocrx_word' id='word_1_247' title='bbox 1576 2014 1659 2051; x_wconf 84' lang='lat' dir='ltr'><strong>quae</strong></span> <span class='ocrx_word' id='word_1_248' title='bbox 1680 2001 1804 2052; x_wconf 87' lang='lat' dir='ltr'><strong>prima</strong></span> 
     </span>
     <span class='ocr_line' id='line_1_28' title="bbox 412 2061 1801 2116; baseline 0.002 -17"><span class='ocrx_word' id='word_1_249' title='bbox 412 2062 605 2107; x_wconf 86' lang='lat' dir='ltr'><strong>dicuntur,</strong></span> <span class='ocrx_word' id='word_1_250' title='bbox 638 2062 662 2099; x_wconf 90' lang='lat' dir='ltr'>fi</span> <span class='ocrx_word' id='word_1_251' title='bbox 684 2061 928 2100; x_wconf 82' lang='lat' dir='ltr'><strong>vehementer</strong></span> <span class='ocrx_word' id='word_1_252' title='bbox 951 2064 1042 2101; x_wconf 87' lang='lat' dir='ltr'><strong>velis</strong></span> <span class='ocrx_word' id='word_1_253' title='bbox 1063 2077 1270 2116; x_wconf 82' lang='lat' dir='ltr'><strong>congruere</strong></span> <span class='ocrx_word' id='word_1_254' title='bbox 1299 2074 1336 2101; x_wconf 90' lang='lat' dir='ltr'><strong>et</strong></span> <span class='ocrx_word' id='word_1_255' title='bbox 1356 2063 1542 2102; x_wconf 77' lang='lat' dir='ltr'><strong>cohaerere</strong></span> <span class='ocrx_word' id='word_1_256' title='bbox 1563 2078 1653 2102; x_wconf 89' lang='lat' dir='ltr'><strong>cum</strong></span> <span class='ocrx_word' id='word_1_257' title='bbox 1681 2065 1801 2110; x_wconf 83' lang='lat' dir='ltr'><strong>causa,</strong></span> 
     </span>
     <span class='ocr_line' id='line_1_29' title="bbox 402 2128 1802 2182; baseline 0.003 -17"><span class='ocrx_word' id='word_1_258' title='bbox 402 2140 456 2165; x_wconf 87' lang='lat' dir='ltr'><strong>-ex</strong></span> <span class='ocrx_word' id='word_1_259' title='bbox 477 2128 528 2165; x_wconf 86' lang='lat' dir='ltr'><strong>eis</strong></span> <span class='ocrx_word' id='word_1_260' title='bbox 549 2128 662 2165; x_wconf 88' lang='lat' dir='ltr'><strong>ducas</strong></span> <span class='ocrx_word' id='word_1_261' title='bbox 682 2137 846 2180; x_wconf 87' lang='lat' dir='ltr'><strong>oportet,</strong></span> <span class='ocrx_word' id='word_1_262' title='bbox 877 2143 961 2180; x_wconf 84' lang='lat' dir='ltr'><strong>quae</strong></span> <span class='ocrx_word' id='word_1_263' title='bbox 995 2128 1076 2181; x_wconf 91' lang='lat' dir='ltr'><strong>post</strong></span> <span class='ocrx_word' id='word_1_264' title='bbox 1109 2129 1268 2166; x_wconf 83' lang='lat' dir='ltr'><strong>dicenda</strong></span> <span class='ocrx_word' id='word_1_265' title='bbox 1302 2129 1401 2167; x_wconf 90' lang='lat' dir='ltr'><strong>sunt.</strong></span> <span class='ocrx_word' id='word_1_266' title='bbox 1433 2130 1560 2181; x_wconf 82' lang='lat' dir='ltr'><strong>Qare</strong></span> <span class='ocrx_word' id='word_1_267' title='bbox 1579 2144 1670 2168; x_wconf 91' lang='lat' dir='ltr'><strong>cum</strong></span> <span class='ocrx_word' id='word_1_268' title='bbox 1694 2132 1802 2182; x_wconf 86' lang='lat' dir='ltr'><strong>judi—</strong></span> 
     </span>
     <span class='ocr_line' id='line_1_30' title="bbox 411 2194 1803 2249; baseline 0.003 -18"><span class='ocrx_word' id='word_1_269' title='bbox 411 2194 522 2238; x_wconf 87' lang='lat' dir='ltr'><strong>catio,</strong></span> <span class='ocrx_word' id='word_1_270' title='bbox 553 2203 590 2231; x_wconf 92' lang='lat' dir='ltr'><strong>et</strong></span> <span class='ocrx_word' id='word_1_271' title='bbox 619 2208 673 2239; x_wconf 84' lang='lat' dir='ltr'><strong>ea,</strong></span> <span class='ocrx_word' id='word_1_272' title='bbox 709 2209 792 2246; x_wconf 80' lang='lat' dir='ltr'><strong>quae</strong></span> <span class='ocrx_word' id='word_1_273' title='bbox 818 2195 863 2232; x_wconf 87' lang='lat' dir='ltr'><strong>ad</strong></span> <span class='ocrx_word' id='word_1_274' title='bbox 888 2195 1167 2246; x_wconf 86' lang='lat' dir='ltr'><strong>judicationem</strong></span> <span class='ocrx_word' id='word_1_275' title='bbox 1195 2205 1344 2248; x_wconf 89' lang='lat' dir='ltr'><strong>oportet</strong></span> <span class='ocrx_word' id='word_1_276' title='bbox 1373 2196 1550 2241; x_wconf 84' lang='lat' dir='ltr'><strong>inveniri,</strong></span> <span class='ocrx_word' id='word_1_277' title='bbox 1580 2207 1803 2249; x_wconf 80' lang='lat' dir='ltr'><strong>argumenta</strong></span> 
     </span>
     <span class='ocr_line' id='line_1_31' title="bbox 411 2260 1799 2316; baseline 0.003 -20"><span class='ocrx_word' id='word_1_278' title='bbox 411 2260 612 2311; x_wconf 72' lang='lat' dir='ltr'><strong>dlligenter</strong></span> <span class='ocrx_word' id='word_1_279' title='bbox 632 2270 740 2298; x_wconf 81' lang='lat' dir='ltr'><strong>crunt</strong></span> <span class='ocrx_word' id='word_1_280' title='bbox 762 2260 924 2298; x_wconf 76' lang='lat' dir='ltr'><strong>artificio</strong></span> <span class='ocrx_word' id='word_1_281' title='bbox 945 2270 1102 2312; x_wconf 83' lang='lat' dir='ltr'><strong>reperta,</strong></span> <span class='ocrx_word' id='word_1_282' title='bbox 1134 2274 1222 2298; x_wconf 83' lang='lat' dir='ltr'><strong>cura</strong></span> <span class='ocrx_word' id='word_1_283' title='bbox 1249 2271 1286 2299; x_wconf 89' lang='lat' dir='ltr'><strong>et</strong></span> <span class='ocrx_word' id='word_1_284' title='bbox 1306 2263 1538 2314; x_wconf 88' lang='lat' dir='ltr'><strong>cogitatione</strong></span> <span class='ocrx_word' id='word_1_285' title='bbox 1564 2266 1799 2316; x_wconf 67' lang='lat' dir='ltr'><strong>pertractata,</strong></span> 
     </span>
     <span class='ocr_line' id='line_1_32' title="bbox 398 2326 1546 2379; baseline 0.004 -18"><span class='ocrx_word' id='word_1_286' title='bbox 398 2334 503 2362; x_wconf 85' lang='lat' dir='ltr'><strong>-tunc</strong></span> <span class='ocrx_word' id='word_1_287' title='bbox 525 2326 687 2376; x_wconf 78' lang='lat' dir='ltr'><strong>denique</strong></span> <span class='ocrx_word' id='word_1_288' title='bbox 709 2327 923 2364; x_wconf 65' lang='lat' dir='ltr'><strong>ordinandae</strong></span> <span class='ocrx_word' id='word_1_289' title='bbox 943 2326 1029 2364; x_wconf 88' lang='lat' dir='ltr'><strong>sunt</strong></span> <span class='ocrx_word' id='word_1_290' title='bbox 1049 2336 1191 2364; x_wconf 77' lang='lat' dir='ltr'><strong>caeterae</strong></span> <span class='ocrx_word' id='word_1_291' title='bbox 1211 2336 1332 2379; x_wconf 88' lang='lat' dir='ltr'><strong>partes</strong></span> <span class='ocrx_word' id='word_1_292' title='bbox 1351 2329 1546 2366; x_wconf 84' lang='lat' dir='ltr'><strong>orationis.</strong></span> 
     </span>
    </p>

    <p class='ocr_par' dir='ltr' id='par_1_4' title="bbox 408 2390 1800 2643">
     <span class='ocr_line' id='line_1_33' title="bbox 466 2390 1798 2441; baseline 0.003 -14"><span class='ocrx_word' id='word_1_293' title='bbox 466 2390 539 2427; x_wconf 81' lang='lat' dir='ltr'><strong>Hae</strong></span> <span class='ocrx_word' id='word_1_294' title='bbox 560 2400 680 2441; x_wconf 79' lang='lat' dir='ltr'><strong>partes</strong></span> <span class='ocrx_word' id='word_1_295' title='bbox 702 2391 761 2429; x_wconf 80' lang='lat' dir='ltr'><strong>sex</strong></span> <span class='ocrx_word' id='word_1_296' title='bbox 782 2391 851 2428; x_wconf 81' lang='lat' dir='ltr'><strong>effe</strong></span> <span class='ocrx_word' id='word_1_297' title='bbox 871 2391 1031 2429; x_wconf 87' lang='lat' dir='ltr'><strong>omnino</strong></span> <span class='ocrx_word' id='word_1_298' title='bbox 1053 2392 1163 2429; x_wconf 88' lang='lat' dir='ltr'><strong>nobis</strong></span> <span class='ocrx_word' id='word_1_299' title='bbox 1185 2393 1360 2430; x_wconf 85' lang='lat' dir='ltr'><strong>videntur</strong></span> <span class='ocrx_word' id='word_1_300' title='bbox 1379 2411 1391 2437; x_wconf 85' lang='lat'>;</span> <span class='ocrx_word' id='word_1_301' title='bbox 1422 2394 1639 2438; x_wconf 82' lang='lat' dir='ltr'><strong>exordium,</strong></span> <span class='ocrx_word' id='word_1_302' title='bbox 1672 2407 1798 2431; x_wconf 84' lang='lat' dir='ltr'><strong>narra-</strong></span> 
     </span>
     <span class='ocr_line' id='line_1_34' title="bbox 409 2456 1800 2512; baseline 0.004 -20"><span class='ocrx_word' id='word_1_303' title='bbox 409 2456 478 2500; x_wconf 82' lang='lat' dir='ltr'><strong>tio,</strong></span> <span class='ocrx_word' id='word_1_304' title='bbox 500 2456 667 2507; x_wconf 86' lang='lat' dir='ltr'><strong>partitio,</strong></span> <span class='ocrx_word' id='word_1_305' title='bbox 684 2457 939 2501; x_wconf 87' lang='lat' dir='ltr'><strong>confirmatio,</strong></span> <span class='ocrx_word' id='word_1_306' title='bbox 962 2457 1213 2510; x_wconf 87' lang='lat' dir='ltr'><strong>reprehenfi0‚</strong></span> <span class='ocrx_word' id='word_1_307' title='bbox 1235 2459 1442 2498; x_wconf 83' lang='lat' dir='ltr'><strong>conclufio.</strong></span> <span class='ocrx_word' id='word_1_308' title='bbox 1474 2460 1595 2498; x_wconf 89' lang='lat' dir='ltr'><strong>Nunc</strong></span> <span class='ocrx_word' id='word_1_309' title='bbox 1616 2460 1800 2512; x_wconf 83' lang='lat' dir='ltr'><strong>quoniam</strong></span> 
     </span>
     <span class='ocr_line' id='line_1_35' title="bbox 408 2521 1800 2580; baseline 0.005 -22"><span class='ocrx_word' id='word_1_310' title='bbox 408 2521 610 2559; x_wconf 83' lang='lat' dir='ltr'><strong>exordium</strong></span> <span class='ocrx_word' id='word_1_311' title='bbox 637 2523 811 2575; x_wconf 77' lang='lat' dir='ltr'><strong>princeps</strong></span> <span class='ocrx_word' id='word_1_312' title='bbox 843 2524 1023 2560; x_wconf 84' lang='lat' dir='ltr'><strong>omnium</strong></span> <span class='ocrx_word' id='word_1_313' title='bbox 1044 2523 1114 2561; x_wconf 79' lang='lat' dir='ltr'><strong>effe</strong></span> <span class='ocrx_word' id='word_1_314' title='bbox 1135 2524 1260 2570; x_wconf 91' lang='lat' dir='ltr'><strong>debet,</strong></span> <span class='ocrx_word' id='word_1_315' title='bbox 1293 2538 1361 2564; x_wconf 89' lang='lat' dir='ltr'><strong>nos</strong></span> <span class='ocrx_word' id='word_1_316' title='bbox 1381 2539 1536 2579; x_wconf 87' lang='lat' dir='ltr'><strong>quoque</strong></span> <span class='ocrx_word' id='word_1_317' title='bbox 1554 2526 1729 2580; x_wconf 87' lang='lat' dir='ltr'><strong>primum</strong></span> <span class='ocrx_word' id='word_1_318' title='bbox 1758 2527 1800 2564; x_wconf 75' lang='lat' dir='ltr'><strong>In</strong></span> 
     </span>
     <span class='ocr_line' id='line_1_36' title="bbox 409 2587 1250 2643; baseline 0.006 -19"><span class='ocrx_word' id='word_1_319' title='bbox 409 2587 595 2627; x_wconf 84' lang='lat' dir='ltr'><strong>rationem</strong></span> <span class='ocrx_word' id='word_1_320' title='bbox 615 2589 834 2628; x_wconf 73' lang='lat' dir='ltr'><strong>exordiendi</strong></span> <span class='ocrx_word' id='word_1_321' title='bbox 854 2599 1042 2643; x_wconf 76' lang='lat' dir='ltr'><strong>praecepta</strong></span> <span class='ocrx_word' id='word_1_322' title='bbox 1061 2590 1250 2629; x_wconf 81' lang='lat' dir='ltr'><strong>dabimus.</strong></span> 
     </span>
    </p>
   </div>
  </div>
 </body>
</html>
