2176 2912
337 313 408 352 132
658 300 771 339 DE
859 301 1410 341 ORATORE'

332 402 458 430 tamen
482 392 520 430 in
540 391 600 430 his
621 393 681 430 vel
703 392 961 445 asperitatibus
983 408 1123 439 rerum,
1155 394 1213 432 vel
1232 393 1413 446 angustiis
1434 391 1635 445 temporis,
1654 392 1738 431 obs

329 458 461 510 sequar
482 458 612 496 studiis
633 459 793 504 nostris3
825 469 876 504 et,
910 470 1100 512 quantum
1120 460 1221 498 mihi
1249 460 1308 498 vel
1328 459 1429 497 fraus
1460 459 1741 503 inimicorum,

330 524 388 561 vel
411 524 526 562 causae
547 526 775 570 amicorum,
807 526 863 563 vel
897 526 1107 578 respublica
1128 527 1272 563 tribuet
1303 526 1388 571 otii,
1420 525 1466 563 ad
1486 524 1729 562 scribendum

331 589 571 641 potiffimum
593 590 801 629 conferam.
852 592 948 629 Tibi
978 605 1079 636 vero,
1110 591 1236 636 frater,
1268 605 1392 643 neque
1412 590 1583 629 hortanti
1603 590 1727 635 deero,

330 669 456 707 neque
487 657 649 708 roganti.
688 657 794 694 Nam
824 671 947 709 neque
975 657 1197 695 auc‘toritate
1218 657 1420 709 quisquam
1439 656 1541 709 apud
1560 669 1623 694 me
1643 656 1729 709 plus

330 722 453 759 valere
474 732 510 759 te
531 722 665 774 potest,
688 736 810 774 neque
830 723 1045 760 voluntate,

387 788 439 825 II.
464 790 522 825 Ac
544 787 643 825 mihi
665 788 866 839 repetenda
885 787 937 825 est
957 788 1090 824 veteris
1111 786 1309 838 cujusdam
1330 787 1526 825 memoriae
1551 800 1627 824 non
1648 784 1746 824 sane:

332 851 416 889 satis
437 853 623 904 explicata
644 851 868 897 recordatio,
883 851 958 896 sed,
981 860 1024 889 ut
1039 852 1319 903 arbitror‚.apta
1339 852 1385 889 ad
1404 850 1458 896 id,
1476 851 1581 904 quod
1601 850 1743 902 requi-r«

332 918 396 962 ris,
430 928 472 955 ut
502 918 718 970 cognoscas,
749 932 834 970 quae
859 918 930 956 viri
961 918 1141 956 omnium
1173 917 1485 969 eloquentissimi,
1515 916 1744 955 clarissimi*

331 997 405 1036 que
427 984 603 1022 senserint
624 984 669 1021 de
690 985 797 1021 omni
819 984 962 1022 ratione
983 984 1148 1022 dicendi.
1207 984 1278 1021 Vis
1305 984 1424 1029 enim,
1453 992 1497 1022 ut
1515 982 1617 1021 mihi
1637 982 1746 1035 saepe‘

331 1050 473 1094 dixisti,
507 1050 710 1102 (quoniam
741 1064 827 1103 quae
846 1051 987 1102 pueris,
1018 1059 1083 1087 aut
1104 1048 1393 1087 adolescentulis
1414 1049 1525 1087 nobis
1551 1062 1599 1086 ex
1618 1061 1742 1086 com—

331 1115 566 1154 mentariolis
594 1115 727 1153 nostris
748 1113 927 1153 inchoata
954 1128 996 1153 ac
1031 1115 1139 1153 rudia
1159 1115 1397 1159 exciderunt,
1428 1115 1494 1152 vix
1520 1113 1592 1151 hac
1626 1121 1743 1151 aetate·

331 1183 460 1235 digna,
492 1191 529 1218 et
549 1180 624 1218 hoc
646 1181 726 1225 usu,
762 1195 879 1233 quem
899 1195 944 1218 ex
970 1181 1101 1225 caufis,
1133 1194 1224 1232 quas
1245 1181 1431 1224 diximus,
1465 1189 1522 1217 tot
1543 1179 1740 1230 tantisque,

331 1248 526 1286 consecuti
547 1248 695 1299 sumus)
726 1248 873 1300 aliquid
905 1248 1038 1285 iisdem
1061 1248 1106 1284 de
1136 1248 1247 1284 rebus
1268 1247 1427 1299 politius
1457 1259 1477 1283 a
1496 1246 1622 1290 nobiS,
1643 1258 1743 1297 perr

330 1313 542 1366 festiusque
561 1312 745 1365 proferri:
769 1313 937 1365 solesque
957 1326 1236 1364 nonnunquam
1257 1311 1327 1349 hac
1347 1312 1393 1349 de
1414 1325 1453 1349 re
1471 1325 1493 1348 a
1510 1324 1574 1349 me
1593 1311 1632 1349 in
1654 1309 1740 1348 dis-

332 1381 594 1433 putationibus
626 1379 758 1417 nostris
786 1379 989 1424 diffentire,
1021 1378 1127 1431 quod
1147 1392 1218 1431 ego
1248 1378 1628 1431 prudentiffimorum
1655 1375 1737 1415 ho-

331 1447 485 1484 minum
506 1446 651 1484 artibus
671 1446 933 1498 eloquentiam
967 1446 1158 1484 contIneri
1177 1445 1337 1483 statuam
1351 1463 1362 1490 3
1395 1454 1438 1482 tu
1463 1453 1592 1482 autem
1622 1442 1737 1480 illam

331 1513 378 1550 ab
398 1512 586 1565 elegantia
611 1512 792 1550 do&rinae
812 1512 1078 1565 segregandam
1104 1520 1235 1563 putes,
1260 1520 1298 1549 et
1318 1511 1358 1548 in
1379 1510 1549 1563 quodam
1569 1508 1744 1562 ingenii„

331 1588 445 1631 atque
464 1578 746 1616 exercitationis
766 1591 902 1630 genere
922 1577 1153 1629 ponendam.

392 1646 452 1683 Ac
472 1643 571 1682 mihi
592 1644 751 1695 quidem
772 1643 1029 1696 saepenumero
1047 1644 1087 1681 in
1109 1643 1279 1681 summos
1295 1642 1490 1687 homines,
1510 1654 1553 1679 ac
1569 1640 1730 1679 summis

332 1709 497 1763 ingeniis
519 1710 694 1763 praeditos
715 1709 894 1753 intuenti,
917 1708 1166 1761 quaerendum
1186 1707 1256 1745 effe
1276 1708 1401 1747 visum
1420 1708 1486 1753 est,
1512 1706 1608 1760 quid
1626 1706 1742 1752 effet,

332 1791 402 1816 cur
421 1777 548 1830 plnres
569 1777 609 1814 in
625 1776 807 1814 omnibus
827 1776 986 1820 artibus,
1004 1789 1122 1828 quam
1143 1775 1184 1813 in
1203 1775 1381 1820 dicendo,
1404 1774 1646 1813 admirabiles
1661 1787 1739 1811 ex-

333 1843 520 1882 stitiffent.
570 1843 690 1886 Nam,
718 1855 969 1894 quocumque
987 1851 1024 1879 te
1044 1842 1190 1887 animo,
1220 1850 1258 1879 et
1278 1842 1512 1893 cogitat-ione
1531 1849 1742 1878 converte-

334 1909 398 1953 ris,
420 1908 634 1961 permultos
653 1907 880 1945 excellentes
901 1908 941 1945 in
961 1921 1116 1959 quoque
1136 1920 1272 1959 genere
1291 1906 1453 1952 videbis,
1480 1919 1559 1944 non
1579 1906 1735 1943 medio-

334 1974 460 2012 crium
490 1974 644 2017 artium,
676 1972 738 2010 sed
767 1986 884 2025 prope
918 1972 1190 2010 maximarum.
1241 1972 1341 2023 Qis
1363 1972 1469 2010 enim
1495 1971 1561 2016 est,
1592 1970 1680 2022 qui,.
1705 1970 1733 2008 fi

335 2040 525 2078 clarorum
556 2038 765 2076 hominum
797 2038 994 2076 scientiam
1021 2051 1148 2075 rerum
1175 2037 1365 2090 gestarum
1384 2038 1443 2075 vel
1478 2035 1643 2074 utilitate
1672 2034 1740 2073 veL

336 2105 601 2158 magnitudine
632 2105 760 2142 metiri
782 2104 887 2149 velit,
918 2118 996 2142 non
1023 2111 1227 2155 anteponat
1258 2103 1396 2140 oratori
1428 2100 1730 2153 imperatorem?

335 2172 434 2219 Qis
465 2181 593 2208 autem
625 2171 790 2215 dubitet,
821 2171 915 2222 quin
945 2169 1037 2207 belli
1057 2169 1170 2206 duces
1191 2182 1237 2206 ex
1267 2167 1339 2205 hac
1360 2181 1435 2205 una
1459 2167 1612 2204 civitate
1633 2179 1731 2218 prae-

336 2237 575 2275 stantisiimos
597 2250 692 2288 pene
713 2235 1024 2279 innumerabiles,
1045 2235 1083 2271 in
1101 2234 1263 2271 dicendo
1279 2242 1407 2270 autem
1423 2232 1650 2270 excellentes
1666 2231 1733 2269 vix

336 2315 489 2357 pauCOS,
522 2301 688 2354 proferre
720 2301 936 2353 poffimus?
968 2302 1056 2351 Jam
1076 2313 1164 2337 vero
1183 2298 1355 2343 confilio,
1386 2311 1429 2336 ac
1460 2297 1639 2350 sapientia
1663 2297 1732 2349 qui

336 2382 477 2421 regere,
508 2382 550 2405 ac
576 2367 785 2420 gubernare
807 2366 1086 2418 rempublicam
1108 2364 1267 2417 poffent,
1299 2364 1414 2402 multi
1435 2363 1572 2408 nostra,
1603 2363 1731 2415 plures

337 2445 489 2489 patrum
511 2435 711 2478 memoria,
734 2443 848 2485 atque
867 2433 985 2470 etiam
1010 2433 1213 2483 majorum,
1235 2431 1485 2475 exstiterunt3
1519 2443 1611 2468 curn
1640 2429 1732 2467 boni

336 2502 469 2554 perdiu
487 2500 598 2544 nulli,
616 2501 678 2538 vix
699 2508 828 2536 autem
850 2498 1005 2551 singulis
1023 2498 1194 2536 aetatibus
1208 2497 1345 2550 singuli
1359 2496 1587 2541 tolerabiles,
1604 2504 1731 2533 orato-

337 2580 392 2606 res
411 2567 682 2604 invenirentur.
707 2567 780 2609 Ac,
799 2578 845 2602 ne
866 2565 951 2616 quis
972 2563 1070 2601 forte
1086 2577 1178 2601 cum
1194 2563 1276 2600 aliis
1294 2563 1439 2607 studiis,
1457 2575 1541 2614 quae
1554 2561 1731 2599 recondi-

336 2634 384 2672 tis
402 2633 441 2671 in
453 2632 612 2676 artibus,
627 2639 741 2683 atque
754 2631 792 2669 in
808 2630 971 2683 quadam
988 2630 1165 2668 varietate
1179 2629 1375 2670 literarum
1391 2627 1596 2673 versentur,
1610 2626 1732 2680 magis
