2176 2912
699 163 1410 205 ORATORIBUS,
1692 172 1769 223 369

363 257 562 301 oratorius,
594 269 670 294 non
691 257 872 301 scurrilis,
894 256 999 308 lepos
1020 271 1029 294 :
1062 256 1200 294 Latine
1221 257 1405 309 loquendi
1425 271 1613 305 accurata,
1635 271 1673 300 et
1694 264 1770 302 fine

362 323 536 360 molestia
556 321 719 372 diligens
740 321 950 373 eleganti-a:
983 322 1022 358 in
1044 321 1254 359 differendo
1281 323 1377 361 mira
1411 325 1643 377 explicatio:
1676 341 1769 366 cum

361 388 409 425 de
423 389 509 439 jure
528 387 647 431 civili,
669 401 761 424 cum
782 387 828 424 de
845 400 953 439 aequo
972 397 1010 425 et
1030 387 1134 425 bono
1155 387 1422 440 disputaretur,
1451 402 1768 443 argumentorum

358 463 399 490 et
419 453 720 490 fimilitudinum
742 454 866 506 copia.

419 519 612 557 XXXIX.
643 519 763 564 Nam,
787 529 829 557 ut
850 520 1045 558 AntoniUs
1066 521 1285 573 conjedstura
1304 521 1506 566 movenda,
1528 532 1592 560 aut
1613 524 1771 562 sedanda

364 585 590 638 suspicione,
612 594 677 622 aut
697 585 910 630 excitanda,
928 586 1197 624 incredibilem
1214 588 1295 625 vim
1316 586 1481 625 habebat
1493 607 1504 632 5
1529 588 1578 626 fic
1591 589 1631 627 in
1649 591 1769 628 inter-

364 651 564 703 pretando,
582 652 621 688 in
643 651 875 696 definiendo,
898 652 937 689 in
953 652 1178 705 explicanda
1205 654 1396 705 aequitate‚
1425 653 1524 691 nihil
1545 665 1624 693 erat
1644 656 1774 694 Craffo

365 718 554 770 copiofius
567 736 580 762 ς
612 717 729 769 idque
748 731 841 756 cum
862 718 957 770 saepe
976 718 1079 763 alias,
1112 728 1197 756 tum
1217 720 1317 773 apud
1340 721 1612 759 centumviros
1632 723 1673 760 in
1694 722 1771 760 M'.

366 784 477 821 Curii
497 784 606 821 causa
624 785 829 836 cognitum
858 785 924 823 est.
971 786 1031 823 Ita
1055 785 1162 823 enim
1182 787 1307 824 multa
1328 794 1414 824 tum
1433 796 1566 826 contra
1586 787 1774 841 scriptum

364 863 434 902 pro
455 864 564 902 aequo
584 858 622 887 et
652 850 754 888 bono
774 850 888 895 dixit,
920 859 964 888 ut
994 849 1198 889 hominem
1225 853 1500 898 acutiffimum,
1533 855 1601 906 Q
1621 857 1772 893 Scaevo-

363 915 457 960 lam,
487 925 526 953 et
546 916 586 952 in
604 916 704 967 jure,
736 916 776 953 in
806 930 884 968 quo
903 916 969 953 illa
988 916 1097 954 causa
1126 918 1354 963 vertebatur,
1385 919 1677 971 paratiffimum,
1698 921 1772 959 ob-

364 990 489 1020 rueret
509 991 827 1034 argumentorum
847 983 1194 1036 exemplorumque
1220 983 1355 1038 copia&
1387 994 1501 1037 atque
1524 986 1577 1024 ita
1606 995 1691 1025 tum
1725 987 1775 1025 ab

363 1046 426 1086 his
447 1048 616 1101 patronis
637 1048 862 1100 aequalibus,
893 1049 1012 1087 etiam
1033 1049 1321 1095 Consularibus,
1356 1051 1465 1089 causa
1484 1051 1551 1090 illa
1576 1052 1677 1091 dieta
1705 1053 1774 1098 est,

367 1127 461 1151 cum
482 1121 642 1165 uterque
662 1127 709 1151 ex
729 1114 917 1152 contraria
935 1123 1040 1167 parte
1053 1116 1118 1167 jus
1138 1116 1252 1154 civile
1268 1116 1502 1162 defenderet,
1524 1127 1568 1156 ut
1587 1119 1774 1171 eloquen-

367 1179 822 1231 tiumjurisperitiffimus
838 1180 1318 1234 Craffus,jurisperitorum
1330 1183 1663 1235 eloquentiffimus
1673 1186 1774 1223 Scae—

365 1246 465 1290 vola,
487 1255 687 1298 putaretur
705 1260 713 1283 ;
745 1247 814 1298 qui
835 1246 995 1299 quidem
1025 1261 1118 1284 cum
1138 1258 1340 1300 peracutus
1361 1248 1450 1287 effet
1481 1250 1527 1287 ad
1547 1251 1773 1303 excogitan-

365 1311 477 1356 dum,
510 1311 605 1363 quid
625 1311 665 1348 in
680 1312 781 1363 jure,
810 1321 875 1350 aut
895 1312 936 1350 in
956 1326 1066 1365 aequo
1086 1326 1221 1351 verum
1244 1323 1309 1352 aut
1334 1314 1437 1359 effet,
1468 1324 1533 1353 aut
1562 1329 1640 1354 non
1669 1315 1773 1361 esset,

367 1386 455 1416 tum
486 1378 610 1415 verbis
632 1387 710 1416 erat
730 1378 776 1416 ad
803 1392 886 1417 rem
906 1393 998 1417 cum
1020 1379 1170 1418 summa
1189 1380 1372 1419 brevitate
1397 1381 1627 1420 mirabiliter
1646 1393 1773 1435 aptus.

369 1445 499 1496 Qare
535 1444 579 1482 fit
600 1444 710 1482 nobis
742 1454 866 1483 orator
886 1445 926 1483 in
959 1445 1035 1484 hoc
1067 1447 1355 1499 interpretandi,
1384 1447 1706 1501 explanandique,
1737 1457 1777 1487 et

365 1510 568 1549 differendi
584 1524 722 1564 genere
743 1512 945 1557 mirabilis,
964 1512 1013 1550 fic
1036 1521 1078 1550 ut
1094 1513 1216 1550 fimile
1236 1512 1336 1550 nihil
1357 1513 1519 1551 viderim
1532 1533 1545 1558 ;
1567 1515 1608 1552 in
1629 1528 1775 1567 augen-

367 1577 434 1621 do,
456 1577 497 1615 in
517 1577 700 1621 ornando,
719 1577 758 1614 in
775 1576 985 1615 refellendo
1006 1578 1128 1630 magis
1145 1578 1381 1617 existimator
1395 1580 1642 1625 metuendus,
1658 1594 1777 1633 quam

366 1642 614 1681 admirandus
635 1652 773 1681 orator,
820 1644 967 1681 Verum
989 1644 1035 1681 ad
1056 1644 1230 1682 Crafl'um
1250 1653 1496 1683 revertamur.

423 1710 512 1748 XL.
536 1711 646 1747 Tum
668 1711 823 1754 Brutus,
847 1710 927 1747 Etfi
946 1710 1045 1755 satis,
1064 1711 1206 1763 inquit,
1230 1711 1330 1749 mihi
1352 1712 1505 1750 videbar
1524 1710 1664 1750 habere
1679 1727 1775 1766 cog—

369 1775 500 1813 nitum
523 1775 729 1813 Scaevolam
749 1788 796 1812 ex
818 1776 863 1813 iis
886 1776 1013 1820 rebus,
1028 1789 1121 1828 quas
1142 1777 1345 1815 audiebam
1366 1778 1460 1830 saepe
1478 1791 1524 1816 ex
1542 1779 1589 1816 C.
1606 1779 1775 1824 Rutilio,

370 1854 452 1892 quo
484 1840 663 1878 utebatur
682 1849 838 1892 propter
868 1840 1172 1880 familiaritatem
1200 1844 1374 1882 Scaevolae
1394 1844 1524 1889 nostri,
1557 1853 1685 1882 tamen
1711 1845 1778 1883 ista

371 1906 471 1945 mihi
492 1907 573 1959 ejus
595 1906 745 1944 dicendi
769 1916 871 1945 tanta
892 1907 971 1946 laus
994 1917 1082 1945 nota
1102 1922 1178 1946 non
1199 1918 1290 1947 erat.
1335 1911 1467 1961 Itaque
1491 1911 1577 1961 cepi
1598 1911 1776 1963 volupta-

371 1981 467 2016 tem,
500 1980 578 2009 tam
600 1981 779 2010 ornatum
800 1973 943 2019 virum,
976 1982 1132 2026 tamque
1163 1974 1354 2012 excellens
1378 1975 1579 2026 ingenium
1600 1974 1708 2013 fuiffe
1736 1977 1776 2015 in

369 2038 494 2077 nostra
516 2039 725 2091 republica.

428 2105 509 2143 Hic
530 2120 614 2157 ego,
646 2105 758 2150 Noli,
792 2105 965 2159 inquam,
996 2108 1125 2152 Brute,
1157 2106 1464 2152 existi1na1‘e,his
1487 2108 1637 2146 duobus
1659 2108 1776 2161 quid-

371 2184 492 2222 quam
512 2169 622 2208 fuiffe
653 2172 692 2208 in
715 2171 837 2210 nostra
856 2172 1010 2210 civitate
1031 2173 1281 2225 praestantius.
1328 2175 1449 2218 Nam,
1484 2183 1526 2211 ut
1546 2174 1661 2226 paulo
1691 2184 1777 2212 ante

372 2236 468 2280 dixi,
519 2237 782 2275 consultorum
817 2238 979 2276 alterum
1014 2239 1314 2284 disertiffimum‚
1350 2239 1577 2278 disertorum
1611 2240 1775 2278 alterum

373 2301 699 2340 consultissimum
721 2302 854 2348 fuiffe3
877 2304 925 2342 fic
942 2305 981 2342 in
1002 2305 1159 2357 reliquis
1178 2306 1288 2344 rebus
1310 2307 1362 2344 ita
1377 2306 1575 2344 dissimiles
1592 2314 1697 2344 erant
1712 2306 1775 2342 in·-

376 2377 433 2405 ter
454 2367 539 2412 sese,
558 2368 713 2406 statuere
734 2378 776 2406 ut
793 2379 920 2408 tamen
937 2385 1013 2410 non
1036 2372 1170 2424 posseS,
1188 2373 1310 2410 utrius
1330 2361 1365 2410 te
1383 2373 1514 2411 malles
1536 2371 1772 2409 fimiliorem.

374 2432 525 2471 Crassus
558 2442 635 2471 erat
655 2434 890 2486 elegantium
921 2437 1158 2488 parciffimus
1172 2455 1184 2481 ς
1217 2438 1381 2475 Scaevola
1401 2450 1601 2490 parcorum
1621 2435 1775 2487 elegan-

373 2498 555 2537 tiffimus.
615 2500 766 2539 Craffus
797 2501 837 2540 in
858 2501 1009 2541 summa
1029 2503 1211 2542 comitate
1240 2501 1405 2551 habebat
1435 2503 1551 2541 etiam
1571 2500 1774 2539 severitatis

432 2566 569 2606 TOM.
601 2566 634 2607 I.
1296 2570 1333 2607 A
1353 2582 1373 2606 a
1392 2582 1412 2606 a
