2176 2912
384 294 459 333 134
735 280 849 318 DE
926 280 1431 319 ORAToRE

374 374 478 412 tibus
497 372 686 417 inservire,
706 382 772 410 aut
790 374 933 425 majore
953 373 1216 418 delefftatione,
1232 382 1296 411 aut
1312 372 1375 426 spe
1396 372 1581 418 uberiore,
1596 382 1661 411 aut
1680 387 1778 426 prae-

374 441 463 479 miis
484 440 530 477 ad
549 439 841 492 perdiscendum
863 440 1130 493 amplioribu8‚
1146 440 1398 479 commoveri.
1432 441 1576 492 Atque,
1595 449 1638 478 ut
1657 441 1778 479 omit-

374 515 453 544 tam
475 506 681 551 Graeciam,
701 520 784 558 quae
801 505 947 558 semper
972 507 1200 558 eloquentiae
1221 506 1398 559 princeps
1415 505 1485 543 effe
1502 506 1640 551 voluit,
1662 515 1777 558 atque

375 572 458 610 illas
478 572 658 609 omnium
677 572 938 610 dominarum
960 572 1189 611 inventrices
1206 571 1393 617 Athenas,
1416 572 1454 609 in
1471 572 1612 623 quibus
1631 572 1781 611 summa

375 638 527 675 dicendi
547 638 601 675 vis
623 647 660 675 et
693 638 847 675 inventa
866 638 932 682 est,
965 647 1002 675 et
1036 637 1214 691 perfefta,
1246 639 1286 676 in
1307 636 1378 676 hac
1414 637 1491 691 ipsa
1512 638 1666 676 civitate
1688 653 1778 691 pro-

375 703 476 741 feno
496 703 601 741 nulla
615 717 788 755 unquam
807 702 1089 748 vehementius,
1108 717 1224 754 quam
1240 704 1484 755 eloquentiae,
1503 703 1625 742 studia
1643 704 1778 756 vigue-

380 779 482 808 runt.
534 770 639 808 Nam
661 769 920 822 posteaquam,
954 769 1118 821 imperio
1138 770 1319 807 omnium
1350 770 1528 821 gentium
1554 769 1778 814 constituto,

376 837 606 874 diuturnitas
640 836 742 888 pacis
774 836 901 873 otium
936 835 1194 881 confirmavit,
1225 849 1342 874 nemo
1361 833 1439 873 fere
1472 835 1594 874 laudis
1616 837 1785 889 cupidus

377 902 591 940 adolescens
612 916 689 939 non
711 902 781 940 fibi
801 902 846 940 ad
866 902 1077 941 dicendum
1096 902 1220 940 studio
1239 902 1350 940 omni
1369 902 1598 941 enitendum
1615 903 1778 956 putavit.

376 971 435 1006 Ac
456 970 582 1020 primo
603 968 763 1020 quidem
785 969 902 1006 totius
924 969 1080 1007 rationis
1102 969 1238 1021 ignari,
1261 968 1329 1020 qui
1350 982 1474 1020 neque
1495 970 1781 1007 exercitationis

376 1036 497 1073 ullam
518 1036 634 1079 viam,
667 1049 791 1086 neque
821 1035 979 1087 aliquod
1004 1045 1241 1088 praeceptum
1267 1035 1357 1074 artis
1387 1034 1459 1073 effe
1490 1036 1779 1080 arbitrarentur,

375 1109 542 1145 tantum,
564 1110 756 1152 quantum
776 1101 933 1154 ingenio
953 1111 991 1138 et
1011 1102 1244 1154 cogitatione
1264 1110 1454 1154 poterant,
1488 1102 1777 1154 consequeban-

378 1176 452 1205 tur.
499 1166 587 1204 Post
607 1175 749 1211 autem,
781 1167 920 1205 auditis
950 1167 1164 1206 oratoribus
1187 1168 1348 1212 Graecis,
1380 1167 1623 1220 cognitisque
1644 1181 1780 1206 eorum

375 1232 510 1277 literis,
541 1232 800 1285 adhibitisque
820 1233 1054 1278 do&oribus‚
1082 1234 1302 1272 incredibili
1322 1234 1492 1286 quodam
1509 1233 1624 1271 nostri
1645 1232 1779 1272 homi-

381 1312 447 1337 nes
468 1299 620 1337 dicendi
640 1299 764 1337 studio
784 1299 1051 1352 flagraverunt.
1098 1300 1305 1338 Excitabat
1325 1313 1388 1337 eos
1409 1299 1638 1352 magnitudo
1658 1308 1697 1337 et
1714 1313 1780 1338 va-

379 1366 503 1411 rietas,
522 1366 812 1418 multitudoque
831 1367 871 1404 in
891 1367 1001 1405 omni
1021 1380 1157 1419 genere
1177 1366 1388 1411 causarum,
1405 1376 1447 1404 ut
1467 1367 1512 1404 ad
1533 1380 1618 1405 eam
1635 1366 1780 1405 destri-

378 1445 483 1477 nam,
514 1446 632 1485 quam
653 1432 719 1470 suo
747 1433 909 1485 quisque
928 1433 1053 1472 studio
1070 1433 1254 1471 assecutus
1272 1433 1376 1478 esset,
1397 1433 1668 1485 adjungeretur
1693 1432 1779 1471 usus

378 1497 572 1551 frequens,
603 1499 672 1551 qui
705 1499 886 1537 omnium
907 1499 1177 1552 magistrorum
1198 1508 1386 1553 praecepta
1406 1499 1608 1552 superaret.
1660 1499 1782 1536 Erant

378 1575 508 1603 autem
528 1564 620 1603 huie
640 1565 764 1603 studio
779 1566 963 1610 maxima,
979 1580 1062 1618 quae
1083 1580 1187 1603 nunc
1203 1580 1358 1617 quoque
1379 1565 1480 1610 sunt,
1497 1566 1664 1618 expofita
1682 1579 1780 1618 prae-

380 1631 473 1676 mia,
503 1631 561 1668 vel
595 1631 641 1668 ad
660 1631 836 1682 gratiam,
868 1631 926 1668 vel
947 1631 993 1668 ad
1013 1645 1118 1684 opes,
1151 1632 1209 1669 vel
1240 1632 1286 1669 ad
1318 1631 1561 1684 dignitatem.
1622 1632 1782 1684 Ingenia

380 1710 470 1735 vero
501 1697 563 1749 (ut
583 1697 716 1735 multis
738 1697 849 1734 rebus
881 1697 1076 1749 poffumus
1103 1697 1293 1748 judicare)
1326 1697 1541 1735 nostrorum
1571 1696 1782 1735 hominum

379 1763 553 1802 multum
573 1763 716 1801 caeteris
737 1761 964 1801 hominibus
981 1764 1161 1802 omnium
1177 1764 1354 1816 gentium
1375 1764 1643 1816 praestiterunt.
1676 1765 1781 1816 Qi-

381 1830 453 1868 bus
472 1830 519 1867 de
537 1830 669 1874 caufis,
690 1830 776 1882 quis
798 1843 874 1868 non
889 1831 977 1882 jure
997 1831 1172 1874 miretur,
1194 1844 1241 1868 ex
1261 1831 1370 1868 omni
1391 1831 1580 1868 memoria
1610 1839 1780 1875 aetaturn,

383 1904 620 1947 temporum,
652 1895 868 1940 civitatum,
900 1905 978 1933 tam
1000 1896 1186 1947 exiguum
1207 1905 1404 1934 oratorum
1432 1910 1641 1934 numerum
1672 1897 1781 1934 inve-

383 1962 457 2000 niri
475 1963 487 1999 ?
520 1962 590 2000 Sed
610 1962 799 2001 nimirum
819 1963 942 2014 majus
963 1963 1014 2000 est
1034 1961 1109 2000 hoc
1129 1962 1329 2015 quiddam,
1362 1977 1479 2016 quam
1499 1962 1678 2002 homines
1695 1963 1782 2016 opi-

384 2038 534 2073 nantur,
557 2038 594 2066 et
615 2029 790 2081 pluribus
811 2043 857 2067 ex
874 2030 1015 2067 artibus
1036 2029 1242 2081 studiisque
1261 2030 1485 2068 collectum.

410 2095 460 2132 V.
480 2096 580 2146 Qis
601 2096 707 2134 enim
727 2095 832 2134 aliud
851 2096 893 2134 in
911 2096 1080 2134 maxima
1095 2095 1325 2133 discentium
1347 2096 1613 2140 multitudine,
1632 2095 1783 2133 summ&⁴

383 2161 652 2212 magistrorum
683 2162 806 2214 copia,
838 2161 1146 2214 praestantiffimis
1181 2160 1390 2199 hominum
1422 2162 1600 2214 ingeniis,
1632 2161 1784 2200 infinita

383 2227 582 2266 causarum
614 2229 806 2273 varietate,
837 2227 1077 2280 ampliffimis
1106 2227 1334 2280 eloquenti-az
1370 2228 1568 2281 propositis
1600 2229 1782 2281 praemiis,

385 2293 455 2331 effe
475 2294 591 2332 causae
612 2304 735 2346 putet,
766 2295 834 2332 nifi
868 2295 922 2331 rei
942 2296 1134 2346 quandam
1171 2294 1437 2332 incredibilem
1472 2294 1784 2347 magnitudinem

388 2374 428 2397 ac
461 2360 761 2398 difficultatem?
808 2360 875 2398 Est
894 2360 998 2398 enim
1030 2370 1068 2397 et
1098 2359 1255 2398 scientia,
1271 2359 1629 2413 comprehendenda
1656 2375 1783 2399 rerum

389 2426 658 2477 plurimarum,
690 2426 766 2465 fine
786 2439 863 2478 qua
881 2427 1091 2464 verborum
1106 2427 1324 2464 volubilitas
1346 2427 1465 2464 inanis
1486 2436 1600 2479 atque
1621 2428 1783 2465 irriden-

388 2493 434 2529 da
466 2492 516 2529 est
532 2510 543 2537 ς
586 2502 623 2530 et
654 2492 735 2544 ipsas
763 2493 884 2530 oratio
916 2491 1191 2531 conformanda
1220 2507 1298 2531 non
1334 2493 1459 2531 solum
1493 2494 1690 2538 electione,
1722 2493 1787 2532 sed

387 2559 503 2596 etiam
519 2558 818 2603 construetione,
828 2559 1040 2597 verborum
1047 2577 1061 2604 ς
1081 2567 1118 2596 et
1134 2572 1268 2597 omnes
1286 2560 1505 2598 animorum
1526 2570 1670 2605 motus,
1687 2572 1783 2612 quos

386 2624 595 2663 hominum
609 2625 737 2677 generi
754 2638 882 2663 rerum
898 2634 1031 2664 natura
1051 2625 1201 2671 tribuit,
1224 2626 1378 2678 penitus
1394 2626 1656 2679 pernoscendi,
1677 2625 1783 2679 quiid
