2176 2912
428 205 504 258 308
781 206 893 244 DE
972 205 1477 244 ORATORE

425 299 584 337 amicus.-
615 297 720 343 alter,
749 311 856 344 cum,
891 299 984 351 quid
1004 298 1148 351 praestet
1167 298 1273 337 aliud
1291 298 1369 343 alii,
1409 296 1614 350 quaeritur;
1647 297 1823 344 utillud,

428 365 634 417 Optimine
654 365 837 417 cujusque
858 365 1054 418 sapientes,
1087 379 1132 402 an
1154 365 1343 418 populari,
1372 364 1482 402 laude
1511 364 1712 403 ducantur.
1744 366 1821 403 At-

425 443 501 481 que
531 443 583 467 eae
614 430 770 482 quidem
802 430 1104 482 disceptationes,
1136 444 1221 482 quae
1241 430 1286 468 ad
1306 430 1571 482 cognitionem
1591 420 1820 474 referuntur,

427 495 477 533 fic
498 494 576 533 fere
593 509 613 533 a
633 496 854 534 doffiffimis
874 496 1100 534 hominibus
1121 496 1398 534 describuntur.

481 562 613 599 XXX.
647 563 744 613 Qae
763 575 851 600 vero
872 561 1085 599 referuntur
1103 562 1149 599 ad
1168 562 1376 614 agendum,
1390 571 1454 599 aut
1475 562 1513 599 in
1534 561 1652 599 officii
1672 561 1820 614 discep‘-
1871 551 1875 552 ⁷

424 628 568 665 tatione
588 628 790 672 versantur,
819 642 896 679 quo
916 628 954 664 in
982 641 1132 679 genere,
1162 628 1257 679 quid
1277 629 1424 665 restam
1444 627 1741 679 faciendumque
1760 627 1819 671 sit,

425 694 608 745 quaeritur
622 712 634 737 5
666 694 730 731 cui
750 693 835 730 loco
855 694 981 731 omnis
1003 694 1207 737 virtutum,
1228 702 1266 730 et
1285 694 1469 730 vitiorum
1490 692 1542 729 est
1562 692 1650 729 filva
1670 692 1820 743 subjec-

425 768 465 798 ta
480 778 493 804 3
524 769 588 797 aut
619 760 659 796 in
690 760 908 796 animorum
939 759 1065 811 aliqua
1089 759 1329 811 permotione
1355 768 1419 796 aut
1438 758 1642 811 gignenda,
1672 766 1736 796 aut
1765 757 1819 795 se-

424 824 560 868 danda,
583 824 796 862 tollendave
815 827 1033 863 traffitantur.
1066 825 1173 863 Huic
1193 825 1322 877 generi
1342 824 1516 876 subjedtae
1536 824 1623 862 sunt
1642 822 1821 862 cohorta-

424 890 562 936 tiones,
596 891 893 944 objurgationes,
926 891 1215 936 consolationes,
1248 891 1518 936 miserationes,
1553 890 1755 942 omnisque
1774 889 1821 928 ad

423 969 582 995 omnem
602 957 722 994 animi
742 966 896 995 motum
917 967 954 995 et
972 957 1167 1009 impulfio,
1187 966 1238 1002 et,
1260 957 1286 994 fi
1307 958 1360 995 ita
1379 971 1436 994 res
1455 956 1564 1001 feret,
1586 956 1794 1008 mitigatio.

479 1022 693 1075 Explicatis
723 1023 842 1075 igitur
861 1021 921 1061 his
940 1023 1142 1076 generibus
1176 1036 1218 1060 ac
1239 1023 1364 1060 modis
1385 1022 1704 1074 disceptationum
1730 1035 1818 1060 om-

425 1088 550 1133 nIum‚
571 1088 670 1126 nihil
690 1088 775 1126 sane
794 1090 839 1127 ad
859 1103 938 1127 rem
959 1090 1137 1142 pertinet,
1165 1089 1191 1126 fi
1212 1103 1286 1141 qua
1306 1090 1346 1126 in
1366 1102 1404 1126 re
1424 1088 1645 1140 discrepavit
1666 1088 1712 1125 ab
1732 1090 1820 1125 An-

423 1154 521 1192 tonii
551 1154 732 1192 divisione
765 1156 888 1193 nostra
922 1155 1088 1208 partitio.
1148 1154 1294 1192 Eadem
1328 1155 1433 1192 enim
1465 1154 1551 1191 sunt
1584 1153 1760 1191 membra
1778 1153 1821 1191 in

423 1221 594 1273 utrisque
623 1221 957 1273 disputationibus,
994 1221 1053 1258 sed
1073 1221 1188 1274 paulo
1208 1220 1312 1258 secus
1345 1235 1365 1258 a
1395 1234 1472 1265 me,
1503 1228 1616 1272 atque
1655 1220 1701 1257 ab
1734 1219 1818 1265 illo,

421 1287 560 1338 partita
575 1300 616 1325 ac
632 1287 843 1326 distributa.
864 1288 984 1326 Nunc
1000 1288 1045 1325 ad
1060 1288 1206 1340 reliqua
1220 1288 1450 1340 progrediar,
1468 1300 1607 1338 meque
1627 1286 1672 1324 ad
1686 1300 1820 1325 meum

422 1365 565 1391 munus
596 1353 834 1406 pensumque
856 1354 1054 1395 revocabo.
1095 1354 1204 1392 Nam
1224 1367 1270 1392 ex
1290 1354 1366 1392 illis
1387 1354 1495 1398 locis,
1531 1367 1627 1405 quos
1647 1352 1820 1405 exposuit

423 1419 631 1463 Antonius,
659 1419 789 1456 omnia
809 1419 895 1458 sunt
914 1419 960 1457 ad
980 1433 1141 1472 quaeque
1160 1432 1297 1472 genera
1324 1419 1576 1471 quaestionum
1597 1425 1820 1470 argumenta

423 1483 604 1521 sumenda
622 1499 629 1521 :
663 1484 723 1521 sed
744 1484 825 1522 aliis
845 1485 1048 1536 generibus
1068 1485 1133 1522 alii
1152 1485 1227 1523 loci
1248 1486 1370 1537 magis
1399 1493 1510 1523 erunt
1528 1484 1606 1536 apti
1621 1502 1634 1529 3
1665 1483 1711 1520 de
1740 1496 1818 1535 quo

422 1562 500 1585 non
522 1558 600 1587 tam
620 1550 709 1602 quia
728 1549 892 1602 longum
911 1550 976 1594 est,
1009 1563 1124 1601 quam
1146 1550 1236 1602 quia
1256 1550 1513 1604 perspicuum,
1547 1550 1623 1587 dici
1646 1548 1745 1587 nihil
1765 1549 1818 1587 est

421 1613 576 1652 necesse.

477 1680 733 1719 Ornatiffimae
766 1681 853 1719 sunt
879 1682 995 1733 igitur
1015 1682 1201 1720 orationes
1222 1695 1286 1727 eae,
1319 1696 1404 1734 quae
1424 1681 1599 1719 latiffime
1618 1689 1815 1733 vagantur,

422 1754 459 1783 et
491 1759 510 1783 a
529 1747 674 1798 privata
693 1760 734 1784 ac
766 1746 944 1799 fingulari
978 1747 1228 1785 controverfia
1247 1747 1281 1784 se
1312 1747 1357 1785 ad
1381 1747 1538 1784 universi
1559 1747 1705 1798 generis
1735 1746 1817 1784 vim

422 1812 687 1864 explicandam
708 1811 911 1850 conferunt
931 1822 968 1850 et
997 1822 1237 1857 convertunt,
1269 1823 1310 1851 ut
1330 1813 1372 1858 ii,
1392 1813 1459 1865 qui
1480 1812 1648 1857 audiant,
1671 1821 1816 1856 natura,

421 1887 459 1915 et
477 1892 627 1933 genere,
648 1888 685 1916 et
708 1879 875 1916 universa
894 1893 931 1916 re
951 1880 1117 1932 cognita,
1149 1880 1195 1917 de
1214 1879 1369 1932 singulis
1392 1881 1476 1923 reis,
1507 1888 1545 1917 et
1573 1878 1815 1923 criminibus,

421 1951 457 1979 et
480 1943 627 1987 litibus,
651 1943 806 1981 statuere
826 1944 979 1996 poffint.
1003 1946 1116 1983 Hanc
1133 1946 1178 1982 ad
1198 1945 1514 1983 consuetudinem
1532 1943 1814 1981 exercitationis

422 2022 501 2052 vos,
535 2009 800 2054 adolescentes,
833 2010 884 2047 est
913 2010 1133 2049 cohortatus
1154 2011 1362 2055 Antonius,
1393 2019 1506 2061 atque
1526 2023 1546 2046 a
1565 2009 1725 2046 minutis
1745 2022 1814 2045 an-

421 2073 610 2126 gustisque
643 2076 990 2113 concertationibus
1025 2077 1070 2114 ad
1105 2090 1262 2113 omnem
1296 2076 1391 2119 vim,
1422 2075 1717 2125 varietatemque
1747 2086 1813 2111 vos

423 2137 619 2176 differendi
642 2140 890 2178 traducendos
910 2142 1071 2192 putavit.
1116 2142 1243 2193 Qare
1262 2154 1338 2178 non
1359 2140 1411 2177 est
1429 2153 1638 2192 paucorum
1659 2138 1813 2176 libello-—

423 2219 509 2242 rum
530 2204 604 2242 hoc
625 2220 780 2250 munus,
818 2216 858 2243 ut
880 2207 919 2250 ii,
942 2207 1008 2258 qui
1030 2207 1254 2259 scripserunt
1274 2207 1320 2244 de
1340 2206 1490 2244 dicendi
1518 2207 1674 2250 ratione,
1710 2205 1813 2243 arbi—

423 2271 509 2308 trati
529 2271 628 2315 sunt,
665 2285 787 2323 neque
807 2272 1031 2317 Tusculani,
1060 2281 1173 2324 atque
1192 2272 1306 2324 hujus
1336 2272 1607 2310 ambulationis
1639 2280 1812 2308 anteme-

421 2336 588 2381 ridianae,
630 2347 694 2374 aut
729 2337 860 2375 nostrie
894 2339 1162 2390 pomeridianae
1197 2338 1372 2378 seffioniS.
1420 2338 1513 2376 Non
1548 2338 1654 2375 enim
1688 2336 1814 2374 solum

421 2403 588 2439 acuenda
614 2403 739 2448 nobis,
771 2417 894 2456 neque
928 2403 1170 2456 procudenda
1199 2404 1330 2456 lingua
1359 2404 1438 2449 est3
1470 2403 1532 2442 sed
1561 2402 1810 2447 onerandum,

421 2468 775 2521 complendumque
808 2472 939 2522 peetus
960 2471 1215 2509 maximarum
1237 2483 1363 2508 rerum
1389 2480 1426 2508 et
1451 2470 1706 2524 plurimarum
1728 2468 1811 2506 sua-

423 2534 549 2580 vitate,
571 2535 693 2588 copia,
715 2537 904 2575 varietate.
