2176 2912
593 141 913 183 LIBER
988 139 1477 182 TERTIUS.
1660 160 1732 200 301

337 236 445 275 aliter
464 235 511 275 ab
531 235 591 281 iis,
623 236 706 288 qui,
727 234 894 288 ipsarum
914 234 1056 272 artium
1077 235 1238 272 trastatu
1257 234 1447 280 delectati,
1478 235 1577 275 nihil
1605 238 1644 276 in
1661 240 1739 277 vita

335 303 424 341 sunt
443 301 546 340 aliud
566 302 699 339 asturi.
741 300 927 352 Magister
946 299 1011 338 hic
1029 301 1262 339 Samnitium
1282 301 1433 339 summa
1446 303 1529 354 jam
1549 303 1738 343 senectute

335 368 401 413 est,
431 377 468 405 et
498 366 671 419 quotidie
700 374 1014 404 commentatur:
1047 365 1145 404 nihil
1166 367 1272 405 enirn
1292 376 1399 405 curat
1423 368 1541 407 aliud.
1600 373 1655 408 At
1682 372 1750 424 Q

335 433 518 471 Velocius
538 446 633 485 puer
652 432 881 470 addidicerat
899 447 907 470 :
939 432 1001 470 sed
1022 433 1125 484 quod
1146 443 1225 472 erat
1244 443 1354 486 aptus
1384 433 1431 472 ad
1451 434 1563 480 illud,
1587 445 1735 475 totum-

334 507 497 552 tumque
516 508 713 551 cognorat,
734 497 823 544 fuit,
846 507 889 537 ut
908 498 960 536 est
979 498 1080 551 apud
1101 500 1318 545 Lucilium,

910 565 1074 618 quamvis
1092 565 1201 604 bonus
1219 567 1286 619 ipſs’

473 632 613 671 Samnis
633 631 670 670 in
689 630 767 669 ludo
786 644 828 669 ac
847 630 1007 676 rudibus,
1039 632 1129 670 civis
1133 633 1232 685 stztis
1250 633 1353 686 asper
1364 649 1377 671 .-

334 697 396 736 sed
426 698 513 751 plus
547 711 670 752 operae
700 696 785 736 foro
818 697 1025 742 tribuebat,
1056 699 1204 743 amicis,
1237 700 1290 737 rei
1320 698 1514 738 familiari.
1560 700 1734 739 Valerius

334 764 508 816 quotidie
538 764 738 808 cantabat,
770 773 847 802 erat
877 764 984 802 enim
1016 764 1209 804 scenicus:
1243 766 1337 818 quid
1357 765 1496 804 faceret
1515 766 1650 804 aliud?
1682 769 1737 806 At

335 829 550 868 Numerius
571 830 726 873 Furius,
763 829 885 866 noster
904 827 1117 874 famil-iaris,
1146 844 1239 868 cum
1258 831 1311 868 est
1336 831 1607 876 commodum,
1643 846 1735 870 can-

333 903 413 939 tat;
445 895 497 932 est
525 895 631 932 enim
651 893 939 946 paterfamilias,
971 894 1023 932 est
1052 908 1168 948 eques
1200 897 1427 934 Romanus:
1458 910 1553 949 puer
1584 898 1734 944 didicit,

332 960 438 1013 quod
457 960 695 999 discendum.
754 960 902 998 Eadem
922 962 1017 999 ratio
1044 961 1097 999 est
1122 961 1261 1001 harum
1288 964 1428 1002 artium
1459 965 1733 1003 maximarum.

332 1027 428 1065 Dies
462 1036 500 1065 et
534 1029 661 1065 noctes
695 1026 824 1064 virum
843 1026 994 1064 summa
1023 1028 1165 1066 virtute
1198 1038 1236 1067 et
1262 1029 1465 1082 prudentia
1492 1029 1733 1075 videbamus,

333 1091 572 1146 Philosopho
601 1106 694 1131 cum
724 1107 879 1146 operam
911 1093 1028 1138 daret,
1061 1095 1415 1147 QTuberonern:
1447 1105 1484 1133 at
1513 1098 1592 1148 ejus
1612 1111 1734 1135 avun-

333 1159 470 1197 culum
501 1160 567 1198 vix
600 1160 833 1212 intelligeres
872 1160 911 1197 id
949 1174 1069 1212 agere,
1114 1175 1207 1200 cum
1241 1172 1367 1215 ageret
1405 1171 1547 1208 tamen,
1578 1163 1733 1202 Africa-

333 1239 443 1264 num.
504 1225 576 1264 Ista
596 1225 793 1264 discuntur
812 1224 939 1270 facile,
970 1226 995 1264 s1
1017 1236 1053 1265 et
1074 1236 1226 1266 tantum
1252 1229 1390 1273 sumas,
1422 1239 1611 1281 quantum
1638 1243 1734 1282 opus

334 1290 394 1335 fit,
426 1299 463 1329 et
494 1290 629 1328 habeas
664 1292 731 1343 qui
753 1291 886 1329 docere
905 1290 1069 1329 fideliter
1099 1293 1222 1345 poffit‚
1254 1303 1290 1331 et
1311 1294 1401 1331 scias
1422 1295 1537 1332 etiam
1558 1295 1634 1347 ipse
1654 1295 1731 1332 dis-

332 1369 430 1395 cere.
463 1356 534 1394 Sed
555 1356 580 1394 si
602 1356 681 1394 tota
701 1357 779 1394 vita
799 1356 898 1394 nihil
915 1358 1006 1395 velis
1027 1358 1130 1395 aliud
1150 1372 1271 1411 agere,
1290 1359 1367 1411 ipsa
1388 1360 1558 1397 tractatio
1572 1370 1610 1397 et
1626 1375 1732 1412 quae-

334 1422 404 1461 stio
436 1423 609 1474 quotidie
640 1436 687 1461 ex
719 1423 753 1460 se
773 1423 900 1476 gignit
930 1424 1091 1475 aliquid,
1122 1425 1226 1476 quod
1258 1439 1349 1463 cum
1369 1425 1547 1463 desidiosa
1566 1426 1730 1464 delecta-

331 1488 436 1529 tione
454 1488 624 1541 vestiges.
684 1489 742 1526 Ita
762 1488 819 1533 fit,
843 1498 885 1526 ut
905 1489 1110 1540 agitatione
1137 1503 1265 1528 rerum
1286 1491 1330 1528 fit
1351 1490 1501 1528 infinita
1527 1493 1728 1543 cognitio;

334 1553 458 1593 facilis
478 1554 565 1592 usus
586 1554 798 1592 doctrinam
819 1554 1036 1600 confirmet,
1067 1556 1272 1594 mediocris
1292 1569 1405 1609 opera
1424 1557 1626 1602 tribuatur,
1649 1572 1732 1595 me-

334 1621 458 1658 moria
485 1620 733 1672 studiumque
763 1630 994 1674 permaneat.
1039 1622 1156 1660 Libet
1175 1631 1304 1660 autem
1325 1622 1473 1674 semper
1503 1623 1656 1668 discere,
1688 1633 1731 1662 ut

334 1686 360 1723 fi
386 1685 505 1723 velim
535 1698 606 1737 ego
641 1686 724 1724 talis
756 1687 904 1739 optime
923 1686 1066 1731 ludere,
1098 1697 1162 1726 aut
1181 1688 1267 1741 pilae
1299 1688 1422 1726 studio
1443 1697 1581 1733 tenear,
1613 1690 1730 1727 etiam

332 1750 482 1790 fortaffe
503 1751 528 1788 fi
549 1750 689 1803 affequi
710 1765 786 1790 non
807 1752 957 1804 poffim.
1004 1754 1058 1790 At
1078 1753 1156 1798 alii,
1177 1755 1267 1806 quia
1286 1755 1462 1807 praeclare
1482 1754 1641 1800 faciunt,
1664 1769 1730 1792 ve-

332 1815 568 1860 hementius,
613 1829 729 1868 quam
764 1816 871 1854 causa
899 1816 1076 1868 postulat,
1111 1818 1372 1864 delectantur5
1408 1829 1450 1857 ut
1478 1820 1608 1857 Titius
1639 1820 1728 1872 pila,

333 1882 465 1921 Brulla
494 1882 592 1920 talis.
653 1883 782 1934 Qare
812 1881 911 1920 nihil
942 1882 1007 1927 est,
1049 1883 1154 1934 quod
1185 1885 1389 1936 quisquam
1420 1885 1729 1937 magnitudinem

331 1949 473 1988 artium
507 1961 554 1986 ex
584 1960 642 1992 eo,
673 1947 777 2000 quod
808 1948 908 1985 senes
943 1948 1105 1994 discunt,
1136 1951 1389 2002 pertimescat.
1450 1951 1634 2002 Namque
1665 1959 1730 1989 aut

332 2015 434 2054 senes
455 2015 500 2053 ad
519 2027 578 2052 eas
599 2014 855 2060 accesserunt5
888 2023 952 2052 aut
982 2015 1099 2068 usque
1127 2017 1173 2053 ad
1193 2017 1424 2054 seneCmtcm
1452 2017 1490 2054 in
1509 2017 1641 2055 studiis
1662 2017 1727 2055 de-

331 2081 531 2126 timentur,
563 2089 627 2118 aut
658 2080 744 2118 sunt
766 2080 975 2119 tardiffimi.
1036 2082 1113 2119 Res
1134 2082 1291 2134 quidem
1313 2082 1348 2119 se
1374 2096 1458 2120 mea
1478 2082 1659 2120 sententia
1679 2084 1729 2120 fic

332 2146 461 2191 habet,
484 2156 539 2191 ut,
558 2146 625 2184 nisi
643 2146 747 2199 quod
764 2146 924 2199 quisque
943 2146 1022 2185 cito
1041 2149 1223 2201 potuerit,
1239 2162 1438 2201 nunquam
1459 2150 1621 2187 omnino
1641 2149 1727 2202 pos-

332 2211 390 2256 sit,
412 2211 632 2264 perdiscere.

378 2278 529 2316 XXIV.
553 2278 653 2328 Jam,
669 2280 766 2330 jam,
787 2279 915 2332 inquit
932 2280 1107 2325 Catulus,
1129 2281 1319 2334 intelligo,
1339 2281 1477 2326 Crasse,
1495 2282 1588 2334 quid
1609 2282 1724 2326 dicas,

332 2352 370 2381 et
390 2341 546 2380 hercule
574 2342 758 2382 assentior.
819 2347 913 2383 Satis
934 2346 1043 2383 video
1064 2346 1150 2390 tibi,
1183 2345 1336 2384 homini
1356 2347 1400 2384 ad
1432 2346 1724 2399 perdiscendum

334 2408 532 2453 acerrimo,
550 2408 595 2446 ad
617 2422 658 2446 ea
677 2410 948 2462 cognoscenda,
970 2426 1054 2464 quae
1074 2412 1183 2457 dicis,
1206 2411 1315 2450 fuisse
1336 2414 1531 2464 temporis,

390 2474 577 2528 Pergisne,
614 2475 742 2529 inquit
763 2477 925 2525 Craffus,
957 2492 1033 2525 me,
1066 2491 1150 2531 quae
1171 2479 1310 2525 dicam,
1333 2479 1377 2517 dc
1399 2492 1472 2524 me,
1496 2491 1572 2516 non
1593 2476 1637 2514 de
1671 2488 1722 2521 re,
