2176 2912
498 143 818 189 LIBER
894 132 1472 178 SECUNDUS.
1618 130 1695 181 269

354 243 531 284 Maxima
550 248 680 278 autem
709 235 819 288 copia
839 230 1137 286 principiorum,
1173 227 1220 264 ad
1234 225 1410 279 judicem
1431 232 1497 262 aut
1525 222 1698 260 allicien-

296 313 392 352 dum
411 318 475 347 aut
495 303 752 346 incitandum,
774 314 821 339 ex
842 300 888 337 iis
909 298 1005 336 locis
1030 295 1210 338 trahitur,
1243 292 1311 344 qui
1331 290 1377 329 ad
1399 299 1527 328 motus
1548 289 1699 326 animo-

297 391 385 417 rum
405 371 663 413 conficiendos
684 369 838 407 inerunt
856 366 896 403 in
917 363 1048 402 causa:
1072 375 1168 415 quos
1185 369 1314 398 tamen
1331 365 1432 395 totos
1454 356 1493 392 in
1510 352 1702 406 principio

298 441 481 496 explicari
512 452 589 477 non
616 433 824 489 oportebit,
854 431 917 469 sed
938 439 1091 468 tantum
1110 426 1262 480 impelli
1293 424 1421 476 primo
1443 421 1620 474 judicem
1646 419 1705 456 le-

299 511 409 553 viter,
441 515 485 545 ut
501 507 582 558 jam
603 502 788 541 inclinato
804 499 949 550 reliqua
969 494 1172 534 incumbat
1191 492 1326 531 oratio.

355 574 527 614 LXXX.
559 572 793 609 Connexum
809 574 938 603 autem
958 563 1010 600 ita
1029 562 1074 600 fit
1094 559 1333 614 principium
1353 552 1602 606 consequenti
1622 562 1707 589 ora-

302 642 415 685 tioni,
436 649 480 677 ut
501 651 593 681 non,
625 645 809 687 tanquam
839 628 1043 669 citharoedi
1063 625 1314 680 prooemium,
1341 621 1515 659 affiftum
1535 615 1707 670 aliquod,

307 708 367 746 sed
386 705 580 745 cohaerens
596 716 690 740 curn
708 699 818 738 omni
839 709 998 749 corpore
1026 693 1267 735 membrum,
1288 689 1359 727 effe
1378 687 1563 725 videatur.
1602 683 1712 722 Nam

306 772 501 815 nonnulli,
530 783 623 808 cum
639 767 738 804 illud
759 763 935 803 meditati
954 760 1170 804 ediderunt,
1200 757 1250 795 fic
1270 755 1317 793 ad
1336 754 1482 805 reliqua
1502 749 1710 792 transeunt,

308 849 352 878 ut
369 836 602 876 audientiam
619 833 688 871 fibi
709 831 791 869 fieri
808 828 905 867 velle
925 827 1139 864 videantur.
1178 825 1311 874 Atque
1330 818 1518 872 ejusmodi
1535 817 1605 854 illa
1621 827 1712 868 pro-

308 905 404 943 lufio
425 902 538 941 debet
558 899 644 943 effe,
676 910 754 934 non
775 906 819 933 ut
839 892 1074 935 Samnitum,
1107 889 1175 942 qui
1194 889 1346 925 vibrant
1366 883 1485 922 hastas
1506 891 1592 919 ante
1612 893 1715 933 pug-

310 984 414 1014 nam,
450 967 591 1020 quibus
624 965 664 1002 in
684 960 892 1016 pugnando
912 956 1011 996 nihil
1031 964 1194 994 utuntur
1206 973 1217 1000 3
1250 952 1312 991 sed
1333 960 1376 989 ut
1396 950 1482 1003 ipsis
1504 946 1715 990 sententiis,

310 1036 454 1089 quibus
476 1031 730 1086 proluserunt‚
752 1027 811 1066 vel
830 1038 1000 1080 pugnare
1015 1022 1168 1077 poffint.

369 1102 533 1141 Narrare
552 1111 640 1135 vero
670 1109 752 1134 rem
771 1093 877 1146 quod
895 1092 1058 1130 breviter
1075 1089 1230 1142 jubent,
1262 1086 1287 1124 fi
1308 1084 1472 1123 brevitas
1493 1078 1721 1133 appellanda

317 1169 383 1213 est,
414 1180 507 1205 cum
527 1164 690 1201 verbum
710 1161 866 1199 nullum
896 1157 1095 1200 redundet,
1132 1154 1255 1192 brevis
1286 1152 1339 1189 est
1359 1152 1406 1189 L.
1431 1147 1547 1187 Craffi
1569 1145 1690 1184 oratio
1709 1159 1718 1181 :

319 1237 373 1275 fin
390 1245 476 1272 tum
493 1232 544 1270 est
563 1230 742 1272 brevitas,
763 1240 856 1265 cum
876 1234 1029 1263 tantum
1049 1222 1255 1260 verborum
1274 1219 1340 1263 est,
1363 1225 1553 1269 quantum
1580 1210 1723 1250 necesse

319 1302 384 1346 est,
403 1297 609 1351 aliquando
628 1296 669 1334 id
685 1307 781 1347 opus
802 1293 877 1331 est:
901 1291 962 1329 sed
980 1289 1073 1342 saepe
1089 1287 1193 1326 obest
1204 1286 1262 1323 vel
1280 1284 1449 1322 maxime
1470 1282 1508 1318 in
1523 1277 1723 1320 narrando,

322 1382 400 1407 non
418 1366 543 1405 solum
564 1363 669 1416 quod
689 1360 959 1400 obscuritatem
989 1355 1112 1400 affert,
1143 1353 1205 1392 sed
1224 1353 1341 1390 etiam
1368 1348 1473 1402 quod
1498 1360 1581 1384 eam
1603 1345 1725 1382 virtu-

325 1445 420 1479 tem,
456 1446 541 1485 quae
569 1429 791 1468 narrationis
810 1426 862 1465 est
880 1425 1063 1468 maxima,
1094 1430 1137 1460 ut
1152 1418 1339 1473 jucunda,
1370 1424 1407 1453 et
1425 1415 1471 1452 ad
1497 1411 1726 1466 persuaden-

325 1503 419 1540 dum
439 1497 731 1538 accommodata
750 1495 808 1539 sit,
830 1492 948 1531 tollit.
994 1491 1051 1528 Ut
1066 1488 1146 1532 illa,
1177 1488 1277 1526 Nam
1297 1485 1326 1522 is
1335 1482 1516 1536 postquam
1535 1477 1669 1530 exccffit
1688 1492 1730 1515 ex

323 1567 474 1621 ephebis,
507 1577 625 1617 quam
658 1563 774 1614 longa
792 1559 844 1597 est
864 1556 1055 1597 narratio?
1098 1555 1230 1592 Mores
1261 1548 1506 1589 adolescentis
1528 1546 1656 1599 ipfius,
1693 1552 1731 1581 et

329 1633 470 1672 servilis
492 1628 742 1684 percontatio,
775 1638 877 1664 mors
905 1621 1115 1674 Chrysidis,
1146 1619 1275 1657 vultus
1301 1626 1337 1654 et
1357 1615 1496 1657 forma,
1515 1621 1553 1650 et
1580 1611 1730 1648 lamen-

330 1699 424 1737 tatio
458 1696 591 1735 sororis
609 1712 620 1739 3
653 1693 798 1745 reliqua
817 1689 984 1744 pervarie
1017 1686 1265 1739 jucundeque
1301 1690 1511 1721 narrantur.
1558 1675 1677 1728 Qod
1705 1673 1733 1712 fi

332 1764 432 1804 hanc
452 1762 677 1800 brevitatem
694 1756 890 1810 quaesisset,

471 1827 656 1880 Eſjifrtum
687 1824 788 1867 imus,
819 1823 868 1859 ad
870 1820 1076 1874 stpulcrum
1095 1817 1268 1859 venimus,

472 1896 518 1932 In
538 1893 651 1945 ignem
663 1891 779 1943 posita
798 1888 842 1941 cst
859 1910 923 1917 ---

337 1963 414 2002 fere
443 1961 575 1999 decem
595 1956 786 1996 versiculis
818 1964 945 1992 totum
969 1949 1157 1990 conficere
1180 1945 1381 2001 potuisset:
1416 1953 1637 1996 quanquam
1662 1937 1738 1976 hoc

338 2029 479 2083 ipsum,
511 2026 696 2080 Effer-tur,
725 2023 826 2066 imus,
857 2018 1056 2058 concisum
1077 2016 1129 2054 est
1155 2016 1219 2059 ita,
1252 2022 1294 2050 ut
1322 2024 1398 2049 non
1429 2006 1605 2047 brevitati
1625 2004 1739 2042 servi-

340 2105 428 2134 tum
449 2094 506 2138 sit,
529 2092 590 2130 sed
610 2090 732 2142 magis
751 2086 949 2126 venustati.
997 2084 1115 2135 Qod
1137 2082 1161 2120 fi
1183 2079 1282 2118 nihil
1303 2076 1442 2120 fuisset,
1465 2074 1547 2118 nifi,
1562 2073 1608 2110 In
1628 2071 1742 2123 ignem

337 2162 452 2215 postta
471 2159 539 2212 cst3
571 2167 698 2195 tamen
720 2169 775 2193 res
804 2163 882 2191 tota
898 2150 1078 2204 cognosci
1098 2147 1209 2186 facile
1227 2143 1415 2199 potuisset.
1449 2140 1520 2179 Sed
1541 2148 1578 2176 et
1598 2136 1742 2175 festivi-

346 2236 467 2264 tatem
496 2223 612 2262 habet
632 2221 795 2260 narratio
827 2219 1000 2257 distinCta
1031 2215 1198 2269 personis
1231 2221 1268 2250 et
1288 2208 1527 2261 interpunCta
1559 2201 1743 2243 sermoni-

347 2294 420 2331 bus
439 2306 447 2329 ε
480 2300 517 2327 et
537 2289 588 2326 est
607 2287 858 2342 probabilius,
889 2284 994 2337 quod
1014 2282 1162 2335 gestum
1183 2278 1252 2316 esse
1273 2277 1388 2320 dicas,
1420 2287 1526 2317 cum,
1558 2266 1745 2322 quemad-

350 2358 515 2397 modum
535 2356 663 2392 aC‘tum
684 2354 741 2397 fit,
772 2365 962 2404 exponas:
995 2359 1031 2386 et
1052 2348 1178 2386 multo
1200 2344 1364 2397 apertius
1385 2341 1431 2378 ad
1452 2333 1747 2388 intelligendum

347 2424 418 2469 est,
449 2422 474 2461 fi
506 2421 554 2460 fic
576 2419 788 2459 confistitur
808 2416 1027 2470 aliquando,
1059 2427 1099 2451 ac
1121 2425 1197 2450 non
1214 2410 1278 2448 ista
1299 2407 1481 2446 brevitate
1501 2399 1746 2456 percurritur.
