2176 2912
579 188 899 227 LIBER
973 187 1457 231 TERTIUS.
1645 211 1722 250 309

377 282 529 321 XXXI.
552 281 692 320 Nostra
711 281 763 318 est
781 281 886 319 enim
915 280 960 333 (fi
977 281 1095 320 modo
1116 295 1184 321 nos
1205 291 1369 322 oratores
1390 284 1534 331 sumuS,
1556 286 1583 324 fi
1604 288 1643 326 in
1664 290 1722 328 ci-

320 348 430 386 vium
450 346 800 399 disceptationibuS,
823 346 847 383 fi
869 347 909 385 in
929 348 1125 399 periculis,
1148 348 1173 386 fi
1194 348 1235 386 in
1255 346 1597 390 deliberationibus
1618 356 1722 406 pub-

320 412 420 458 licis,
453 412 660 451 adhibendi
680 414 849 450 auctores
871 421 909 451 et
929 414 1120 467 principes
1140 414 1290 466 sumus)
1312 416 1436 453 nostra
1455 417 1519 461 est,
1548 418 1721 471 inquam,

317 479 448 516 omnis
468 479 535 517 ista
564 478 790 531 prudentiae,
822 478 1079 533 doctrinaeque
1099 480 1284 532 poffeffio,
1319 482 1359 519 in
1381 495 1498 534 quam
1529 481 1722 531 homines,

317 543 420 595 quafi
440 544 626 582 caducam
656 553 769 596 atque
788 557 962 589 vacuam,
995 545 1229 584 abundantes
1250 546 1345 591 otio,
1378 547 1489 585 nobis
1509 551 1722 601 occupatis,

316 608 606 654 involaverunt;
629 618 742 662 atque
757 610 874 648 etiam
890 619 955 648 aut
971 611 1170 649 irridentes
1190 621 1394 657 oratorem,
1417 622 1461 650 ut
1480 613 1546 650 ille
1561 615 1602 651 in
1617 615 1722 653 Gor-

316 675 380 727 gia
414 678 595 721 Socrates,
641 676 879 721 cavillantur,
911 686 976 715 aut
1009 677 1156 729 aliquid
1187 678 1234 716 de
1278 679 1435 717 oratoris
1470 688 1547 717 arte
1591 683 1722 733 paucis

315 741 546 794 praecipiunt
579 741 735 786 libellis,
763 742 900 794 eosque
928 743 1122 782 rhetoricos
1142 744 1383 784 inscribunt:
1416 745 1519 796 quasi
1550 760 1628 784 non
1655 748 1723 786 illa

311 806 384 845 fint
404 808 556 861 propria
589 807 801 853 rhetorum,
833 822 919 860 quae
938 809 984 847 ab
1014 809 1149 847 iisdem
1169 810 1215 848 de
1239 811 1401 862 justitia,
1428 811 1474 848 de
1493 812 1636 858 officio,
1671 814 1719 852 de

315 873 536 912 civitatibus
571 873 813 911 instituendis
849 883 887 912 et
921 875 1111 926 regendis,
1143 876 1189 913 de
1210 878 1320 914 omni
1350 877 1516 922 vivendi,
1555 879 1721 932 denique

314 940 431 977 etiam
461 940 507 978 de
528 948 670 978 naturae
702 941 861 986 ratione,
883 940 1079 980 dicuntur.
1129 943 1240 993 Qae,
1263 944 1448 995 quoniam
1462 946 1546 995 jam
1567 946 1722 985 aliunde

312 1019 391 1044 non
411 1005 622 1058 poffumus,
655 1006 837 1044 sumenda
856 1007 943 1045 sunt
964 1008 1074 1046 nobis
1100 1008 1146 1046 ab
1166 1008 1212 1046 iis
1233 1009 1334 1061 ipfis,
1356 1023 1375 1046 a
1397 1011 1538 1061 quibus
1559 1013 1719 1064 expilati

314 1071 458 1116 sumus,
490 1073 706 1110 dummodo
739 1073 805 1110 illa
835 1073 881 1111 ad
910 1072 1011 1111 hanc
1046 1075 1203 1112 civilem
1237 1075 1450 1120 scientiam,
1487 1090 1565 1128 quo
1596 1080 1717 1130 perti-

312 1146 420 1182 nent,
442 1146 479 1175 et
499 1151 616 1189 quam
633 1138 844 1182 intuentur,
864 1138 1157 1178 transferamus:
1181 1153 1306 1192 neque
1330 1142 1391 1193 (ut
1407 1150 1492 1178 ante
1508 1143 1606 1194 dixi)
1629 1157 1719 1182 om-

313 1216 402 1241 nem
421 1212 586 1241 teramus
606 1204 646 1241 in
677 1202 738 1242 his
759 1203 945 1242 discendis
966 1206 1078 1243 rebus
1106 1215 1269 1251 aetatem‚
1301 1207 1362 1244 sed
1389 1220 1479 1245 cum
1504 1207 1629 1247 fontes
1657 1211 1716 1247 vi-

313 1269 496 1313 derimus,
526 1283 620 1321 quos
650 1270 717 1308 nisi
752 1270 819 1322 qui
849 1270 1024 1308 celeriter
1053 1273 1244 1324 cognorit,
1276 1285 1477 1324 nunquam
1511 1275 1716 1326 cognoscet

312 1335 488 1379 omnino,
510 1344 609 1380 tum,
632 1336 935 1389 quotiescunque
955 1350 1051 1389 opus
1072 1339 1156 1382 erit,
1184 1351 1231 1375 ex
1258 1339 1303 1375 iis
1325 1348 1490 1382 tantum,
1524 1350 1716 1391 quantum

311 1414 368 1439 res
402 1411 518 1454 petet,
549 1402 784 1441 hauriemus.
833 1403 939 1441 Nam
961 1417 1084 1455 neque
1105 1414 1184 1442 tarn
1205 1404 1257 1442 est
1276 1405 1370 1442 acris
1391 1406 1488 1442 acies
1509 1405 1549 1442 in
1570 1407 1715 1444 naturis

309 1465 520 1506 hominum
555 1478 593 1506 et
624 1469 803 1521 ingeniis,
837 1478 880 1506 ut
900 1483 955 1506 res
988 1478 1108 1507 tantas
1130 1470 1348 1522 quisquam,
1384 1470 1453 1522 nisl
1474 1471 1714 1517 monstratas,

310 1533 421 1584 poffit
440 1535 590 1573 videre:
624 1548 749 1587 neque
769 1543 873 1572 tanta
893 1543 1022 1572 tamen
1041 1536 1081 1572 in
1101 1536 1213 1573 rebus
1235 1535 1458 1581 obscuritas,
1487 1545 1529 1574 ut
1549 1550 1606 1574 eas
1635 1551 1715 1576 non

309 1599 463 1650 penitus
483 1600 560 1637 acri
579 1601 637 1638 vir
657 1600 814 1652 ingenio
834 1610 978 1645 cernat,
998 1600 1023 1638 fi
1042 1601 1160 1639 modo
1179 1601 1377 1654 aspexerit.

366 1665 411 1702 In
445 1664 519 1703 hoc
540 1666 658 1717 igitur
678 1675 784 1704 tanto
804 1675 960 1718 tamque
980 1667 1171 1705 immenso
1191 1681 1344 1720 campo,
1376 1681 1467 1705 cum
1495 1668 1606 1706 liceat
1626 1683 1711 1707 ora-

310 1731 383 1767 tori
418 1733 541 1783 vagari
569 1732 700 1776 libere,
737 1742 864 1785 atque,
910 1733 1134 1784 ubicunque
1167 1735 1393 1779 constiterit,
1439 1735 1635 1773 consistere
1669 1738 1711 1774 in

311 1796 390 1840 suo,
413 1795 523 1833 facile
545 1797 758 1849 suppeditat
779 1798 905 1835 omnis
926 1808 1138 1850 apparatus,
1167 1800 1395 1852 ornatusque
1415 1801 1582 1839 dicendi.
1628 1802 1710 1839 Re-

310 1875 395 1899 rum
427 1862 532 1899 enim
564 1863 673 1914 copia
692 1863 896 1900 verborum
916 1864 1068 1915 copiam
1089 1865 1215 1917 gignit
1233 1879 1241 1902 ε
1273 1874 1324 1909 et,
1357 1866 1382 1903 fi
1403 1866 1455 1903 est
1474 1865 1648 1904 honestas
1669 1868 1710 1905 in

310 1927 420 1964 rebus
443 1927 545 1978 ipfis,
564 1927 610 1965 de
631 1928 772 1980 quibus
795 1928 949 1972 dicitur,
973 1929 1097 1966 existit
1118 1944 1162 1968 ex
1185 1931 1235 1967 rei
1257 1939 1388 1967 natura
1404 1931 1562 1982 quidam
1579 1932 1707 1983 splen-

308 1992 377 2030 dor
397 1993 435 2030 in
458 1993 595 2031 verbis.
656 1994 711 2030 Sit
730 1993 848 2031 modo
879 1994 923 2038 is,
946 1995 1012 2045 qui
1034 1994 1148 2039 dicet,
1170 2004 1235 2032 aut
1255 1995 1406 2039 scribet,
1439 1995 1634 2034 institutus
1655 1997 1705 2034 li-

309 2057 484 2095 beraliter
517 2059 742 2096 educatione
776 2059 1024 2111 doctrinaque
1058 2061 1212 2112 puerili,
1243 2071 1281 2099 et
1301 2061 1432 2114 flagret
1453 2061 1590 2106 studio,
1625 2073 1661 2100 et
1688 2077 1708 2100 a

308 2132 439 2161 natura
459 2125 669 2175 adjuvetur,
700 2125 797 2162 etin
825 2125 1088 2164 universorum
1109 2140 1294 2179 generum
1326 2127 1488 2165 infinitis
1517 2128 1708 2181 discepta-

307 2190 479 2227 tionibus
499 2192 725 2228 exercitatus
743 2210 754 2235 3
786 2192 1039 2230 ornatisfimos
1060 2192 1259 2245 scriptores
1281 2194 1517 2245 oratoresque
1543 2195 1588 2232 ad
1609 2208 1704 2247 cog-

308 2255 544 2293 noscendum
566 2257 877 2309 imitandumque
912 2258 1074 2310 legerit;
1106 2273 1162 2297 nae
1184 2260 1249 2297 ille
1269 2259 1371 2297 haud
1393 2260 1490 2304 sane,
1515 2261 1703 2312 quemad—

308 2320 472 2358 modum
502 2321 615 2357 verba
635 2321 749 2358 struat
769 2332 805 2359 et
826 2323 1034 2367 illuminet,
1056 2337 1076 2360 a
1103 2325 1289 2376 magistris
1317 2325 1393 2363 istis
1415 2327 1595 2376 requiret.
1646 2327 1707 2363 Ita

308 2384 419 2422 facile
442 2385 478 2422 in
499 2398 625 2423 rerum
643 2386 874 2425 abundantia
893 2389 939 2426 ad
959 2389 1139 2426 orationis
1161 2400 1383 2428 ornamenta
1404 2391 1478 2427 fine
1500 2391 1609 2433 duce,
1632 2403 1702 2427 na»

309 2451 392 2488 tura
412 2449 504 2501 ipsa,
527 2450 551 2487 fi
574 2451 691 2488 modo
711 2452 762 2488 est
781 2455 995 2498 exercitata,
1018 2454 1180 2491 labetur.

356 2516 529 2555 XXXII.
553 2517 633 2556 Hic
650 2518 825 2563 Catulus,
844 2519 913 2558 Dii
929 2520 1182 2565 immortales,
1204 2521 1347 2574 inquit,
1368 2530 1550 2573 quantam
1571 2532 1704 2558 rerum.
