2176 2912
906 169 1162 237 [21]

307 335 471 384 Versus
506 335 699 401 quidam
726 336 879 401 scripti
910 337 966 385 ad
992 336 1136 386 finem
1161 338 1280 386 Cod.
1311 339 1408 386 MS.
1439 340 1691 390 RAWLINs.
1721 359 1764 405 3.

373 420 422 466 in
443 436 539 483 quo
557 421 824 468 continetur
840 422 1083 470 Somnium
1101 425 1338 488 Scipionis.
1389 424 1551 471 Codex
1568 429 1764 491 perg.8⁰.

375 520 607 550 annorum
630 503 814 551 fortaffe
839 505 982 553 CCC.

491 638 529 673 U
541 637 614 673 LL
626 638 639 673 I
651 640 688 675 U
701 641 723 674 S
751 640 939 688 Hesperios
958 641 1103 688 cupiens
1122 654 1333 690 componere
1353 655 1467 680 mores

380 640 482 732 T
509 694 630 729 Edidit
650 695 710 730 hos
729 696 835 731 libros
853 696 1029 742 appellans
1047 698 1240 733 officiorum

383 743 470 790 QO
489 748 559 784 solo
577 749 671 785 ferus
689 751 737 786 est
755 751 852 787 furor
869 753 1042 787 extinclus
1061 754 1210 789 Catiline

382 797 536 838 Confilio
556 805 716 851 superum
736 807 848 842 custos
864 807 1011 842 directus
1030 808 1072 842 ad
1092 809 1216 845 urbem

382 851 467 888 Lux
485 857 577 892 orbis
596 859 776 907 patrieque
794 861 881 896 salus
900 873 998 896 mens
1018 871 1090 897 tota
1108 863 1242 900 senatus

382 906 457 943 Hic
475 911 552 957 plus
571 912 638 948 sole
656 915 759 951 micat
778 917 951 952 cruciatus
968 927 1110 964 propter
1125 919 1309 957 honestum

308 956 335 998 ql
382 960 456 996 Hic
475 965 560 999 iacet
575 968 711 1014 arpinas
730 970 891 1005 manibus
911 972 1105 1007 tumulatus
1124 974 1226 1009 amici

382 1016 457 1063 Qui
476 1018 542 1054 fuit
560 1031 673 1057 orator
691 1024 845 1060 summus
863 1037 897 1060 et
915 1026 1063 1061 eximius

383 1072 503 1118 Qiem
524 1086 607 1110 nece
626 1079 757 1113 crudeli
777 1081 941 1116 mactavit
959 1081 1045 1116 civis
1064 1092 1098 1116 et
1118 1083 1221 1118 hostis

382 1122 446 1157 Nil
465 1125 535 1171 agis
555 1129 672 1163 antoni
691 1130 814 1178 scripta
831 1133 961 1168 deserta
981 1136 1093 1170 iacent

382 1177 537 1214 Vulnere
557 1194 682 1229 nempe
701 1195 763 1221 tuo
781 1187 987 1223 Ciceronem
1010 1189 1171 1226 interficis
1190 1201 1224 1227 at
1244 1203 1277 1227 te

383 1230 526 1268 Tullius
543 1238 668 1272 eternis
687 1239 889 1279 vulneribus
906 1243 1033 1280 lacerat

309 1284 338 1326 ἾῘ
385 1285 521 1335 Corpus
540 1289 573 1323 in
594 1291 659 1326 hoc
678 1296 814 1330 tumulo
833 1298 951 1344 magni
971 1300 1147 1336 Ciceronis
1167 1303 1351 1339 humatum

382 1341 605 1390 Contegitur‚
633 1347 724 1383 claro
741 1351 802 1396 qui
821 1349 888 1387 fuit
907 1354 1049 1400 ingenio

383 1395 528 1443 Qique
549 1402 645 1436 malis
664 1406 778 1449 gravis
797 1406 899 1441 hostis
913 1419 984 1443 erat
1004 1419 1168 1459 tutorque
1188 1413 1360 1449 bonorum

384 1451 470 1498 Qro
487 1466 576 1499 pene
597 1455 742 1504 indigna
761 1461 896 1496 consule
917 1474 1013 1498 roma
1030 1463 1099 1500 fuit

382 1506 450 1540 Sed
469 1508 566 1554 vigili
584 1522 664 1547 cura
683 1513 821 1559 dejectis
843 1516 996 1553 hostibus
1016 1521 1104 1555 urbe

382 1560 628 1611 Supplitioque
646 1568 734 1602 datis
753 1571 896 1616 prestitit
916 1572 1129 1611 incolumem

310 1616 338 1657 ql
382 1615 517 1651 Unicus
537 1630 650 1655 orator
670 1623 859 1672 lumenque
878 1628 1050 1676 decusque
1069 1632 1204 1668 senatus

384 1671 545 1707 Servator
562 1676 671 1721 patrie
689 1680 849 1716 conditor
862 1681 991 1729 eloquii

382 1724 468 1759 Eius
485 1726 530 1760 ab
550 1728 690 1775 ingenio
710 1734 848 1770 tandem
868 1734 1033 1772 illustrata
1051 1742 1194 1785 perenni

384 1776 538 1812 Lumine
557 1782 710 1826 preclaro
729 1785 849 1832 lingua
868 1788 994 1824 Latina
1012 1793 1110 1837 viget

385 1831 527 1866 Accidit
544 1833 686 1881 indigne
705 1842 863 1877 manibus
883 1845 1049 1880 laceratus
1069 1848 1196 1897 iniquis

386 1885 528 1919 Tullius
549 1888 612 1922 hoc
632 1893 770 1927 tumulo
789 1897 944 1934 subditus
963 1902 1094 1947 exiguo

313 1942 338 1984 q]
385 1940 603 1988 Qicunque
624 1945 656 1979 in
676 1947 771 1983 libris
791 1963 919 1988 nomen
940 1956 1117 1993 Ciceronis
1136 1962 1255 1997 adoras

386 1995 513 2042 Aspice
532 2010 604 2044 quo
625 2001 734 2039 iaceat
757 2008 918 2043 conditus
940 2012 996 2048 ille
1017 2015 1095 2051 loco

385 2049 449 2084 Ille
469 2051 522 2085 vel
541 2063 656 2090 orator
676 2058 728 2091 vel
748 2060 832 2096 civis
852 2066 1026 2104 maximus
1045 2071 1138 2107 idem
1190 2110 1192 2115 ,

386 2104 509 2139 Clarus
524 2118 598 2142 erat
615 2111 701 2146 facie
720 2113 841 2151 clarior
857 2118 999 2167 eloquio

385 2161 443 2194 Ac
462 2173 504 2195 ne
522 2164 606 2208 quid
623 2164 761 2205 fortuna
783 2172 853 2208 viro
873 2178 1021 2213 nocuiffe
1039 2190 1181 2226 putetur

388 2215 498 2249 Vivus
524 2217 555 2251 in
580 2228 738 2258 eternum
763 2226 863 2265 docta
887 2244 951 2278 per
972 2246 1031 2269 ora
1056 2238 1150 2272 volat

314 2271 341 2313 q]
386 2268 528 2305 Marcus
547 2283 641 2309 eram
661 2277 785 2314 Cicero
804 2293 878 2320 toto
896 2289 1087 2325 notissimus
1106 2293 1189 2328 orbe

388 2323 499 2358 Cuius
524 2327 681 2374 reliquias
704 2337 833 2373 occulit
856 2352 940 2378 urna
967 2344 1082 2381 brevis

387 2379 543 2416 Dextera
565 2394 622 2418 me
644 2387 754 2430 patrie
777 2402 888 2438 nuper
911 2397 1021 2432 civilis
1046 2400 1178 2436 ademit

389 2433 512 2480 Eripui
536 2438 684 2483 patriam
708 2444 769 2489 qui
793 2449 889 2492 prius
909 2452 1019 2488 exitio

388 2486 424 2520 Si
442 2491 520 2534 quis
539 2491 572 2526 in
591 2493 656 2528 hoc
672 2495 750 2532 saxo
768 2499 882 2536 Marci
901 2502 988 2551 legis
1005 2508 1135 2547 advena
1154 2524 1283 2554 nomen

387 2541 471 2578 Non
489 2545 686 2596 dedigneris
706 2553 818 2594 dicere
836 2556 959 2596 Marce
981 2563 1057 2599 vale
