2176 2912
471 202 789 242 LIBER
860 202 1433 241 SECUNDUS.
1583 216 1650 242 121

258 297 365 336 Nam
397 297 567 335 maxime
597 294 846 334 conservanda
865 295 918 334 est
937 309 992 340 ea,
1026 310 1110 348 quae
1141 296 1427 349 diligentiffime
1449 297 1568 335 sanem
1587 298 1652 336 est.

259 363 409 402 Deinde
440 372 523 400 utra
552 362 612 400 lex
633 362 780 414 jubeat,
812 371 895 400 utra
924 372 1038 400 vetet.
1090 363 1194 401 Nam
1216 363 1310 415 saepe
1343 376 1397 407 ea,
1429 376 1513 414 quae
1541 372 1654 407 vetat,

259 429 361 480 quafi
395 429 620 481 exceptione
657 428 823 480 quadam
853 429 1039 481 corrigere
1073 429 1223 467 videtur
1250 429 1371 473 illam,
1417 443 1500 480 quae
1530 430 1653 481 jubet.

257 494 409 533 Deinde
429 504 511 532 utra
531 495 593 532 lex
613 494 660 532 de
692 508 827 547 genere
847 495 955 533 omni
972 514 983 540 ς
1017 504 1112 532 utra,
1133 495 1179 533 de
1212 504 1316 548 parte
1346 495 1511 547 quadam
1526 513 1537 539 ;
1575 504 1656 533 utra

258 561 519 599 communiter
535 561 574 598 in
591 561 742 614 plures;
766 570 850 599 utra
866 561 905 598 in
924 561 1093 613 aliquam
1110 571 1254 600 certam
1272 575 1353 599 rem
1375 561 1511 614 scripta
1530 561 1655 598 videa-

260 636 334 665 tur.
362 628 468 665 Nam
485 640 568 679 quae
584 627 623 664 in
637 636 784 679 partem
800 626 984 678 aliquam,
999 636 1036 664 et
1053 641 1137 679 quae
1155 628 1194 665 in
1212 638 1355 665 certam
1368 627 1559 678 quandam
1578 640 1656 664 rem

260 692 398 746 scripta
415 692 482 737 est,
514 693 669 744 propius
690 691 736 729 ad
755 691 906 730 causam
926 692 1101 730 accedere
1124 693 1286 737 videtur,
1323 702 1360 730 et
1390 692 1436 730 ad
1462 692 1658 744 judicium

260 759 383 811 magis
404 759 605 811 pertinere.
656 758 808 796 Deinde
827 771 873 796 ex
893 758 976 811 lege
1007 768 1139 797 utrum
1170 759 1296 797 statim
1317 759 1397 796 fieri
1428 758 1568 798 necesse
1588 759 1658 801 fit;

261 834 394 862 utrum
414 823 550 862 habeat
564 824 732 875 aliquam
746 824 910 869 moram,
930 834 968 862 et
987 825 1312 864 sustentationem.
1354 826 1459 864 Nam
1480 825 1533 870 id,
1555 825 1660 878 quod

260 891 388 929 statim
408 890 630 928 faciendum
651 890 708 935 fit,
728 889 862 942 perfici
882 891 985 943 prius
1006 901 1170 943 oportet.
1216 892 1366 930 Deinde
1386 906 1540 945 operam
1561 892 1658 936 dare,

263 966 307 994 ut
326 956 390 994 sua
408 956 469 994 lex
490 956 571 1009 ipso
592 955 730 1009 scripto
742 956 914 994 videatur
932 957 1019 995 niti.
1043 958 1242 996 Contraria
1257 968 1386 996 autem
1407 967 1471 995 aut
1490 972 1556 1010 per
1576 971 1660 996 am-

263 1022 443 1075 biguum,
464 1031 529 1060 aut
548 1035 614 1075 per
633 1022 980 1068 ratiocinationem,
1011 1032 1076 1061 aut
1104 1038 1172 1077 per
1202 1024 1469 1062 definitionem
1499 1023 1631 1062 induci
1650 1043 1660 1067 ς

264 1102 343 1140 quo
355 1088 515 1126 sanctius
535 1097 573 1126 et
594 1088 743 1127 firmius
764 1089 804 1127 id
816 1089 987 1127 videatur
1003 1089 1086 1135 effe,
1107 1090 1211 1142 quod
1224 1091 1388 1144 apertius
1405 1090 1589 1143 scriptum
1603 1090 1659 1128 fit.

266 1155 418 1192 Deinde
437 1154 509 1192 suae
530 1154 624 1207 legis
644 1155 688 1193 ad
715 1155 904 1208 scriptum
921 1156 1041 1208 ipsam
1060 1156 1285 1195 sententiam
1306 1171 1459 1209 quoque
1479 1157 1662 1209 adjunge-

267 1234 304 1258 re
319 1239 331 1265 3
363 1221 594 1259 contrariam
614 1221 740 1274 legem
759 1222 855 1260 item
875 1222 921 1260 ad
941 1222 1054 1261 aliam
1072 1223 1297 1262 sententiam
1318 1224 1536 1268 traducere;
1559 1233 1615 1268 ut,
1639 1224 1664 1262 fi

266 1286 348 1325 fieri
369 1288 522 1340 poterit,
545 1300 593 1325 ne
624 1287 831 1341 discrepare
859 1289 1019 1340 quidem
1039 1289 1237 1328 videantur
1257 1291 1355 1328 inter
1375 1290 1424 1328 se.
1471 1290 1666 1328 Postremo

266 1353 402 1398 facere,
434 1353 460 1391 fi
491 1353 599 1391 causa
633 1354 739 1392 dabit
758 1353 996 1400 facultatem,
1029 1365 1071 1393 ut
1092 1356 1214 1393 nostra
1240 1357 1382 1394 ratione
1416 1366 1575 1408 utraque
1604 1356 1665 1394 lex

267 1419 473 1458 conservari
496 1420 690 1465 videatur;
722 1430 759 1459 et
786 1421 1080 1459 adversariorum
1101 1423 1258 1467 ratione,
1290 1422 1404 1460 altera
1430 1423 1473 1460 fit
1502 1423 1666 1461 necessa-

269 1486 324 1524 rio
346 1485 586 1538 negligenda.
619 1487 745 1524 Locos
766 1496 895 1525 autem
914 1500 1157 1533 communes,
1189 1498 1226 1526 et
1246 1502 1341 1540 quos
1363 1488 1439 1540 ipsa
1458 1489 1566 1526 causa
1588 1489 1664 1533 det,

272 1551 399 1590 videre
419 1552 627 1605 oportebit,
642 1561 680 1590 et
700 1566 747 1590 ex
768 1553 943 1591 utilitatis
963 1563 1000 1591 et
1021 1552 1226 1592 honestatis
1246 1554 1487 1608 ampliffimis
1501 1555 1669 1608 partibus

270 1618 430 1663 sumere,
462 1619 786 1658 demonstrantem
816 1633 883 1672 per
913 1616 1270 1673 amplificationem,
1308 1621 1353 1658 ad
1384 1630 1508 1660 utram
1541 1622 1669 1675 potius

269 1685 395 1738 legem
415 1685 588 1723 accedere
608 1695 792 1738 oporteat.

327 1752 375 1789 L.
407 1752 469 1789 Ex
490 1751 775 1790 ratiocinatione
809 1752 973 1791 nascitur
998 1753 1260 1798 controverfia,
1292 1768 1383 1791 cum
1405 1768 1449 1792 ex
1476 1767 1534 1798 eo,
1566 1754 1671 1806 quod

273 1816 420 1868 uspiam
441 1816 506 1861 est,
537 1817 583 1854 ad
614 1817 653 1854 id
684 1818 787 1869 quod
814 1818 1001 1869 nusquam
1022 1819 1207 1871 scripturn
1237 1820 1302 1864 est,
1334 1820 1564 1872 pervenitur,
1596 1818 1671 1858 hoc

271 1883 381 1934 pacto
394 1899 405 1926 3
438 1882 520 1919 Lex
540 1881 604 1926 est,
642 1882 848 1935 Sisuriqfics
875 1884 931 1935 est,
959 1895 1174 1936 agnatorum
1188 1886 1441 1938 gentiliumque
1463 1885 1499 1923 in
1529 1900 1576 1930 eo,
1601 1895 1669 1938 pe-

272 1948 444 2001 cuniaque
460 1948 531 1999 ejus
545 1948 696 2000 potestus
714 1949 790 2002 esto.
840 1950 892 1986 Et
914 1950 974 1987 lex
989 1969 998 1994 ;
1034 1951 1304 2003 Pamsfium'lius
1325 1953 1506 2004 ufz'stlper
1522 1952 1672 2005 ιβυηῐίῑά

266 2015 486 2068 pecuniaque
491 2017 566 2067 fita
582 2016 772 2067 legaverit,
795 2016 849 2054 ita
854 2015 920 2067 jus
939 2016 1013 2070 esto.
1048 2018 1099 2054 Et
1120 2018 1180 2055 lex
1195 2036 1205 2062 3
1230 2018 1271 2056 Si
1281 2019 1545 2070 paterfamilias
1564 2020 1669 2071 intes-

275 2091 352 2119 tato
369 2082 537 2126 moritur,
546 2083 697 2134 fizmilia
710 2083 928 2136 pecuniaque
948 2083 1018 2135 ejus
1035 2094 1250 2136 agnatorum
1269 2086 1522 2138 geussls'uquu’
1540 2086 1613 2138 (ylo.

330 2147 503 2199 Qidam
519 2149 714 2200 judicatus
733 2149 785 2187 est
804 2159 999 2202 parentem
1020 2151 1209 2189 occidiss‘e.
1257 2152 1304 2188 Ei
1327 2152 1466 2196 statim,
1490 2154 1592 2204 quod
1614 2151 1669 2189 es-

275 2213 449 2266 fugiendi
465 2214 626 2266 potestas
646 2228 722 2252 non
743 2214 831 2260 fuit,
849 2215 984 2268 lignea:
1004 2216 1109 2254 soleae
1131 2218 1168 2254 in
1192 2217 1302 2269 pedes
1325 2218 1486 2256 indufiae
1504 2219 1607 2256 sunt:
1631 2232 1671 2255 os

276 2288 404 2317 autem
424 2279 653 2318 obvolutum
672 2281 725 2318 est
743 2279 933 2326 folliculo,
956 2292 992 2319 et
1017 2283 1256 2334 praligatum
1273 2299 1280 2321 :
1314 2284 1450 2322 deinde
1466 2285 1516 2321 cst·
1534 2286 1570 2321 in
1590 2299 1670 2322 tar-

277 2359 403 2383 cerem
424 2345 620 2391 deductus,
644 2356 686 2384 ut
706 2348 761 2385 ibi
781 2347 868 2385 effet
889 2349 1080 2400 tantisper,
1103 2350 1197 2387 dum
1219 2350 1365 2394 culeus,
1388 2350 1426 2388 in
1448 2365 1563 2402 quem
1579 2365 1671 2388 con-

272 2412 397 2462 jectus
418 2411 457 2448 in
487 2411 743 2463 profluentem
762 2412 982 2458 deferretur,
1010 2425 1307 2467 compararetur.
1354 2417 1498 2453 Interea
1517 2416 1674 2467 quidam

278 2477 357 2527 ejus
390 2475 594 2516 familiares
625 2479 664 2516 in
685 2493 874 2518 carcerem
907 2480 1052 2518 tabulas
1073 2480 1251 2525 afferunt,
1279 2492 1317 2519 ct
1339 2482 1443 2519 testes
1464 2482 1671 2519 adducunt.

283 2543 466 2587 Heredes,
487 2557 583 2595 quos
611 2544 688 2597 ipse
702 2546 829 2598 jubet,
851 2545 1044 2585 scribunt:
1078 2547 1493 2599 tabulze'obfignantur.
1528 2548 1588 2584 De
1608 2547 1675 2584 illo

339 2609 377 2648 T
395 2622 419 2648 0
438 2622 489 2648 M.
522 2610 554 2648 Ι.
1217 2614 1282 2664 (ζ-
