2176 2912
510 210 592 253 472
955 195 1485 234 ORATOR.

512 290 734 328 verborum.
794 288 933 327 Ternae
971 299 1099 327 autem
1140 287 1226 326 sunt
1268 288 1465 340 utriusque
1509 296 1631 340 partes
1676 287 1880 326 verborum
1901 293 1932 334 ς’

508 357 747 401 transsatum,
778 369 937 400 novum,
968 355 1171 408 priscum:
1204 369 1293 393 nam
1329 355 1375 392 de
1406 355 1568 408 propriis
1597 353 1697 393 nihil
1726 354 1802 393 hoc
1831 356 1917 394 loco

513 424 695 462 dicimus.

563 491 652 528 LX.
686 488 963 527 Collocationis
984 496 1126 533 autem,
1148 501 1213 532 eae,
1236 501 1328 540 quas
1350 488 1535 533 diximus,
1557 488 1798 541 compositio,
1821 501 1916 526 con-

514 557 692 601 cinnitas,
724 569 931 600 numerus,
964 555 1085 593 sedin
1117 563 1280 606 utroque
1307 554 1584 606 frequentiores
1613 555 1714 599 sunt,
1745 564 1783 592 et
1816 555 1917 592 libe-

515 624 631 661 riores
648 632 782 675 poetae.
806 622 913 660 Nam
933 630 971 658 et
992 619 1223 658 transferunt
1244 621 1357 657 verba
1377 634 1468 658 cum
1489 621 1673 664 crebrius,
1696 630 1781 658 tum
1802 621 1919 658 etiam

515 689 722 732 audacius5
755 696 793 724 et
812 686 944 738 priscis
966 685 1150 723 libentius
1180 694 1356 729 utuntur,
1387 695 1425 722 et
1456 685 1613 723 liberius
1634 686 1756 723 novis.
1801 686 1920 738 Qod

513 756 618 793 idem
640 754 684 791 fit
704 754 742 791 in
760 753 931 791 numeris
949 770 960 797 ς
992 752 1033 789 in
1054 752 1196 804 quibus
1218 751 1320 804 quasi
1339 751 1544 790 necessitati
1565 765 1691 805 parere
1711 761 1919 804 coguntur.

515 822 586 859 Sed
608 828 735 857 tamen
755 818 837 857 haec
859 832 929 856 nec
949 818 1067 856 nimis
1088 817 1158 856 effe
1178 817 1335 862 diversa,
1366 832 1435 856 nec
1457 818 1539 856 ullo
1560 818 1678 856 modo
1698 819 1918 870 conjune'ca,

516 886 683 938 intelligi
712 885 816 923 licet.
878 886 935 923 Ita
965 884 1023 929 fit,
1055 893 1098 922 ut
1129 898 1206 922 non
1242 884 1337 922 item
1368 885 1408 922 in
1442 884 1625 929 oratione,
1658 894 1700 922 ut
1727 885 1767 922 in
1798 884 1918 929 versu,

514 966 698 991 numerus
720 960 824 990 extet
836 969 847 996 ;
869 951 1002 1003 idque,
1024 950 1129 1002 quod
1149 950 1395 988 numerosum
1413 950 1452 988 in
1472 951 1643 989 oratione
1663 951 1819 995 dicitur,
1842 964 1920 989 non

515 1019 665 1071 semper
685 1031 846 1056 numero
866 1016 944 1061 fiat,
960 1017 1021 1055 sed
1040 1030 1333 1069 nonnunquam,
1356 1026 1421 1054 aut
1441 1017 1716 1062 concinnitate,
1739 1025 1803 1055 aut
1823 1029 1919 1055 con-

515 1085 721 1124 structione
740 1084 959 1122 verborum.

572 1153 643 1196 Ita,
686 1152 712 1189 fi
744 1164 925 1188 numerus
956 1149 1137 1188 orationis
1167 1150 1353 1202 quaeritur
1381 1149 1450 1201 qui
1476 1149 1520 1187 fit
1536 1167 1547 1193 3
1590 1149 1717 1188 omnis
1744 1149 1823 1188 est:
1860 1149 1921 1187 sed

517 1217 612 1254 alius
647 1216 721 1253 alio
750 1216 889 1253 melior
908 1224 1023 1267 atque
1043 1216 1179 1268 aptior.
1237 1215 1278 1252 Si
1299 1214 1406 1253 locus
1423 1233 1434 1259 ;
1467 1215 1507 1252 in
1527 1215 1637 1252 omni
1657 1223 1762 1266 parte
1781 1215 1920 1253 verbo-

517 1297 618 1320 rum.
680 1283 732 1326 Si,
754 1282 855 1319 unde
875 1290 981 1319 ortus
1003 1282 1074 1326 s1t3
1107 1295 1153 1319 ex
1173 1282 1325 1319 aurium
1345 1281 1557 1333 voluptate.
1623 1281 1661 1319 Si
1681 1294 1920 1334 componen-

516 1348 656 1386 dorum
676 1348 771 1385 ratio
786 1366 798 1392 5
830 1347 979 1385 dicetur
998 1348 1073 1385 alio
1093 1347 1193 1392 loco,
1216 1347 1306 1399 quia
1324 1347 1490 1399 pertinet
1511 1347 1556 1385 ad
1576 1346 1702 1391 usum,
1731 1360 1816 1399 quae
1836 1359 1920 1399 pars

516 1424 650 1467 quarta
669 1424 707 1452 et
726 1423 897 1452 extrema
917 1414 1028 1452 nobis
1048 1414 1088 1452 in
1109 1414 1315 1452 dividendo
1335 1413 1424 1452 fuit.
1472 1414 1525 1459 Si,
1547 1414 1593 1452 ad
1614 1427 1732 1466 quam
1751 1427 1833 1452 rem
1852 1413 1920 1451 ad-

517 1480 695 1518 hibeatur
708 1499 719 1525 ;
751 1481 797 1518 ad
818 1480 1125 1518 delectationem.
1158 1480 1210 1525 Si,
1233 1480 1387 1532 quando
1405 1498 1416 1524 ;
1440 1479 1600 1532 semper.
1634 1480 1685 1525 Si,
1708 1493 1787 1531 quo
1807 1479 1894 1518 loco
1906 1497 1919 1524 ;

518 1547 557 1583 in
580 1555 659 1584 tota
680 1546 967 1583 continuatione
987 1545 1205 1583 verborum.
1239 1545 1291 1589 Si,
1312 1560 1396 1596 quae
1417 1559 1473 1583 res
1494 1545 1635 1582 efficiat
1654 1545 1918 1597 voluptatem,

517 1612 664 1656 eadem,
680 1625 764 1663 quae
783 1612 823 1648 in
842 1611 1023 1656 versibus,
1045 1624 1213 1662 quorum
1230 1611 1393 1649 modum
1410 1620 1517 1649 notat
1537 1624 1608 1655 ars,
1631 1610 1693 1648 sed
1712 1624 1817 1649 aures
1834 1611 1922 1664 ipsae

518 1678 635 1715 tacito
655 1691 747 1715 eum
767 1677 873 1714 sensu
890 1677 966 1714 fine
985 1686 1062 1714 arte
1082 1677 1285 1715 definiunt.

573 1745 683 1782 LXI.
717 1744 810 1781 Satis
833 1743 957 1781 multa
976 1743 1022 1780 de
1040 1752 1198 1780 natura:
1231 1742 1402 1795 sequitur
1421 1743 1522 1788 usus,
1555 1743 1601 1780 de
1622 1756 1701 1795 quo
1727 1743 1779 1780 est
1805 1756 1920 1781 accu-

519 1811 633 1847 ratius
655 1809 941 1861 disputandum.
974 1809 1019 1846 In
1041 1823 1119 1861 quo
1136 1808 1336 1860 quaesitum
1357 1808 1422 1853 est,
1454 1809 1495 1846 in
1516 1817 1647 1846 totone
1668 1809 1833 1846 circuitu
1853 1809 1922 1846 illo

518 1875 713 1932 orationis,
748 1888 865 1926 quem
887 1875 1014 1912 Graeci
1035 1873 1177 1932 πεξίοὲὶν,
1210 1888 1277 1912 nos
1314 1883 1400 1921 tum
1419 1874 1627 1919 ambitum,
1661 1884 1746 1913 tum
1776 1874 1920 1913 circui-

520 1951 619 1986 tum,
647 1950 732 1978 tum
764 1939 1158 1993 comprehensionem,
1190 1950 1257 1978 aut
1276 1941 1622 1986 continuationem,
1655 1950 1719 1978 aut
1750 1941 1922 1978 circum-

519 2007 766 2059 scriptionem
787 2007 982 2051 dicimus;
1015 2020 1061 2044 an
1082 2007 1120 2044 in
1142 2007 1343 2060 principiis
1365 2007 1504 2051 solum,
1527 2021 1572 2044 an
1593 2007 1633 2044 in
1655 2007 1852 2051 extremis,
1874 2020 1921 2044 an

518 2074 558 2111 in
580 2083 739 2124 utraque
755 2083 859 2125 parte
880 2086 1061 2111 numerus
1083 2073 1269 2111 tenendus
1291 2075 1348 2111 fit.
1372 2073 1537 2116 Deinde,
1560 2086 1652 2109 cum
1673 2072 1776 2110 aliud
1793 2072 1921 2110 videa-

520 2148 583 2176 tur
603 2140 674 2177 effe
702 2153 899 2183 numerus,
921 2139 1024 2176 aliud
1044 2139 1316 2183 numerosum5
1349 2139 1443 2190 quid
1463 2139 1621 2176 interfit.
1660 2140 1770 2176 Tum
1791 2148 1921 2177 autem

520 2204 559 2240 in
594 2204 823 2241 omnibusne
853 2204 1023 2241 numeris
1055 2203 1250 2255 aequaliter
1270 2204 1473 2256 particulas
1508 2204 1637 2241 deceat
1658 2204 1838 2249 incidere,
1874 2202 1932 2242 an*

520 2268 641 2307 facere
661 2270 749 2306 alias
771 2270 973 2314 breviores,
995 2269 1084 2306 alias
1102 2269 1307 2322 longiores,
1326 2269 1440 2322 idque
1461 2270 1629 2322 quando,
1646 2279 1711 2308 aut
1731 2284 1812 2315 cur,
1831 2271 1921 2323 qui—

521 2335 666 2388 busque
686 2336 886 2387 partibus;
919 2335 1156 2388 pluribusne,
1177 2350 1223 2374 an
1243 2335 1398 2388 fingulis
1416 2355 1427 2381 ;
1450 2337 1676 2389 imparibu3,
1698 2350 1744 2374 an
1763 2337 1921 2388 aequali-

523 2402 617 2446 bus;
650 2412 686 2439 et
708 2402 861 2454 quando
879 2410 944 2439 aut
963 2401 1056 2446 istis,
1088 2410 1153 2440 aut
1172 2402 1249 2440 illis
1272 2402 1315 2440 fit
1336 2402 1550 2447 utendum,
1585 2416 1746 2455 quaeque
1767 2403 1865 2441 inter
1886 2402 1922 2440 se

520 2467 708 2519 aptiffime
742 2467 993 2512 collocentur,
1030 2476 1068 2505 et
1099 2467 1324 2519 qu0m0d0;
1356 2482 1402 2506 an
1434 2469 1597 2506 omnino
1628 2468 1733 2506 nulla
1753 2468 1796 2506 fit
1816 2468 1855 2505 in
1876 2481 1921 2505 eo

519 2546 657 2585 genere
677 2533 867 2573 distinctio
883 2551 895 2580 ς
927 2533 1109 2587 quodque
1129 2534 1175 2573 ad
1196 2547 1277 2574 rem
1298 2534 1467 2574 maxime
1485 2534 1664 2588 pertinet,
1683 2547 1757 2587 qua
1776 2533 1921 2573 ratione
