2176 2912
381 287 436 328 74
628 268 1526 311 DEINVENTIONE

383 367 423 405 in
454 364 723 417 conquestione
752 363 890 401 morari
921 376 998 400 non
1028 361 1233 414 oportebit.
1289 361 1634 414 Qemadmodum
1665 359 1771 399 enim

383 432 482 470 dixit
502 430 630 468 rhetor
646 429 917 482 AppolloniuS,
937 429 1093 481 lacryma
1109 428 1201 466 nihil
1214 428 1319 466 citius
1332 428 1473 482 aress‘it.
1507 427 1577 466 Sed
1590 428 1774 479 quoniam

384 506 422 535 et
442 496 541 540 1‘atis,
573 505 615 533 ut
634 496 822 538 videmur,
853 493 899 531 de
919 493 1099 530 omnibus
1121 493 1290 545 partibus
1321 494 1500 531 orationis
1525 493 1708 536 diximus,
1738 500 1776 529 et

385 562 500 614 hujus
531 560 738 599 voluminis
775 558 1000 611 magnitudo
1031 558 1183 610 longius
1214 558 1413 611 proceffit;
1454 572 1537 611 quae
1571 558 1779 610 sequuntur

386 628 578 679 deinceps,
610 626 649 663 in
670 624 833 662 secundo
853 623 952 661 libro
973 624 1159 662 dicemus.

1031 949 1066 983 D
1118 947 1149 982 E

435 1088 1102 1149 INVENTIONE
1149 1085 1748 1144 RHETORICA

591 1269 917 1318 LIBER
998 1268 1591 1315 SECUNDUS.

395 1420 426 1458 Ι.
448 1418 595 1577 C
615 1419 651 1457 R
667 1419 702 1456 O
718 1420 755 1457 T
771 1420 807 1457 O
822 1419 863 1458 N
877 1421 895 1458 I
908 1421 945 1457 A
958 1419 995 1456 T
1009 1419 1058 1456 AE
1095 1417 1303 1469 quondam,
1334 1429 1425 1454 cum
1453 1414 1631 1453 florerent
1656 1413 1788 1452 omni,-

628 1484 699 1521 bus
725 1484 859 1536 copiis,
891 1493 928 1521 et
958 1483 999 1520 in
1030 1482 1140 1520 Italia
1169 1496 1262 1520 cum
1288 1482 1328 1519 in
1355 1481 1490 1533 primis
1517 1480 1616 1518 beati
1647 1492 1788 1517 nume-

629 1558 810 1592 rarentur,
842 1548 1034 1599 templum
1055 1547 1233 1597 Junonis‚
1264 1546 1369 1598 quod
1394 1544 1664 1597 religiofiffime
1683 1544 1788 1582 cole-

398 1615 501 1658 bant,
517 1613 676 1666 egregiis
693 1612 849 1664 picturis
869 1612 1101 1663 locupletare
1120 1612 1336 1649 voluerunt.
1368 1611 1499 1662 Itaque
1520 1610 1790 1648 Heracleotem

398 1680 579 1723 Zeuxim,
610 1679 677 1730 qui
707 1687 792 1715 tum
824 1677 938 1729 longe
972 1677 1114 1714 caeteris
1143 1677 1325 1714 excellere
1355 1676 1563 1728 pictoribus
1594 1675 1788 1713 existima-

398 1745 522 1789 batur,
564 1757 706 1795 magno
744 1744 866 1795 pretio
900 1743 1135 1780 conductum
1171 1742 1441 1780 adhibuerunt.
1504 1742 1538 1778 Is
1574 1750 1611 1778 et
1642 1750 1789 1778 caeteras

397 1811 613 1863 complures
634 1809 779 1847 tabulas
796 1809 935 1861 pinxit,
956 1822 1118 1861 quarum
1135 1808 1319 1846 nonnulla
1333 1820 1415 1860 pars
1434 1807 1549 1859 usque
1565 1806 1610 1843 ad
1627 1806 1792 1844 nostram

400 1877 625 1914 memoriam
645 1883 798 1926 propter
816 1873 894 1912 fani
916 1874 1142 1925 religionem
1162 1874 1362 1917 remanfit;
1394 1882 1445 1917 et,
1477 1882 1519 1909 ut
1539 1872 1792 1910 excellentem

401 1942 600 1979 muliebris
621 1939 754 1978 formae
773 1939 1103 1992 pulchritudinem
1123 1949 1230 1977 muta
1251 1940 1289 1976 in
1310 1939 1382 1976 sese
1407 1938 1536 1990 imago
1566 1938 1791 1981 contineret,

401 1996 560 2045 Helena:
581 2007 615 2044 se
630 2007 785 2058 pingere
799 2006 1043 2043 fimulacrum
1060 2005 1157 2043 velle
1177 2006 1287 2043 dixit.
1329 2004 1446 2056 Qod
1460 2004 1705 2047 Crotoniatae,
1726 2002 1794 2054 qui

401 2086 489 2110 eum
511 2072 689 2110 muliebri
709 2072 749 2109 in
776 2085 931 2124 corpore
949 2071 1142 2123 pingendo
1162 2071 1378 2122 plurimum
1398 2069 1479 2106 aliis
1508 2068 1674 2121 praestare
1702 2068 1794 2120 saepe

402 2138 636 2189 accepiffent,
658 2137 820 2174 libenter
832 2137 1044 2174 audierunt.
1088 2137 1320 2174 putaverunt
1335 2134 1439 2171 enim
1456 2147 1560 2178 eum,
1590 2133 1630 2177 fi,
1659 2147 1736 2185 quo
1753 2133 1793 2169 in

402 2217 535 2256 genere
554 2204 767 2255 plurimum
788 2203 919 2255 poffet,
952 2203 989 2239 in
1011 2215 1055 2239 eo
1082 2215 1308 2254 magnopere
1334 2199 1562 2244 elaborasset,
1596 2199 1794 2251 egregium

402 2270 471 2309 fibi
492 2283 585 2321 opus
603 2269 671 2306 illo
687 2269 725 2306 in
743 2268 832 2306 fano
850 2268 1088 2307 relieturum.
1125 2268 1263 2319 Neque
1286 2276 1370 2304 tum
1383 2279 1445 2304 eos
1462 2266 1527 2302 illa
1539 2265 1670 2317 opinio
1682 2264 1793 2302 fefel-

403 2336 461 2373 lit.
509 2336 613 2373 Nam
636 2336 777 2372 Zeuxis
800 2335 905 2372 illico
926 2334 1095 2386 quaefivit
1116 2334 1162 2371 ab
1182 2334 1248 2377 eis,
1269 2333 1448 2385 quasnam
1466 2332 1629 2383 virgines
1646 2331 1794 2369 formo-

403 2402 455 2438 sas
475 2400 668 2438 haberent.
716 2400 779 2438 Illi
799 2410 926 2438 autem
948 2400 1072 2437 statim
1093 2399 1295 2437 hominem
1317 2399 1505 2436 duxerunt
1522 2398 1560 2434 in
1575 2397 1794 2449 palaestram,

401 2477 513 2518 atque
545 2467 578 2503 ei
610 2479 745 2518 pueros
776 2466 1018 2503 ostenderunt
1050 2466 1193 2503 multos
1225 2478 1362 2516 magna
1391 2463 1568 2516 praeditos
1598 2463 1793 2515 dignitate.

404 2534 561 2571 Etenim
582 2532 747 2585 quodam
770 2542 938 2584 tempore
960 2533 1190 2570 Crotoniatae
1211 2531 1381 2569 multum
1398 2530 1578 2568 omnibus
1592 2542 1797 2581 corporum

402 2599 543 2637 viribus
586 2609 623 2637 et
667 2599 915 2652 dignitatibus
953 2598 1231 2643 antestetcrunt‚
1281 2606 1392 2649 atque
1430 2595 1705 2634 honestiffimas
1743 2607 1789 2631 ex
