2176 2912
459 208 779 250 LIBER
856 207 1431 247 SECUNDUS.
1579 220 1651 261 107

247 314 442 348 eventum,
473 302 725 340 confiderent.
786 301 832 339 In
853 301 995 353 quibus
1021 300 1205 339 omnibus
1229 300 1547 352 conquestionem
1567 301 1650 338 suaa

248 385 336 409 rum
371 381 643 414 aerumnarum,
674 376 712 405 et
743 367 980 406 crudelitatis
1015 366 1314 406 adversariorum
1344 366 1653 418 indignationem

245 436 358 474 ineffe
374 435 582 489 oportebit.

300 504 361 541 Ac
381 502 581 540 neminem
601 501 733 539 mirari
752 501 971 546 conveniet,
991 500 1017 539 fi
1039 509 1104 538 aut
1124 500 1164 538 in
1181 498 1257 544 his,
1276 507 1340 537 aut
1359 498 1399 536 in
1415 497 1497 535 aliis
1518 506 1651 535 exema

244 568 319 622 plis
335 568 467 621 scripti
483 581 639 621 quoque
659 568 954 606 controversiam
975 567 1195 619 adjunctam
1215 565 1376 604 videbit.
1409 566 1502 616 Qo
1523 564 1569 601 de
1584 577 1652 615 ge-

245 648 334 673 nere
352 634 435 688 post
451 635 522 672 erit
539 635 650 673 nobis
672 634 873 687 separatim
893 633 1117 678 dicendum,
1139 641 1336 686 propterea
1355 631 1460 684 quod
1477 630 1655 683 quaedam

244 714 384 754 genera
404 701 602 740 causarum
623 700 848 753 simpliciter
868 710 906 739 et
925 714 971 739 ex
991 700 1055 738 sua
1073 700 1112 738 vi
1132 699 1417 738 considerantur
1434 714 1443 735 :
1476 697 1653 749 qnaedam

245 775 376 805 autem
406 767 476 805 fibi
507 766 611 805 aliud
642 779 799 819 quoque
827 766 986 818 aliquod
1012 765 1272 804 controverfiae
1292 777 1413 816 genus
1443 762 1651 801 assumunt.

246 833 391 884 Qare,
408 833 592 871 omnibus
612 832 794 884 cognitis,
810 845 888 869 non
907 832 979 869 erit
999 831 1158 869 difficile
1171 831 1211 869 in
1228 842 1543 882 unamquamque
1560 841 1653 866 cau—

244 897 324 936 sam
345 898 560 943 transferre,
591 898 698 950 quod
717 911 765 937 ex
791 911 836 936 eo
855 909 1011 951 quoque
1030 911 1168 950 genere
1188 896 1392 935 conveniet
1411 911 1418 933 :
1452 905 1495 933 ut
1521 896 1562 933 in
1592 893 1653 932 his

243 964 434 1017 exemplis
454 963 703 1002 conceffionis
724 963 819 1002 inest
838 964 1022 1002 omnibus
1046 963 1176 1015 scripti
1197 962 1451 1001 controversia
1480 974 1536 1006 ea,
1567 974 1654 1012 quae

244 1042 291 1068 ex
307 1030 448 1083 scripto
468 1040 506 1069 et
525 1030 711 1069 sententia
730 1031 977 1068 nominatur:
1001 1029 1064 1068 sed
1079 1030 1170 1082 quia
1189 1029 1237 1067 de
1255 1027 1495 1067 conceffione
1515 1027 1653 1078 loque-

246 1096 399 1141 bamur,
421 1098 461 1136 in
481 1111 566 1135 eam
587 1106 776 1151 praecepta
795 1097 988 1135 dedimus.
1021 1096 1113 1134 Alio
1134 1104 1264 1134 autem
1281 1095 1369 1133 loco
1389 1094 1436 1132 de
1455 1094 1596 1147 scripto
1616 1102 1654 1131 et

246 1162 431 1202 sententia
449 1164 637 1203 dicemus,
688 1165 810 1203 Nunc
830 1164 871 1202 in
892 1164 1050 1202 alteram
1070 1162 1319 1202 conceffionis
1350 1170 1499 1215 partem
1527 1161 1652 1199 confi-

246 1229 485 1269 derationem
505 1231 765 1270 intendemus.

301 1297 494 1335 XXXIV.
528 1297 758 1350 Deprecatio
775 1297 840 1342 est,
862 1297 902 1335 in
924 1310 999 1350 qua
1018 1310 1097 1335 non
1117 1296 1285 1334 defensio
1305 1294 1410 1339 faeti,
1432 1295 1494 1332 sed
1522 1294 1654 1347 ignos-

247 1362 358 1400 cendi
379 1362 598 1415 postulatio,
629 1364 865 1402 continetur.
911 1364 1004 1402 Hoc
1023 1376 1144 1416 genus
1176 1362 1240 1400 vix
1261 1362 1301 1399 in
1327 1360 1479 1412 judicio
1502 1359 1655 1412 probari

247 1427 383 1480 potest,
414 1428 501 1466 ideo
521 1428 641 1481 quod,
672 1428 846 1467 conceffo
865 1437 1036 1482 peccato,
1067 1427 1226 1466 difficile
1247 1427 1299 1464 est
1319 1426 1366 1464 ab
1386 1438 1444 1469 eo,
1473 1425 1541 1477 qui
1561 1437 1655 1476 pec-

247 1502 423 1533 catorum
442 1495 584 1534 vindex
613 1495 684 1533 effe
705 1495 833 1540 debet,
865 1505 908 1532 ut
928 1494 1113 1547 ignoscat,
1135 1494 1353 1546 impetrare.
1393 1493 1522 1542 Qare
1550 1499 1657 1543 parte

247 1561 327 1612 ejus
343 1561 506 1613 generis,
526 1574 619 1599 cum
634 1561 786 1599 causam
805 1574 882 1598 non
903 1560 942 1598 in
963 1574 1008 1598 eo
1021 1558 1278 1602 constitueris,
1300 1557 1358 1595 uti
1373 1557 1522 1595 licebit.
1556 1557 1613 1593 Ut
1629 1555 1656 1593 fi

248 1639 318 1679 pro
337 1627 468 1680 aliquo
489 1627 606 1673 claro,
627 1637 691 1665 aut
711 1626 803 1665 forti
822 1628 919 1672 viro,
941 1627 1050 1678 cujus
1072 1625 1112 1663 in
1142 1623 1422 1677 rempublicam
1444 1623 1569 1660 multa
1584 1622 1657 1660 sint

248 1691 445 1738 beneficia,
463 1693 629 1737 dixeris,
662 1693 789 1746 poffis,
818 1707 911 1730 cum
931 1692 1090 1730 videaris
1112 1701 1190 1729 non
1211 1691 1268 1728 uti
1290 1689 1567 1742 deprecatione,
1597 1688 1655 1725 uti

250 1767 378 1796 tamen
398 1760 444 1797 ad
464 1759 569 1797 hunc
588 1760 752 1797 modum
768 1777 779 1803 3
805 1759 923 1809 Qod
940 1759 980 1803 fi,
993 1758 1160 1811 judices,
1181 1756 1247 1795 hic
1267 1770 1337 1810 pro
1356 1755 1429 1794 suis
1443 1754 1653 1798 beneficiis,

249 1837 318 1876 pro
338 1825 403 1862 suo
421 1824 559 1868 studio,
578 1825 682 1876 quod
698 1826 738 1862 in
754 1838 820 1862 vos
837 1824 974 1862 habuit
994 1825 1154 1876 semper,
1176 1824 1243 1862 tali
1260 1823 1324 1861 suo
1342 1831 1526 1874 tempore,
1547 1821 1653 1858 rnul-

249 1898 379 1927 torum
399 1889 555 1928 suorum
590 1891 687 1927 recte
718 1889 908 1927 factorum
929 1889 1051 1934 causa,
1084 1890 1151 1927 uni
1173 1889 1313 1926 delic'to
1343 1897 1385 1926 ut
1408 1888 1652 1940 ignosceretis

247 1955 465 2008 postularet,
498 1965 625 1994 tamen
647 1955 812 2008 dignum
843 1956 959 1993 vestra
989 1955 1294 1998 mansuetudine,
1326 1954 1491 2005 dignum
1512 1954 1654 1990 virtute

248 2021 364 2074 hujus
383 2021 485 2067 effet,
502 2022 667 2074 judices,
685 2036 705 2059 a
724 2022 832 2059 vobis
853 2020 951 2059 hanc
973 2036 1068 2065 rem,
1091 2020 1166 2058 hoc
1187 2020 1414 2074 postulante,
1439 2019 1650 2071 impetrari.

249 2090 401 2127 Deinde
420 2103 557 2142 augere
576 2089 761 2127 beneficia
781 2089 928 2132 licebit,
943 2098 979 2126 et
990 2089 1141 2141 judices
1163 2101 1228 2140 per
1248 2087 1381 2124 locum
1397 2085 1651 2124 communem

248 2156 294 2193 ad
313 2156 534 2208 ignoscendi
553 2156 793 2195 voluntatem
809 2156 960 2193 ducere.

303 2225 433 2275 Qare
449 2223 523 2261 hoc
544 2237 676 2276 genus,
692 2237 914 2276 quanquam
936 2223 975 2260 in
990 2221 1149 2275 judiciis
1172 2235 1247 2259 non
1268 2221 1447 2265 versatur,
1468 2220 1535 2258 nisi
1554 2233 1649 2271 qua-

250 2289 337 2327 dam
358 2303 405 2328 ex
436 2300 564 2343 parte3
598 2300 726 2328 tamen
747 2291 837 2343 quia
857 2300 893 2327 et
914 2303 996 2342 pars
1026 2289 1105 2342 ipsa
1130 2288 1343 2326 inducenda
1370 2300 1650 2338 nonnunquam

249 2356 314 2400 est,
345 2366 383 2394 et
414 2357 452 2395 in
472 2357 599 2395 senatu
621 2366 686 2394 aut
707 2358 874 2395 concilio
895 2357 987 2410 saepe
1007 2356 1115 2394 omni
1138 2369 1177 2393 m
1208 2368 1345 2407 genere
1375 2355 1578 2398 tractanda,
1613 2354 1648 2389 in

250 2423 287 2459 id
306 2436 460 2475 quoque
489 2433 676 2477 praecepta
702 2437 904 2477 ponemus.
951 2424 1057 2462 Nam
1076 2423 1115 2460 in
1137 2422 1266 2460 senatu
1290 2431 1326 2459 et
1348 2422 1387 2458 in
1408 2420 1575 2458 concilio
1605 2420 1652 2456 de

251 2488 420 2542 Syphace
452 2489 519 2527 diu
540 2490 792 2529 deliberatum
823 2490 875 2529 est
891 2509 902 2535 ς
934 2499 971 2527 et
1002 2491 1048 2528 de
1080 2489 1384 2541 QNumitorio
1410 2485 1524 2525 Pullo
1552 2484 1649 2538 apud

881 2557 918 2593 O
952 2569 972 2595 2
