2176 2912
675 186 765 226 DE
811 187 966 227 OPT.
1011 187 1174 227 GEN.
1219 188 1424 231 ORAT.
1680 207 1752 248 541

353 289 397 319 ut
416 279 463 318 ab
484 279 607 318 Accio
627 280 834 319 Terentius
851 300 862 326 ³
895 281 956 319 sed
976 281 1016 319 in
1037 282 1174 320 eodem
1200 296 1277 321 non
1298 283 1384 322 sunt
1404 298 1523 338 pares.
1568 286 1756 339 Optimus

352 347 405 384 est
424 346 528 383 enim
549 354 687 389 orator,
709 346 777 398 qui
798 346 961 385 dicendo
985 348 1134 387 animos
1155 349 1397 388 audientium
1419 361 1457 389 et
1477 352 1602 397 docet,
1631 363 1668 391 et
1688 354 1757 391 de-

352 412 479 455 lcetat,
502 421 539 449 et
569 421 782 464 permovet.
849 414 1013 458 Docere,
1047 414 1224 452 debitum
1245 415 1323 461 est;
1362 417 1558 463 deleffmre,
1590 418 1757 457 honora-

352 479 455 517 rium
473 497 484 523 3
516 491 752 530 permovere,
782 479 1041 519 necessarium.
1103 482 1202 520 Haec
1242 491 1284 519 ut
1321 483 1415 521 alius
1453 485 1606 530 melius,
1640 500 1759 538 quam

352 544 463 588 alius,
485 544 779 582 concedendum
810 545 875 583 est.
935 547 1083 585 Verum
1116 548 1154 585 id
1180 547 1225 585 fit
1245 561 1322 586 non
1343 563 1492 602 genere,
1525 551 1585 588 sed
1624 553 1757 603 gradu.

354 610 568 662 Optimum
584 611 743 662 quidem
765 625 889 650 unum
905 612 957 650 est
973 631 984 657 3
1007 623 1044 651 et
1059 614 1298 666 proximum,
1317 616 1423 667 quod
1442 617 1475 653 ei
1498 616 1758 656 simillimum.

353 676 416 714 Ex
436 691 515 729 quo
535 677 781 730 perspicuum
811 678 878 723 est,
899 680 1004 731 quod
1025 681 1175 732 optimo
1206 680 1508 720 diffimillimum
1529 683 1586 728 fit,
1622 683 1662 721 id
1689 684 1760 722 effe

353 741 605 781 deterrimum
613 773 622 781 .

408 809 463 847 ΙΙ.
496 809 603 847 Nam
638 809 823 862 quoniam
842 810 1062 863 eloquentia
1089 812 1236 850 constat
1260 827 1305 851 ex
1338 814 1463 852 verbis
1490 823 1528 852 et
1548 814 1757 861 sententiis,

353 874 634 927 perficiendum
668 876 734 920 est,
776 886 819 915 ut
851 891 956 929 pure,
1002 887 1040 915 et
1071 879 1270 916 emendate
1305 880 1521 932 loquentes,
1569 883 1674 933 quod
1708 883 1761 920 est

353 941 510 986 Latine„
537 942 742 980 verbomm
764 953 940 995 praeterea
971 954 1009 981 et
1039 946 1297 997 propriorum,
1329 956 1367 983 et
1395 947 1659 985 transsatorum
1679 949 1758 986 ele-

352 1008 527 1059 gantiam
559 1008 857 1061 persequamur:
891 1011 931 1047 in
966 1012 1144 1063 propriis,
1182 1021 1224 1049 ut
1255 1012 1444 1065 aptiffirna
1475 1015 1686 1066 digamum
1720 1016 1759 1052 in

353 1074 552 1120 transsatis,
574 1085 616 1112 ut
637 1075 931 1114 similitudinem
948 1077 1066 1115 secuti
1088 1079 1299 1116 verecunde
1320 1089 1474 1117 utamur
1494 1082 1639 1118 alienis.
1665 1082 1760 1119 Sen-

354 1141 563 1179 tentiarum
584 1150 712 1179 autem
735 1142 899 1180 totidem
919 1157 1053 1195 genera
1074 1143 1173 1189 sunt,
1193 1155 1288 1197 quot
1305 1145 1476 1184 diximus
1494 1147 1564 1184 effe
1584 1147 1758 1185 laudum.

355 1209 451 1245 Sunt
472 1208 579 1245 enim
600 1208 777 1253 docendi,
810 1219 928 1248 acutae
944 1228 956 1254 3
988 1211 1215 1257 delecstandi,
1247 1212 1349 1264 quafi
1378 1223 1518 1265 argutae
1534 1232 1545 1258 3
1578 1227 1759 1251 commo-

354 1274 483 1319 vendi,
505 1288 649 1327 graves.
711 1276 781 1313 Sed
802 1285 839 1313 et
865 1277 1071 1315 verborum
1091 1278 1144 1315 est
1163 1278 1345 1316 struetura
1366 1280 1554 1331 quaedam,
1591 1281 1681 1318 duas
1704 1295 1759 1319 res

356 1340 542 1385 efficiens,
573 1355 780 1380 numerum
815 1352 853 1380 et
883 1343 1081 1381 lenitatem
1098 1363 1108 1388 3
1141 1353 1178 1382 et
1209 1336 1401 1383 sententiae
1437 1346 1540 1384 suam
1567 1347 1759 1398 composi-

357 1407 506 1445 tionem
526 1406 683 1452 habent,
716 1418 753 1446 et
773 1408 820 1446 ad
839 1409 1078 1461 probandam
1100 1424 1181 1448 rem
1208 1413 1546 1450 accommodatum
1567 1413 1757 1451 ordinem.

356 1473 427 1510 Sed
458 1486 589 1511 earum
620 1474 800 1511 omnium
820 1488 962 1519 rerum,
1000 1485 1042 1513 ut
1063 1476 1329 1521 aedificiorum,
1365 1479 1553 1516 memoria
1586 1477 1637 1515 est
1658 1478 1760 1530 quasi

353 1537 671 1584 fundamentum,
694 1540 826 1578 lumen
848 1541 966 1578 aetio.-

410 1605 468 1643 Ea
497 1605 616 1657 igitur
645 1606 778 1643 omnia
807 1606 846 1644 in
879 1620 957 1658 quo
978 1607 1142 1652 summa,
1175 1608 1247 1646 erit
1272 1618 1400 1647 orator
1416 1609 1688 1662 peritiffimus3
1720 1610 1761 1647 in

355 1685 433 1723 quo
454 1672 594 1716 media,
617 1672 851 1718 mediocris;
883 1674 924 1710 in
945 1687 1023 1726 quo
1043 1675 1221 1720 minima,
1250 1675 1493 1714 deterrimus.
1554 1677 1606 1714 Et
1626 1677 1760 1729 appel-

353 1737 538 1775 labuntur
557 1751 706 1782 omnes,
740 1747 933 1783 oratores;
967 1749 1008 1776 ut
1043 1741 1206 1792 pi&ores
1232 1742 1471 1794 appellantur
1490 1743 1605 1780 etiam
1633 1742 1724 1779 mali
1746 1760 1766 1785 ς-

356 1815 425 1840 nec
445 1803 649 1855 generibus
668 1804 768 1841 inter
788 1804 874 1849 sese,
912 1804 972 1842 sed
992 1804 1256 1852 facultatibus,
1284 1807 1473 1846 different.
1524 1809 1658 1860 Itaque
1689 1821 1759 1845 ne-

355 1882 422 1906 mo
456 1868 508 1906 est
541 1878 680 1914 orator,
712 1870 779 1922 qui
800 1870 835 1908 se
857 1871 1130 1910 Demosthenis
1157 1873 1321 1911 fimilem
1354 1874 1424 1912 esse
1445 1875 1566 1912 nolit:
1599 1885 1636 1912 at
1666 1875 1759 1912 Me-

355 1936 510 1980 nander,
534 1937 701 1974 Homeri
722 1937 870 1975 noluit:
903 1951 1024 1990 genus
1050 1939 1155 1976 enim
1176 1949 1253 1977 erat
1279 1940 1397 1978 aliud.
1458 1941 1502 1978 Id
1523 1955 1600 1978 non
1637 1941 1688 1978 est
1719 1941 1760 1977 in

355 2002 596 2047 oratoribu53
629 2012 692 2040 aut
713 2003 738 2040 fi
759 2002 825 2047 est,
859 2012 901 2041 ut
932 2003 1028 2041 alius
1054 2005 1279 2057 gravitatem
1300 2005 1472 2058 sequens,
1508 2006 1760 2044 subtilitatem

355 2067 501 2120 fugiat3
525 2071 671 2113 contra,
694 2069 788 2107 alius
809 2070 1021 2108 acutiorem
1042 2071 1090 2116 se,
1105 2085 1222 2124 quam
1242 2073 1486 2116 ornatiorem,
1503 2073 1617 2110 velit:
1642 2073 1760 2109 etiam

355 2134 382 2172 fi
401 2133 453 2172 est
486 2134 526 2171 in
546 2148 682 2186 genere
714 2135 916 2180 tolerabili,
949 2146 1049 2174 certe
1081 2151 1159 2174 non
1190 2137 1242 2174 est
1272 2139 1312 2176 in
1344 2139 1522 2191 optin103
1554 2138 1757 2191 siquidem,

356 2200 460 2252 quod
480 2214 614 2238 omnes
634 2201 763 2239 laudes
783 2200 912 2246 habet,
934 2202 973 2239 id
993 2202 1045 2239 est
1065 2203 1277 2254 optimum.

412 2267 486 2304 ΙΙΙ.
520 2267 616 2304 Haec
637 2267 718 2304 dixi
738 2268 887 2305 brevius
908 2269 1104 2320 equidem,
1132 2283 1249 2321 quam
1271 2284 1326 2308 res
1346 2270 1499 2323 petebat
1517 2285 1526 2307 ι
1559 2270 1619 2308 sed
1636 2270 1680 2307 ad
1702 2269 1755 2313 id,

357 2331 461 2382 quod
481 2332 645 2382 agimus,
681 2346 757 2369 non
778 2331 854 2370 fuit
882 2334 1090 2371 dicendum
1111 2334 1301 2386 pluribus.
1363 2337 1500 2373 Unum
1530 2336 1634 2372 enim
1665 2348 1756 2371 cum

357 2397 401 2435 sit
435 2411 569 2449 genUS,
601 2397 640 2434 id
672 2398 781 2449 quale
803 2398 861 2443 fit,
895 2400 1117 2450 quaerimus.
1178 2400 1245 2437 Est
1275 2411 1403 2439 autem
1439 2401 1524 2444 talc,
1556 2400 1667 2452 quale
1683 2399 1755 2436 flo-

358 2463 435 2500 ruit
470 2462 649 2523 Athenis,
680 2477 725 2501 ex
757 2477 835 2515 quo
866 2465 1091 2503 Atticorum
1125 2476 1319 2504 oratorum
1341 2467 1418 2519 ipsa
1448 2467 1504 2503 vis
1530 2466 1659 2517 ignota
1688 2464 1753 2508 est,

357 2539 448 2568 nota
465 2530 599 2582 gloria.
659 2529 765 2568 Nam
800 2531 962 2569 alterum
995 2532 1112 2570 multi
1142 2533 1333 2578 viderunt,
1370 2532 1491 2570 vitiofi
1525 2531 1624 2569 nihil
1658 2530 1757 2583 apud
