2176 2912
744 172 1275 213 ORATOR.
1635 190 1716 232 439

314 278 357 307 ut
378 269 557 307 mulieres
587 266 657 305 effe
682 267 865 306 dicuntur
885 265 1081 305 nonnullae
1107 266 1303 312 inornatae,
1334 280 1427 320 quas
1458 267 1626 321 idipsum
1646 271 1716 308 de-

313 344 396 374 ceat
411 354 422 380 3
455 335 504 372 fic
522 333 603 372 haec
623 333 773 372 subtilis
793 334 913 372 oratio
930 334 1047 372 etiam
1067 333 1266 386 incompta
1286 333 1458 373 delectat.
1519 336 1584 373 Fit
1610 337 1716 375 enim

313 401 500 453 quiddam
530 400 571 437 in
603 408 780 452 utroque,
822 414 900 452 quo
933 400 978 438 fit
1011 399 1218 445 venustius,
1256 399 1318 438 sed
1348 414 1425 438 non
1455 410 1498 438 ut
1527 412 1715 454 appareat.

312 467 423 505 Tum
443 465 705 504 removebitur
735 466 862 504 omnis
893 466 1050 518 infignis
1070 474 1240 511 ornatus,
1272 466 1374 518 quafi
1396 467 1685 518 margaritarum
1705 483 1714 507 τ

311 546 359 570 ne
379 525 583 570 calamistri
616 532 774 584 quidem
805 531 1120 570 adhibebuntur:
1164 531 1283 570 fucati
1317 546 1406 571 vero
1437 533 1718 572 medicamenta

312 599 502 644 candoris,
544 607 582 636 et
631 598 778 636 ruboris
818 599 950 636 omnia
985 598 1242 651 repellentur:
1289 598 1477 651 elegantia
1511 600 1642 644 modo,
1680 610 1718 638 et

313 665 507 704 munditia
540 665 765 703 remanebit.
826 667 957 703 Sermo
988 679 1106 718 purus
1137 666 1208 702 erit
1238 674 1275 703 et
1303 665 1492 703 Latinus:
1531 666 1716 711 dilucide,

312 732 503 784 planeque
524 731 694 769 dicetur:
727 731 821 783 quid
842 731 983 776 deceat,
1006 730 1352 783 circumspicietur.

359 798 512 836 XXIV.
533 799 669 835 Unum
691 797 823 841 aderit,
846 797 951 849 quod
971 807 1149 849 quartum
1174 807 1348 835 numerat
1368 796 1657 850 Theophrastus
1679 798 1718 836 in

313 853 493 902 orationis
514 864 704 908 laudibus,
736 873 916 901 ornatum
938 858 1180 908 illud‘suave,
1203 873 1239 901 et
1260 863 1418 902 affluens
1438 880 1446 902 ε
1476 875 1608 909 acutae‚
1631 878 1716 902 cre—

314 930 467 982 braeque
501 929 696 967 sententiae
727 938 931 982 ponentur,
977 938 1015 967 et
1044 929 1171 967 nescio
1207 929 1307 967 unde
1341 943 1388 967 ex
1421 930 1552 968 abdito
1586 940 1716 974 erutae,

312 1005 426 1048 atque
445 996 483 1033 in
505 994 580 1033 hoe
602 1005 748 1034 oratore
769 996 1087 1034 dominabuntur.
1120 996 1369 1034 Verecundus
1390 997 1461 1034 erit
1482 997 1568 1034 usus
1589 1006 1717 1034 orato-

313 1062 377 1100 riae
409 1063 510 1114 quasi
543 1061 803 1114 supellectilis.
851 1063 1030 1115 Supellex
1061 1062 1113 1100 est
1132 1063 1237 1100 enim
1269 1062 1558 1115 quodammodo
1579 1062 1716 1107 nostra,

313 1141 400 1180 quae
419 1127 472 1165 est
487 1127 526 1164 in
547 1128 796 1172 ornamentis,
811 1128 882 1165 alia
898 1142 1040 1173 rerum,
1062 1128 1134 1166 alia
1152 1129 1372 1167 verborum.
1397 1130 1566 1166 Ornatus
1587 1139 1718 1167 autem

312 1195 534 1239 verborum,
557 1193 699 1246 duplex
718 1209 726 1232 :
758 1208 857 1232 unus
878 1195 1131 1247 fimplicium,
1162 1195 1256 1233 alter
1275 1195 1568 1234 collocatorum.
1613 1196 1717 1234 Sim-

313 1261 404 1313 plex
440 1260 621 1313 probatur
655 1260 695 1297 in
728 1261 905 1313 propriis,
937 1261 1155 1313 ufitatisque
1184 1261 1324 1306 verbis,
1357 1262 1461 1313 quod
1487 1271 1551 1299 aut
1571 1262 1718 1314 optime

314 1327 433 1372 sonat,
465 1336 530 1365 aut
561 1340 641 1365 rem
674 1327 844 1364 maxime
874 1328 1064 1380 explanat.
1126 1329 1169 1365 In
1206 1328 1350 1373 alienis,
1383 1337 1447 1365 aut
1482 1328 1716 1373 transsatum,

313 1403 379 1432 aut
410 1393 555 1432 fadum
586 1393 752 1438 aliunde,
785 1403 827 1432 ut
858 1404 1024 1439 mutuo;
1057 1403 1121 1432 aut
1151 1393 1295 1432 factum
1328 1395 1374 1432 ab
1404 1395 1512 1447 ipso;
1545 1404 1608 1432 aut
1645 1409 1717 1433 no-

313 1474 422 1505 vum,
458 1469 522 1498 aut
542 1459 710 1512 priscum
731 1470 769 1497 et
788 1461 1027 1499 inusitatum.
1093 1461 1163 1498 Sed
1191 1462 1308 1499 etiam
1335 1461 1510 1498 inufitata
1535 1474 1577 1498 ac
1598 1461 1718 1513 prisc'a

314 1527 401 1566 sunt
431 1528 471 1565 in
491 1527 668 1579 propriis,
700 1527 768 1564 nisi
790 1527 894 1579 quod
914 1541 996 1566 raro
1017 1528 1176 1565 utimur.
1227 1528 1424 1566 collocata
1454 1537 1583 1565 autem
1604 1527 1719 1565 verba

312 1592 457 1632 habent
477 1603 670 1638 ornatum,
701 1593 728 1630 s1
758 1593 905 1645 aliquid
937 1593 1208 1631 concinnitatis
1240 1594 1428 1638 efficiunt,
1460 1594 1565 1645 quod
1596 1594 1719 1631 verbis

313 1660 472 1697 mutatis
494 1673 569 1697 non
591 1668 755 1703 maneat,
787 1668 967 1697 manente
988 1659 1187 1697 sententia.
1234 1659 1340 1697 Nam
1362 1659 1634 1696 sententiarum
1655 1673 1718 1697 or-

314 1735 506 1769 namenta,
539 1739 623 1776 quae
654 1734 893 1776 permanent,
924 1726 1039 1762 etiam
1072 1725 1097 1762 fi
1133 1726 1244 1764 verba
1275 1726 1494 1770 mutaveris,
1538 1725 1623 1763 sunt
1653 1725 1720 1762 illa

314 1791 473 1844 quidem
495 1791 699 1843 permulta,
731 1791 806 1835 sed,
838 1805 922 1843 quae
948 1792 1154 1836 emineant,
1186 1794 1375 1844 pauciora.
1437 1793 1541 1845 Ergo
1568 1792 1633 1829 ille
1659 1801 1718 1830 te-

314 1859 399 1895 nuis
421 1866 558 1901 orator,
590 1857 707 1894 modo
728 1856 773 1894 fit
793 1857 957 1909 elegans,
980 1871 1050 1894 nec
1071 1858 1110 1895 in
1132 1857 1316 1896 faciendis
1338 1859 1462 1896 verbis
1482 1859 1553 1896 erit
1581 1858 1716 1903 audax,

313 1933 352 1961 et
373 1924 412 1961 in
435 1922 700 1960 transferendis
723 1923 973 1967 verecundus,
1005 1933 1041 1960 et
1072 1937 1205 1975 parcus
1238 1924 1277 1961 in
1308 1924 1453 1976 priscis,
1487 1924 1720 1975 reliquisque

314 1989 548 2027 ornamentis
570 1998 608 2026 et
628 1988 847 2034 verborum,
869 1998 907 2026 et
927 1989 1201 2026 sententiarum
1229 1989 1420 2027 demiffior
1438 2005 1445 2027 :
1481 1989 1720 2027 transsatione

312 2054 462 2093 fortaffe
497 2055 678 2099 crebrior,
716 2069 792 2107 qua
824 2054 1128 2107 frequentiffime
1165 2056 1286 2093 sermo
1321 2056 1447 2094 omnis
1485 2057 1606 2093 utitur
1640 2067 1718 2094 non

313 2121 432 2159 modo
452 2122 702 2166 urbanorum,
733 2121 796 2159 sed
826 2122 942 2160 etiam
964 2123 1207 2160 rusticorum.
1269 2123 1467 2174 Siquidem
1499 2122 1550 2160 est
1568 2136 1717 2167 eorum,

308 2202 487 2239 gemmare
512 2189 617 2232 vites,
633 2188 745 2238 sttire·
773 2203 892 2240 agros,
923 2189 1026 2227 laetas
1056 2188 1115 2241 (ffb
1130 2191 1281 2241 stgetes,
1313 2190 1453 2227 [ammio
1469 2205 1492 2227 a
1505 2189 1716 2241 fimtm’nla.

315 2252 432 2291 Nihil
453 2252 593 2292 horum
615 2268 749 2306 parum
768 2255 954 2300 audacter,
987 2255 1048 2292 sed
1069 2265 1133 2293 aut
1155 2256 1277 2293 fimile
1297 2255 1348 2293 est
1369 2256 1441 2299 illi,
1476 2255 1575 2292 unde
1598 2255 1716 2292 trans-

314 2317 438 2362 feras3
470 2328 547 2363 aut,
579 2318 604 2356 fi
639 2332 694 2356 res
729 2319 842 2357 suum
876 2320 1031 2358 nullum
1062 2319 1178 2358 habet
1212 2334 1370 2365 nomen,
1414 2320 1574 2358 docendi
1609 2318 1718 2356 causa

314 2384 528 2436 sumptum,
550 2398 628 2422 non
648 2384 821 2430 ludendi,
843 2386 1005 2424 videtur.
1050 2387 1140 2424 Hoc
1161 2396 1388 2425 ornamento
1408 2387 1565 2425 liberius
1586 2383 1714 2436 paulo,

315 2464 432 2503 quain
463 2451 620 2495 caeteris,
657 2460 785 2489 utetur
804 2451 868 2489 hie
890 2452 1131 2497 summifl'us3
1165 2467 1233 2490 nec
1268 2463 1346 2492 tam
1378 2454 1536 2491 licenter
1571 2460 1713 2495 tamen,

316 2529 434 2569 quam
455 2516 482 2555 fi
501 2530 637 2569 genere
657 2516 811 2556 dicendi
832 2527 999 2556 uteretur
1016 2518 1261 2571 ampliffimo.
