2176 2912
456 207 533 260 296
810 207 923 246 DE
1002 207 1509 248 ORATORE

452 300 524 339 effe
557 300 718 345 dicunt;
760 313 885 353 neque
917 310 1045 339 tamen
1075 315 1311 354 quemquam
1347 301 1418 340 effe
1448 301 1670 354 sapientem.
1729 302 1853 341 Valde

453 377 582 406 autem
602 367 655 405 est
674 367 893 412 absurdum,
924 368 959 404 ei
977 368 1219 413 concionem,
1242 377 1306 406 aut
1326 368 1513 413 senatum,
1536 378 1600 406 aut
1621 368 1748 407 ullum
1768 381 1851 407 coe-

454 442 541 472 tum
570 432 780 471 hominum
800 434 1058 478 committere,
1089 434 1152 472 cui
1183 447 1300 472 nemo
1330 434 1500 479 illorum,
1532 435 1600 486 qui
1630 434 1764 479 adsint,
1795 434 1850 472 sa-

452 512 539 544 nus,
572 512 686 537 nemo
705 499 813 543 civis,
845 512 960 537 nemo
980 498 1090 543 liber,
1111 499 1180 536 effe
1200 500 1383 537 videatur.
1444 500 1621 544 Accedit,
1647 499 1751 551 quod
1766 513 1851 537 ora-

452 566 568 604 tionis
588 567 704 604 etiam
725 579 843 618 genus
865 565 1006 603 habent
1026 565 1173 603 fortasse
1192 565 1342 610 subtile,
1373 575 1411 603 et
1431 575 1532 603 certe
1553 573 1711 604 acutum
1727 584 1738 611 ;
1775 566 1851 609 sed,
1875 554 1877 556 V

451 640 496 669 ut
515 632 555 669 in
575 640 732 674 oratore,
764 631 876 675 exile,
898 630 1135 674 inusitatum,
1168 629 1374 667 abhorrens
1394 630 1441 667 ab
1462 631 1615 669 auribus
1635 630 1756 683 vulgi,
1778 631 1851 668 ob·-

452 696 619 741 scurum,
656 697 778 740 inane,
808 696 1004 747 jejunum,
1041 703 1209 732 attamen
1239 695 1440 746 ejusmodi,
1472 708 1550 747 quo
1571 697 1628 733 uti
1648 696 1694 733 ad
1714 696 1851 748 vulgus

453 762 562 800 nullo
592 761 709 799 modo
740 761 866 813 pofiis.
926 760 1015 798 Alia
1044 761 1149 798 enim
1169 770 1206 798 et
1226 761 1338 805 bona,
1370 770 1407 798 et
1427 760 1527 798 mala
1552 761 1729 799 videntur
1749 761 1851 799 Stoi-

452 829 521 872 cis,
553 837 589 865 et
621 828 764 865 caeteris
794 827 961 872 civibus,
993 827 1051 864 vel
1086 827 1214 879 potius
1245 827 1453 879 gentibus:
1492 827 1565 864 alia
1594 827 1649 865 vis
1680 826 1850 871 honoris,

450 894 689 945 ignominiae,
722 893 883 945 praemii,
905 892 1097 945 supplicii.
1130 893 1243 936 Vere,
1266 906 1312 930 an
1330 893 1447 937 secus,
1470 891 1569 930 nihil
1590 893 1635 930 ad
1656 891 1731 930 hoc
1749 902 1850 930 tem-

450 972 547 1010 pus:
580 958 640 996 sed
660 972 701 995 ea
729 959 754 996 sl
775 958 989 1010 sequamur,
1022 957 1169 996 nullam
1191 971 1363 1009 unquam
1394 971 1476 995 rem
1496 958 1658 996 dicendo
1678 958 1852 1010 expedire

452 1025 648 1077 poffimus.

508 1091 666 1143 Reliqui
698 1091 784 1129 sunt
816 1091 1072 1143 Peripatetici,
1104 1102 1141 1130 et
1162 1091 1414 1129 Academici:
1447 1104 1668 1143 quanquam
1700 1091 1849 1129 Acade-

451 1157 645 1194 micorum
680 1171 821 1194 nomen
852 1157 904 1194 est
935 1171 1073 1201 unum,
1105 1157 1297 1195 sententiae
1328 1157 1424 1194 duae.
1486 1156 1590 1194 Nam
1624 1156 1850 1208 Speusippus

452 1223 622 1260 Platonis
657 1223 789 1260 sororis
822 1222 938 1267 filius,
980 1233 1018 1260 et
1048 1224 1296 1267 Xenocrates,
1333 1223 1401 1274 qui
1436 1222 1638 1260 Platonem
1667 1222 1849 1267 audierat,

450 1297 489 1324 et
524 1288 591 1339 qui
623 1288 894 1331 Xenocratem,
940 1287 1100 1325 Polemo
1134 1297 1171 1325 et
1201 1289 1378 1331 Crantor,
1417 1286 1516 1324 nihil
1551 1287 1598 1325 ab
1633 1287 1849 1331 Aristotele,

450 1354 518 1404 qui
550 1367 625 1390 una
658 1353 824 1390 audierat
843 1352 1058 1397 Platonem,
1089 1366 1319 1405 magnopere
1340 1352 1529 1390 diffenfit:
1562 1353 1672 1404 copia
1701 1351 1851 1390 fortaffe

449 1428 488 1456 et
519 1419 694 1456 varietate
725 1418 877 1455 dicendi
898 1432 1003 1470 pares
1026 1432 1102 1456 non
1123 1418 1293 1457 fuerunt.
1354 1418 1538 1456 Arcesilas
1566 1418 1750 1470 primum,
1782 1418 1851 1469 qui

452 1485 704 1522 Polemonem
739 1483 920 1527 audierat,
951 1497 997 1521 ex
1028 1484 1136 1521 variis
1168 1484 1337 1522 Platonis
1372 1484 1494 1528 libris,
1536 1482 1851 1534 sermonibusque

452 1550 652 1588 Socraticis
683 1548 758 1586 hoc
792 1549 961 1587 maxime
993 1549 1165 1600 arripuit,
1196 1549 1295 1586 nihil
1316 1549 1385 1587 effe
1405 1550 1512 1593 certi,
1545 1549 1647 1600 quod
1681 1558 1745 1586 aut
1765 1548 1850 1587 sen-

449 1616 564 1660 fibus,
595 1624 659 1653 aut
679 1615 808 1653 animo
838 1615 983 1666 percipi
1013 1614 1150 1666 possit:
1184 1628 1300 1666 quem
1332 1614 1474 1659 ferunt,
1509 1615 1653 1652 eximio
1681 1614 1848 1666 quodam

452 1682 562 1719 usum
582 1681 709 1733 lepore
730 1680 895 1725 dicendi,
928 1679 1167 1732 aspernatum
1187 1680 1257 1718 effe
1277 1694 1393 1718 omne
1412 1680 1531 1719 animi
1562 1680 1760 1732 sensusque
1779 1681 1848 1732 ju-

450 1748 613 1792 dicium,
649 1747 899 1798 primumque
930 1745 1126 1782 instituisse
1164 1746 1402 1798 <quanquam
1435 1746 1473 1783 id
1503 1745 1579 1783 fuit
1611 1746 1850 1784 Socraticum

450 1814 635 1865 maxime)
659 1826 749 1856 non,
772 1812 866 1864 quid
884 1812 961 1864 ipse
980 1811 1146 1856 sentiret,
1177 1811 1368 1851 ostendere
1384 1830 1396 1857 5
1428 1811 1490 1850 sed
1511 1820 1642 1850 contra
1662 1812 1715 1857 id,
1745 1813 1849 1865 quod

451 1880 610 1932 quisqu-e
631 1879 665 1916 se
684 1879 817 1916 sentire
838 1878 1000 1923 dixisset,
1023 1878 1225 1931 disputare.

505 1951 614 1989 Hinc
634 1950 715 1989 haec
736 1951 924 1988 recentior
944 1951 1155 1989 Academia
1173 1951 1377 1995 emanavit,
1408 1951 1447 1988 in
1468 1964 1543 2003 qua
1570 1951 1698 1988 extitit
1721 1951 1849 1988 divina

450 2018 615 2069 quadam
635 2017 826 2055 celeritate
847 2017 991 2069 ingenii
1012 2016 1241 2068 dicendique
1261 2017 1369 2068 copia
1390 2016 1600 2054 Carneades
1614 2035 1625 2060 ς
1647 2017 1756 2067 cujus
1777 2029 1848 2068 ego

450 2084 514 2121 etsi
536 2084 680 2122 multos
702 2084 890 2121 auditores
906 2083 1069 2135 cognovi
1090 2082 1269 2127 Athenis,
1293 2092 1419 2120 tamen
1437 2083 1603 2119 au&01‘es
1624 2081 1848 2120 certissimos

451 2149 599 2187 laudare
630 2149 792 2201 poffum,
824 2157 860 2186 et
892 2149 1064 2186 socerum
1098 2162 1229 2185 meum
1252 2147 1472 2191 Scaevolam,
1504 2148 1572 2199 qui
1601 2161 1691 2185 eum
1713 2149 1848 2186 Romae

448 2215 595 2254 audivit
614 2215 841 2267 adolescens,
858 2224 896 2252 et
912 2215 976 2266 Q
989 2214 1200 2252 Metellum
1219 2215 1267 2252 L.
1286 2214 1426 2258 filium,
1448 2213 1676 2252 familiarem
1698 2228 1846 2259 meum,

449 2280 698 2320 clariffimum
717 2281 858 2324 virum,
890 2279 958 2331 qui
988 2279 1103 2317 illum
1124 2293 1143 2316 a
1163 2279 1198 2317 se
1218 2279 1452 2317 adolescente
1480 2278 1660 2323 Athenis,
1686 2279 1769 2332 jam
1787 2279 1846 2318 af·-

450 2347 596 2386 fedtum
618 2346 820 2391 senectute,
843 2346 988 2384 multos
1009 2345 1086 2384 dies
1107 2347 1283 2384 auditum
1303 2346 1372 2384 effe
1393 2346 1557 2384 dicebat.

505 2414 618 2452 XIX.
639 2414 735 2452 Haec
751 2421 893 2458 autem,
916 2422 958 2451 ut
978 2426 1024 2451 ex
1044 2413 1251 2465 Apennino
1271 2411 1494 2457 fluminum,
1514 2412 1563 2451 slc
1584 2426 1628 2451 ex
1644 2412 1847 2453 communi

450 2479 679 2532 fiapientium
690 2479 801 2531 jugo,
823 2478 907 2516 sunt
928 2478 1185 2517 doctrinarum
1206 2477 1303 2516 fad'm
1321 2478 1482 2517 divortia
1498 2497 1509 2523 ς
1532 2488 1575 2517 ut
1602 2477 1843 2530 Philosophi,

447 2555 632 2598 tanquam
652 2544 693 2584 in
713 2543 892 2598 superum
907 2557 1011 2583 marc
1027 2544 1183 2584 Ionium
1202 2543 1424 2591 defluerent,
1447 2545 1630 2585 Graecum
1650 2542 1845 2596 quoddam
