2176 2912
779 168 816 205 O
876 167 912 204 R
968 165 1005 202 A
1063 163 1101 202 T
1160 163 1197 201 O
1256 164 1307 200 R.
1669 176 1746 216 459

404 260 574 301 XLVII.
606 258 729 311 Qid‚
752 258 858 310 quod
878 258 926 296 fic
947 257 1069 310 loqui,
1101 255 1198 310 noſjb,
1216 254 1398 308 judicaffi’,
1421 264 1549 293 vetant
1565 274 1577 300 5
1608 254 1747 308 novff’,

342 329 498 381 jubent,
533 336 570 364 et
585 325 798 378 judicavqffi
811 324 830 362 ,ἕ
861 324 963 377 quali
994 337 1081 360 vero
1116 323 1342 366 nesciamus,
1378 322 1418 358 in
1451 320 1525 360 hoc
1556 335 1692 374 genere
1712 330 1750 358 et

348 393 510 446 plenum
527 392 688 429 verbum
709 393 807 428 redte
827 390 919 435 dici,
940 398 978 427 et
997 389 1256 427 imminutum
1273 387 1417 425 ufitate.
1442 388 1575 439 Itaque
1596 396 1749 424 utrum-

349 473 426 512 que
446 459 669 502 Terentius,
701 457 794 501 Eho,
827 466 869 495 tu
887 465 1076 509 cognatum
1105 465 1206 493 tuum
1239 468 1306 492 non
1336 453 1474 492 noras?
1523 453 1612 490 Post
1631 453 1749 497 idem,

351 525 580 579 Stilphonem,
602 525 759 577 inquam,
781 537 932 561 noveras
949 524 968 561 .-9
999 522 1088 566 Siet,
1110 520 1272 574 plenum
1289 520 1342 558 est
1357 538 1369 565 3
1382 520 1454 572 sit,
1477 519 1749 557 imminutum.

352 593 464 630 Licet
484 600 589 630 utare
609 601 785 642 utroque.
846 590 951 642 Ergo
970 588 1142 632 ibidem;

487 660 605 710 Qlam
626 672 715 695 cara
719 658 880 708 sintque,
905 655 981 709 post
999 653 1147 694 carendo
1167 653 1385 706 hltelligunt,

488 726 672 778 Qtamque
691 722 871 761 attinendi
885 722 1010 774 magni
1024 721 1222 760 dominatus
1227 721 1339 773 sient.

352 791 440 829 Nec
475 805 564 829 vero
596 788 920 843 reprehenderim,
953 789 1130 842 Scrzpsere
1148 788 1214 825 alii
1239 801 1312 825 rem
1327 805 1339 830 3
1370 795 1407 823 et
1413 785 1655 839 sbripſs’runt,
1685 783 1756 822 efl‘e

352 858 477 895 verius
512 856 659 900 sentio;
691 855 754 893 sed
787 855 1054 893 consuetudini
1075 853 1228 891 auribus
1260 852 1477 905 indulgenti
1498 852 1662 889 libenter
1682 851 1756 889 ob-

353 923 501 976 sequor.
561 922 657 962 Idem
677 930 820 974 campus
839 921 959 966 habet,
988 921 1117 973 inquit
1138 919 1288 957 Ennius
1306 937 1318 963 ;
1350 927 1400 963 et,
1423 919 1459 956 in
1479 918 1616 971 templis
1640 917 1756 971 ¹isdem,

353 990 543 1043 probavit.
603 991 671 1034 At,
693 988 824 1042 effiiem,
856 998 933 1026 erat
953 988 1076 1025 verius
1093 1005 1105 1032 3
1138 999 1208 1024 nec
1231 994 1372 1030 tamen,
1404 984 1535 1038 effdem,
1571 985 1756 1037 opimius.

355 1057 464 1095 NIale
484 1057 651 1100 sonabat,
673 1055 799 1109 ijliiem.
832 1056 1088 1107 Impetratum
1109 1053 1160 1091 est
1181 1066 1201 1090 a
1221 1052 1510 1096 consuetudine,
1543 1060 1586 1088 ut
1605 1063 1760 1103 peccare

355 1124 547 1161 suavitatis
567 1121 674 1159 causa
694 1122 839 1158 liceret.
872 1121 924 1158 Et
936 1118 1198 1172 pomeridianas
1218 1118 1425 1171 quadrigas,
1443 1131 1561 1170 quam
1574 1117 1760 1170 postmeri-

355 1189 493 1234 dianas,
525 1188 708 1226 libentius
742 1187 935 1231 dixerim,
967 1195 1005 1224 et
1024 1186 1228 1230 mehercule,
1263 1198 1382 1237 quam
1407 1184 1629 1223 mehercules.
1674 1185 1762 1222 IVon

343 1257 443 1310 scire
463 1256 638 1309 quidem,
655 1254 860 1292 barbarum
875 1254 957 1305 jam
976 1253 1126 1290 videtur
1142 1270 1153 1296 3
1186 1252 1315 1305 mstire
1334 1251 1501 1289 dulcius.
1535 1250 1666 1303 Ipsum
1686 1264 1760 1288 me-

357 1322 493 1368 ridiem,
515 1337 584 1360 cur
603 1335 681 1360 non
701 1320 876 1359 medldiem
893 1320 913 1358 ,9
943 1320 1068 1363 credo,
1088 1319 1193 1371 quod
1213 1327 1291 1355 erat
1310 1317 1514 1355 insuavius.

414 1391 503 1428 Una
523 1388 735 1442 praepofitio
755 1387 821 1432 est,
846 1399 942 1431 ABS,
965 1399 1083 1438 eaque
1103 1398 1205 1422 nunc
1228 1393 1379 1422 tantum
1410 1384 1449 1420 in
1477 1382 1624 1436 accepti
1647 1382 1761 1420 tabu-

360 1457 405 1495 lis
427 1466 568 1500 manet,
600 1469 646 1493 ne
666 1454 726 1492 his
748 1454 907 1506 quidem
933 1453 1113 1491 omnium
1133 1467 1140 1490 ε
1174 1452 1213 1489 in
1247 1451 1394 1503 reliquo
1414 1450 1586 1488 sermone
1616 1457 1764 1487 mutata

359 1524 425 1562 est.
458 1523 565 1561 Nam
584 1522 720 1560 amovit
751 1521 931 1564 dicimus,
962 1529 999 1557 et
1019 1519 1152 1570 abegit,
1189 1527 1226 1555 et
1247 1517 1402 1570 abstulit,
1439 1526 1482 1554 ut
1501 1517 1584 1568 jam
1605 1515 1761 1561 nescias,

358 1590 454 1628 abne
469 1602 604 1627 verum
620 1588 678 1632 fit,
696 1601 742 1624 an
761 1586 838 1625 abs.
871 1585 979 1637 Qid
996 1585 1022 1622 fi
1038 1585 1154 1622 etiam
1175 1583 1332 1635 abfilgit,
1353 1592 1464 1635 turpe
1483 1581 1607 1619 visum
1628 1581 1703 1626 est,
1726 1591 1763 1620 et

359 1656 464 1708 abfer
497 1655 715 1699 noluerunt,
745 1653 851 1705 aufer
882 1651 1128 1690 maluerunt?
1159 1664 1244 1702 quae
1275 1649 1488 1702 praepositio
1518 1657 1651 1700 praeter
1680 1646 1763 1685 haec

361 1723 439 1760 duo
468 1722 581 1759 verba
605 1720 714 1758 nullo
744 1720 819 1757 alio
850 1720 890 1756 in
921 1718 1035 1755 verbo
1065 1717 1263 1769 reperitur.
1324 1716 1419 1754 Noti
1440 1724 1559 1758 erant,
1591 1723 1627 1751 et
1658 1714 1762 1759 naz-i,

363 1796 400 1825 et
420 1787 517 1831 nari,
549 1786 689 1838 quibus
710 1799 802 1822 cum
838 1797 888 1822 IN
924 1783 1091 1835 praeponi
1125 1792 1329 1834 oporteret,
1361 1781 1511 1819 dulcius
1539 1780 1662 1818 visum
1696 1779 1762 1824 est,

363 1854 489 1906 tgnoti,
520 1851 660 1904 Ignavi,
682 1851 816 1904 ignari,
839 1851 976 1893 dicere,
996 1863 1113 1901 quam
1135 1859 1177 1886 ut
1204 1849 1336 1886 veritas
1364 1847 1590 1900 postulabat.
1622 1847 1684 1884 Ex
1703 1861 1726 1883 u
1742 1847 1765 1884 ic

363 1921 513 1964 dicunt,
541 1926 579 1955 et
599 1933 615 1956 e
634 1914 826 1970 republica,
858 1917 961 1969 quod
982 1916 1020 1953 in
1042 1915 1159 1952 altero
1179 1914 1317 1952 vocalis
1338 1913 1566 1965 excipiebat,
1588 1913 1627 1950 in
1647 1912 1766 1950 altero

364 1986 451 2024 esset
485 1985 674 2037 asperitas,
711 1984 778 2021 nifi
813 1983 963 2020 literam
985 1981 1184 2020 sustuliffes
1201 1999 1212 2025 3
1243 1989 1299 2024 ut,
1321 1980 1449 2032 exegit,
1482 1979 1604 2022 edixit,
1635 1978 1764 2031 ejffi’cit,

365 2052 507 2096 extulit,
524 2049 656 2089 edidit:
678 2049 844 2101 adjunfti
868 2048 970 2085 verbi
992 2048 1158 2100 primam
1178 2046 1329 2083 literam
1350 2044 1562 2097 praepositio
1582 2056 1764 2081 commu·

367 2119 472 2162 tavit,
494 2126 536 2154 ut
542 2117 703 2170 fichegz't,
721 2115 982 2169 sicmmutavit‚
1000 2113 1161 2167 szstulz't.

421 2184 612 2222 XLVIII.
645 2183 753 2233 Qid
774 2183 813 2220 in
833 2181 957 2219 verbis
972 2181 1117 2233 *iundtis
1137 2181 1149 2217 ?
1181 2192 1298 2232 quam
1326 2177 1415 2215 scite
1441 2177 1666 2230 z'7sspiente7n‚
1690 2189 1765 2213 non

367 2250 590 2303 irffapientem
607 2250 625 2287 .?
655 2249 826 2301 iniquum,
859 2262 935 2285 non
957 2248 1132 2300 inaequum
1147 2247 1166 2284 ?
1196 2245 1402 2297 tricipitem,
1432 2258 1507 2281 non
1530 2243 1731 2295 tric-apitem
1746 2240 1765 2278 ?

368 2316 549 2367 coucgficm,
572 2328 649 2352 non
669 2316 856 2368 concqu
873 2315 893 2352 ?
924 2315 984 2351 Ex
1006 2327 1084 2365 quo
1101 2313 1256 2364 quidam
1273 2311 1447 2363 pertfficm
1467 2310 1582 2347 etiam
1604 2307 1737 2344 volunt
1752 2324 1762 2349 ;

365 2382 470 2432 quod
489 2381 619 2418 eadem
639 2379 873 2417 consuetudo
893 2393 970 2417 non
990 2379 1178 2431 probavit.
1211 2377 1319 2428 Qid
1339 2390 1426 2413 vero
1447 2375 1521 2413 hoc
1541 2372 1764 2424 elegantius,

369 2446 472 2497 quod
503 2459 580 2484 non
611 2445 656 2483 fit
686 2445 832 2490 natura,
874 2444 934 2483 sed
968 2444 1137 2497 quodam
1168 2442 1374 2481 instituto?
1420 2441 1568 2492 imlylus
1599 2438 1764 2475 dicimus

1243 2509 1290 2545 M
1314 2521 1353 2544 m
1373 2521 1411 2543 m
1446 2519 1465 2542 2
