2176 2912
662 179 1382 221 ORATORIBUS.
1650 199 1727 240 399

324 277 590 317 veteratoriam
619 275 806 313 rationem
837 273 990 312 dicendi
1011 282 1128 318 tenet,
1160 286 1267 318 voce,
1305 282 1430 319 motu,
1466 273 1592 315 forma
1612 278 1729 318 etiam

325 344 544 398 magnifica,
575 352 613 380 et
632 340 811 394 generosa
827 340 1131 393 quodammodo.

380 414 489 450 Tum
510 411 665 453 Brutus,
698 408 900 446 Orationes
930 408 1088 460 quidem
1119 409 1200 460 ejus
1231 407 1331 446 mihi
1362 407 1607 448 vehementer
1635 426 1728 464 pro-

324 478 463 515 bantur
474 495 486 521 3
509 475 727 528 complures
744 484 874 512 autem
894 474 984 527 legi.
1008 476 1140 527 Atque
1160 474 1277 512 etiam
1297 476 1594 515 commentarios
1613 479 1727 530 quos-

322 545 413 581 dam
447 542 592 595 scripfit
625 555 754 580 rerum
785 541 969 579 suarum:
1015 541 1124 579 valde
1150 541 1325 594 quidem,
1356 542 1529 594 inquam,
1560 544 1729 596 proban-

322 610 390 647 dos
406 628 418 654 ς
451 609 547 647 nudi
579 608 684 646 enim
719 607 819 653 sunt,
851 607 941 645 resti
973 616 1010 645 et
1041 607 1200 653 venusti,
1231 608 1340 646 omni
1370 617 1506 646 ornatu
1533 610 1728 655 orationis,

324 686 510 729 tanquam
540 675 653 720 veste,
684 675 864 713 definito.
917 675 988 713 Sed
1018 674 1114 713 dum
1132 675 1268 720 voluit,
1300 676 1393 714 alios
1425 674 1563 714 habere
1588 686 1729 729 parata,

323 744 426 782 unde
447 743 653 787 sumerent,
685 743 753 794 qui
783 742 925 780 vellent
958 742 1118 780 scribere
1148 741 1375 787 historiam3
1408 743 1546 796 ineptis
1574 753 1730 796 gratum

322 809 473 848 fortaffe
506 809 613 854 fecit,
645 809 713 861 qui
746 809 884 847 volunt
904 809 969 846 illa
987 809 1209 846 calamistris
1237 809 1409 847 inurere:
1443 809 1548 848 sanos
1569 810 1728 862 quidem

322 876 502 914 homines
536 889 557 913 a
575 874 775 913 scribendo
795 874 992 913 deterruit.
1042 873 1156 913 Nihil
1178 876 1283 913 enim
1303 875 1354 912 est
1375 875 1415 913 in
1435 874 1603 921 historia,
1635 890 1729 929 pura

322 951 361 980 et
380 941 518 979 illustri
538 940 721 979 brevitate
741 940 908 978 dulcius.
947 940 1019 978 Sed
1038 940 1084 978 ad
1104 953 1181 985 eos,
1204 940 1229 978 fi
1250 941 1387 993 placet,
1411 941 1479 993 qui
1499 942 1576 980 vit-21
1596 942 1728 980 exces-

322 1008 463 1053 serunt,
485 1016 731 1046 revertamur.

368 1075 558 1113 LXXVI.
582 1075 629 1112 C.
650 1074 814 1112 Sicinius
832 1074 965 1126 igitur,
985 1074 1239 1127 QPompeii
1253 1074 1370 1119 illius,
1388 1075 1455 1127 qui
1474 1074 1616 1113 Censor
1637 1074 1727 1119 fuit,

321 1155 371 1180 ex
390 1141 469 1179 filia
485 1154 617 1193 nepos,
635 1140 854 1192 quaestorius
867 1150 1043 1178 mortuus
1064 1141 1130 1187 est,
1145 1141 1354 1194 probabilis
1370 1150 1495 1179 orator
1510 1160 1522 1186 5
1541 1142 1624 1194 jam
1640 1156 1729 1180 vero

323 1209 440 1246 etiam
475 1207 656 1261 probatus
687 1220 734 1245 ex
764 1205 836 1245 hac
867 1207 976 1260 inopi
1007 1208 1053 1246 ad
1083 1208 1312 1253 ornandum,
1355 1207 1416 1246 sed
1447 1208 1493 1245 ad
1527 1209 1727 1247 invenien-

323 1275 419 1312 dum
438 1273 628 1327 expedita,
659 1273 912 1326 Hermagorae
932 1273 1145 1326 disciplina.
1191 1274 1248 1311 Ea
1267 1274 1331 1312 dat
1352 1273 1516 1312 rationes
1536 1284 1669 1319 certas,
1691 1282 1730 1313 et

323 1349 510 1394 praecepta
536 1338 687 1378 dicendi
703 1358 715 1385 3
748 1353 848 1392 quae,
878 1339 905 1378 fi
936 1340 1129 1378 minorem
1159 1338 1303 1378 habent
1336 1349 1574 1393 apparatum,
1622 1340 1728 1392 (sunt

322 1408 430 1445 enim
450 1407 581 1459 exilia)
613 1415 742 1444 tamen
768 1405 914 1445 habent
947 1407 1137 1452 ordinem,
1165 1416 1203 1445 et
1237 1407 1417 1460 quasdam
1444 1420 1564 1445 errare
1591 1407 1631 1444 in
1664 1406 1728 1444 di-

324 1473 446 1512 cendo
471 1487 548 1512 non
569 1473 752 1526 patientes
772 1473 864 1512 vias.
926 1474 1007 1512 Has
1031 1474 1097 1511 ille
1117 1483 1265 1518 tenens,
1295 1483 1333 1511 et
1362 1483 1513 1526 paratus
1534 1472 1579 1510 ad
1600 1472 1726 1510 causas

324 1540 491 1585 veniens,
526 1540 733 1578 verborum
754 1554 832 1578 non
852 1554 979 1593 egens,
1016 1540 1093 1592 ipsa
1113 1540 1178 1578 illa
1197 1540 1484 1592 comparatione
1504 1539 1727 1592 disciplina-

323 1619 399 1659 que
419 1607 571 1644 dicendi
585 1608 668 1659 jam
689 1607 728 1644 in
745 1616 996 1660 patronorum
1015 1620 1225 1645 numerum
1243 1615 1477 1659 pervenerat.

378 1673 472 1710 Erat
500 1673 617 1711 etiam
647 1673 705 1711 vir
735 1674 869 1712 doetus
899 1674 939 1711 in
971 1674 1106 1727 primis
1139 1675 1187 1712 C.
1222 1672 1402 1711 Visellius
1423 1673 1556 1717 Varro,
1588 1671 1725 1710 conso-

323 1738 456 1776 brinus
474 1752 597 1783 meus,
628 1740 697 1791 qui
727 1738 803 1777 fuit
832 1753 925 1777 cum
956 1740 1100 1777 Sicinio
1120 1749 1227 1777 aetate
1247 1740 1490 1792 conjunctus.
1551 1739 1601 1783 Is,
1634 1751 1725 1776 cum

324 1805 407 1858 post
438 1805 614 1843 curulem
650 1805 872 1844 aedilitatem
904 1806 1024 1857 judex
1059 1806 1276 1858 quaestionis
1311 1806 1412 1851 effet,
1438 1806 1490 1843 est
1519 1814 1694 1843 mortuus
1712 1823 1724 1848 ;

324 1871 365 1908 in
398 1884 477 1923 quo
510 1870 630 1909 fateor
649 1872 756 1924 vulgi
780 1871 977 1923 judicium
1011 1885 1031 1908 a
1058 1872 1208 1923 judicio
1228 1885 1316 1910 meo
1349 1871 1559 1910 diffenfiffe.
1619 1871 1727 1909 Nam

323 1937 469 1990 populo
490 1951 565 1975 non
586 1946 664 1976 erat
697 1937 781 1976 satis
802 1938 1035 1982 vendibilis;
1068 1951 1231 1990 praeceps
1259 1938 1448 1990 quaedam,
1479 1947 1517 1975 et
1551 1950 1644 1974 cum
1665 1937 1725 1974 id-

323 2003 427 2042 circo
460 2003 632 2048 obscura,
669 2004 759 2056 quia
778 2013 967 2057 peracuta,
999 2013 1084 2041 tum
1119 2004 1261 2056 rapida,
1294 2013 1332 2041 et
1366 2004 1558 2041 celeritate
1590 2011 1726 2040 caecata

321 2070 444 2107 oratio
460 2088 472 2114 ;
504 2069 565 2108 sed
598 2083 722 2123 neque
750 2070 876 2108 verbis
910 2071 1096 2122 aptiorem
1125 2071 1203 2108 cito
1238 2070 1357 2108 alium
1385 2070 1564 2114 dixerim,
1599 2081 1725 2120 neque

324 2134 518 2173 sententiis
550 2136 793 2175 crebriorem.
844 2137 1024 2175 Praeterea
1044 2135 1232 2189 perfectus
1255 2136 1293 2172 in
1313 2136 1447 2180 literis,
1476 2135 1646 2187 jurisque
1667 2134 1723 2171 ci-

324 2200 410 2238 vilis
425 2202 508 2253 jam
528 2215 549 2239 a
568 2211 671 2255 patre
692 2203 890 2241 Aculeone
911 2203 1088 2240 traditam
1110 2203 1234 2240 tenuit
1255 2202 1510 2254 disciplinam.

380 2266 541 2319 Reliqui
562 2267 661 2313 sunt,
692 2269 761 2321 qui
791 2270 934 2306 mortui
970 2269 1054 2312 lint,
1087 2269 1134 2306 L.
1159 2269 1395 2320 Torquatus,
1427 2281 1544 2319 quem
1576 2276 1617 2304 tu
1646 2278 1723 2303 non

325 2341 405 2370 tam
439 2333 517 2370 cito
551 2332 745 2372 rhetorem
777 2333 940 2378 dixiffes,
975 2334 1056 2386 (etfi
1092 2347 1169 2371 non
1200 2334 1325 2371 deerat
1360 2334 1496 2384 oratio)
1529 2345 1646 2384 quam
1681 2340 1723 2368 ut

325 2398 454 2436 Graeci
475 2398 623 2444 dicunt,
645 2403 825 2439 πολιτικόν.
858 2400 977 2437 Erant
997 2400 1037 2438 in
1058 2413 1103 2437 eo
1124 2399 1299 2451 plurimae
1320 2399 1450 2443 literae,
1476 2411 1545 2436 nec
1565 2410 1615 2434 eae
1635 2395 1723 2432 vul-

324 2477 444 2516 gares,
476 2464 536 2501 sed
567 2464 763 2502 interiores
799 2466 988 2517 quaedam,
1023 2475 1060 2503 et
1095 2465 1297 2503 reconditae
1314 2483 1326 2510 3
1365 2465 1492 2502 divina
1522 2461 1721 2505 memoria,

328 2529 475 2569 summa
505 2531 711 2570 verborum
742 2540 779 2568 et
807 2532 983 2584 gravitas,
1015 2541 1052 2570 et
1079 2531 1280 2583 elegantia.
1341 2531 1472 2582 Atque
1492 2527 1573 2566 haec
1594 2526 1725 2564 omnia
