2176 2912
430 190 511 241 482
872 191 1402 231 ORATOR.

492 283 571 321 Res
605 291 735 321 autem
768 282 804 321 se
834 283 884 321 fic
913 282 1048 329 habet,
1077 284 1139 336 (ut
1166 284 1382 323 brevissime
1411 283 1539 322 dicam
1570 283 1675 336 quod
1700 281 1843 336 sentio.)

437 349 660 402 compofite,
682 359 721 387 et
739 359 838 403 apte,
869 350 946 388 fine
965 350 1158 389 sententiis
1179 351 1318 396 dicere,
1347 351 1488 388 insania
1505 350 1558 389 est
1575 366 1584 389 :
1616 349 1841 389 sententiose

437 424 567 452 autem
587 415 663 452 fine
683 415 888 453 verborum
908 424 945 453 et
964 415 1113 461 ord-ine,
1129 426 1167 454 et
1186 417 1317 461 modo,
1348 415 1510 454 infantia
1526 434 1538 461 ς
1570 415 1631 454 sed
1651 415 1841 468 ejusmodi

438 490 568 518 tamen
587 480 763 526 infantia,
786 491 829 519 ut
848 495 890 519 ea
908 482 976 533 qui
998 491 1166 526 utantur,
1186 496 1263 520 non
1283 482 1388 520 stulti
1404 481 1580 520 homines
1602 481 1734 520 haberi
1754 480 1841 534 pos-

436 546 524 592 sint,
545 548 661 585 etiam
682 547 911 600 plerumque
932 548 1134 599 prudentes
1153 566 1164 592 ;
1196 561 1275 599 quo
1295 549 1363 599 qui
1383 548 1435 585 est
1453 556 1673 592 contentus,
1696 556 1840 585 utatur.
1893 542 1896 544 Α

438 613 638 665 Eloquens
669 627 771 658 vero,
808 614 876 665 qui
896 626 975 650 non
995 613 1286 665 approbationes
1308 614 1446 658 solum,
1474 614 1535 651 sed
1555 614 1840 658 admirationes,

438 678 637 724 clamores,
669 678 835 732 plausus,
866 678 892 715 fi
912 678 1040 722 h'ceat,
1072 691 1224 716 movere
1244 678 1370 723 debet,
1401 679 1582 717 omnibus
1606 687 1758 731 oportet
1789 678 1844 716 ita

440 746 552 783 rebus
573 744 748 789 excellat,
780 752 823 781 ut
842 744 879 781 ei
899 752 1008 796 turpe
1036 744 1093 789 fit,
1115 744 1328 797 quidquam
1349 753 1412 783 aut
1432 744 1603 798 spectari,
1624 753 1691 783 aut
1718 744 1844 783 audiri

438 810 639 849 libentius.

495 877 628 915 Habes
649 890 783 915 meum
801 876 848 915 de
867 885 1028 921 oratore,
1060 878 1190 922 Brute,
1213 877 1409 929 judicium
1421 896 1432 923 5
1465 877 1571 930 quod
1590 887 1655 916 aut
1676 876 1844 930 sequere,

439 942 466 981 fi
484 943 703 996 probaveris
718 961 736 987 3.
762 952 827 981 aut
861 952 928 980 tuo
959 943 1084 988 stabis,
1116 944 1141 981 fi
1161 943 1264 981 aliud
1295 944 1491 995 quoddam
1525 943 1577 981 est
1608 952 1737 981 tuum.
1796 943 1845 981 In

441 1021 520 1061 quo
540 1022 664 1061 neque
684 1008 868 1061 pugnabo
888 1018 1032 1053 tecum,
1063 1023 1188 1061 neque
1208 1008 1282 1047 hoc
1303 1023 1451 1054 meum,
1485 1009 1530 1047 de
1551 1023 1629 1062 quo
1650 1017 1846 1062 tantopere

439 1074 516 1113 hoc
535 1075 636 1114 libro
655 1074 865 1120 affeveravi,
897 1088 1069 1127 unquam
1090 1076 1294 1113 affirmabo·
1309 1075 1380 1113 esse
1400 1076 1538 1120 verius,
1575 1089 1693 1127 quam
1713 1084 1842 1114 tuum.

441 1142 571 1180 Potest
603 1142 709 1180 enirn
741 1155 819 1179 non
838 1142 964 1179 sol-um
981 1141 1085 1178 aliud
1106 1140 1221 1186 mihi,
1252 1155 1294 1179 ac
1317 1141 1403 1186 tibi,
1434 1141 1496 1180 sed
1518 1140 1618 1181 mihi
1646 1141 1715 1194 ipfi
1741 1141 1847 1180 aliud

440 1208 530 1246 alias
550 1208 683 1246 viderI.
714 1207 803 1246 Nec
822 1208 862 1245 in
882 1206 955 1245 hac
976 1208 1094 1245 modo
1114 1221 1167 1252 re,
1189 1221 1273 1260 quae
1294 1207 1342 1245 ad·
1359 1207 1467 1260 vulgi
1487 1207 1671 1246 assensum
1689 1207 1853 1260 spectat,

440 1282 480 1312 et
499 1274 547 1312 ad
565 1274 717 1312 aurium
737 1272 989 1326 voluptatem,
1021 1287 1106 1326 quae
1133 1274 1210 1312 duo
1230 1274 1317 1312 sunt
1345 1273 1393 1311 ad
1419 1273 1677 1326 judicandum
1703 1272 1846 1312 levisti-

439 1352 529 1385 ma3
561 1339 626 1378 sed
644 1353 693 1378 ne
726 1339 767 1378 in
788 1339 969 1378 maximis
989 1339 1149 1392 quidem
1177 1340 1289 1378 rebus
1310 1339 1525 1392 quidquam
1555 1338 1681 1378 adhuc
1715 1338 1848 1378 inveni

438 1406 605 1452 firmina
623 1406 728 1458 quod
745 1414 928 1451 tenerem,
945 1415 1016 1444 aut.
1030 1419 1108 1458 quo
1122 1405 1319 1458 judicium
1339 1420 1472 1445 meum
1494 1406 1713 1459 dirigerem,
1728 1418 1855 1458 quam.

439 1472 495 1519 id,
516 1472 777 1526 quodcunque
795 1470 901 1510 mihi
922 1485 1039 1524 quam
1059 1472 1305 1511 simillimum
1324 1472 1403 1510 veri
1423 1472 1629 1518 videretur,
1661 1485 1754 1510 cum
1782 1472 1845 1524 ip„-

438 1539 528 1579 sum
547 1538 647 1577 illud
664 1552 798 1576 verum
819 1538 859 1576 in
879 1538 1034 1577 occulto
1054 1538 1198 1576 lateret.
1258 1540 1325 1577 Tu
1345 1548 1474 1577 autem
1493 1538 1627 1583 velim,
1649 1538 1676 1576 fi
1697 1538 1769 1576 tibi
1789 1551 1844 1583 ea,

441 1618 527 1658 quae
545 1604 735 1657 disputata
753 1603 853 1648 sunt,
884 1604 1015 1641 minus
1036 1604 1315 1656 probabuntur,
1346 1613 1390 1641 ut
1420 1612 1486 1642 aut
1504 1605 1627 1656 majus
1654 1616 1751 1656 opus
1781 1604 1844 1642 ine-

439 1670 622 1712 stitutum
643 1679 767 1722 putes,
788 1682 906 1721 quam
926 1669 1028 1707 effici
1046 1669 1214 1722 potuerit
1229 1688 1240 1715 ς
1272 1678 1351 1715 aut,
1379 1669 1473 1707 dum
1496 1669 1568 1709 tibi
1597 1670 1745 1722 roganti
1773 1682 1845 1707 vo·-

441 1736 584 1774 luerim
601 1735 773 1790 obsequi,
805 1735 1033 1775 verecundia
1051 1735 1229 1789 negandi,
1265 1735 1454 1775 scribendi
1474 1749 1537 1774 me
1563 1734 1859 1789 impudentiam,

444 1801 654 1855 suscepisse.
