2176 2912
652 204 1365 244 ORATORIBUS.
1648 223 1718 262 341

320 298 558 338 curriculum
575 298 781 350 aliquando
797 298 841 336 s1t
859 297 1038 336 habitura
1058 307 1123 335 tua
1138 306 1176 336 et
1192 307 1323 336 natura
1339 298 1587 345 admirabilis,
1603 311 1639 339 et
1656 316 1725 341 ex-

321 366 458 418 quisita
478 364 661 409 doctrina,
692 373 729 402 et
749 364 947 417 singularis
968 364 1165 402 industria.
1218 366 1324 403 Cum
1345 366 1451 403 enim
1483 366 1522 403 in
1545 368 1726 406 maximis

320 431 436 469 causis
458 430 621 468 versatus
642 429 745 475 effes,
767 440 818 475 et,
841 444 932 468 cum
954 431 1026 469 tibi
1046 440 1132 468 aetas
1154 431 1277 469 nostra
1291 432 1375 483 jam
1396 431 1561 477 cederet,
1590 433 1725 472 fasces-

319 510 395 549 que
416 496 688 541 summitteret,
722 497 848 535 subito
884 497 923 534 in
950 497 1104 534 civitate
1139 511 1233 535 cum
1269 498 1341 535 alia
1374 498 1610 543 ceciderunt,
1645 509 1728 537 tum

319 562 436 600 etiam
456 577 499 600 ea
519 563 609 615 ipsa,
632 563 677 600 de
698 577 774 615 qua
794 563 981 616 disputare
1003 563 1190 609 ordimur,
1212 564 1432 616 eloquentia
1450 564 1664 603 obmutuit.

374 630 484 667 Tum
506 629 585 673 ille,
623 630 856 667 Caeterarum
878 643 1005 667 rerum
1025 630 1146 675 causa,
1182 630 1325 682 inquit,
1360 630 1454 668 istuc
1475 640 1513 668 et
1534 631 1658 676 doleo,
1690 640 1728 669 et

320 693 530 732 dolendum
551 703 672 746 puto:
707 695 859 732 dicendi
880 704 1010 732 autem
1042 709 1105 733 me
1126 710 1203 734 non
1235 705 1315 734 tam
1342 695 1503 741 fructus,
1535 705 1571 733 et
1591 696 1725 748 gloria,

320 774 438 812 quam
458 760 628 798 studium
660 761 802 813 ipsum,
832 761 1128 814 exercitatioque
1155 762 1340 807 delectam
1373 762 1477 814 quod
1501 761 1600 799 mihi
1622 762 1729 800 nulla

322 839 378 864 res
399 826 547 878 eripiet,
581 835 617 863 te
637 826 843 878 praesertim
864 835 942 864 tam
965 826 1142 865 studioso.
1203 828 1362 865 Etenim
1390 827 1514 865 dicere
1535 828 1630 865 bene
1657 842 1726 865 ne-

322 905 388 929 mo
409 891 544 944 potest,
577 891 645 928 nisi
680 891 747 943 qui
768 892 974 944 prudenter
1005 892 1204 944 intelligit.
1251 894 1380 945 Qare
1401 894 1468 945 qui
1498 894 1728 945 eloquentiae

320 970 415 994 verae
435 957 497 995 dat
516 969 686 1009 operam,
702 956 765 994 dat
785 957 1010 1009 prudentiae,
1033 971 1108 1009 qua
1128 972 1175 996 ne
1197 959 1377 996 maximis
1399 959 1559 1010 quidem
1580 960 1620 996 in
1643 959 1726 997 bel—

320 1022 366 1060 lis
387 1037 496 1075 aequo
516 1023 647 1060 animo
667 1036 788 1060 carere
807 1023 1011 1075 quisquam
1033 1024 1167 1076 potest.

376 1089 572 1133 Praeclare,
596 1089 770 1140 inquam,
794 1090 925 1133 Brute,
947 1089 1057 1135 dicis,
1080 1103 1201 1142 eoque
1222 1091 1345 1143 magis
1361 1090 1427 1128 ista
1443 1090 1595 1128 dicendi
1617 1090 1728 1127 laude

322 1155 500 1199 delector,
533 1155 636 1206 quod
656 1164 801 1199 caetera,
825 1169 909 1207 quae
930 1155 1015 1193 sunt
1035 1157 1230 1208 quondam
1252 1156 1383 1195 habita
1403 1158 1442 1194 in
1463 1158 1616 1195 civitate
1637 1157 1727 1210 pul-

321 1220 526 1264 cherrima,
558 1234 673 1258 nemo
705 1221 756 1258 est
777 1230 856 1258 tam
877 1220 1053 1267 humilis,
1086 1223 1151 1274 qui
1174 1223 1206 1259 sc
1239 1237 1314 1261 non
1335 1232 1399 1260 aut
1432 1222 1535 1275 pofl'e
1554 1222 1726 1274 adipisci,

321 1296 386 1324 aut
406 1287 588 1339 adeptum
607 1296 715 1339 putet
734 1302 741 1324 :
768 1287 1016 1339 eloquentem
1037 1289 1234 1326 neminem
1255 1289 1366 1326 video
1386 1288 1532 1326 factum
1553 1288 1623 1325 effe
1644 1289 1726 1325 vic-

322 1354 431 1391 toria.
492 1353 563 1391 Sed
584 1368 662 1405 quo
693 1352 843 1391 facilius
876 1354 998 1392 sermo
1029 1355 1255 1407 explicetur,
1287 1354 1470 1399 sedentes,
1502 1355 1526 1391 s1
1562 1355 1725 1398 videtur,

321 1433 491 1472 agamus.
532 1421 637 1457 Cum
658 1419 760 1457 idem
781 1419 978 1472 placuisset
999 1420 1091 1465 illis,
1114 1430 1199 1458 tum
1221 1421 1260 1457 in
1282 1420 1433 1473 pratulo
1459 1429 1614 1472 propter
1637 1420 1725 1457 Pla-

321 1486 422 1524 tonis
443 1485 602 1524 statuam
623 1485 879 1524 consedimus.

377 1553 458 1590 Hic
479 1566 565 1604 ego,
597 1553 770 1590 Laudare
790 1552 909 1605 igitur
926 1552 1202 1604 eloquentiam,
1240 1561 1291 1597 et,
1325 1562 1467 1605 quanta
1487 1553 1541 1590 vis
1568 1552 1611 1590 s1t
1631 1552 1727 1604 ejus,

321 1631 560 1671 expromere,
593 1628 854 1671 quantamque
875 1619 935 1663 iis,
972 1619 1039 1670 qui
1061 1619 1132 1656 sint
1152 1633 1234 1657 eam
1257 1619 1465 1663 consecuti,
1497 1619 1729 1671 dignitatem

322 1684 463 1729 afferat,
494 1698 619 1737 neque
639 1685 877 1737 propofitum
899 1686 1009 1722 nobis
1030 1685 1082 1722 est
1102 1684 1176 1722 hoc
1198 1686 1298 1730 loco,
1322 1699 1445 1737 neque
1463 1685 1724 1723 necessarium.

323 1751 414 1788 Hoc
453 1764 540 1788 vero
574 1751 650 1788 fine
685 1751 763 1788 ulla
802 1751 1042 1788 dubitatione
1076 1751 1401 1796 confirmaverim,
1447 1752 1519 1789 five
1550 1751 1614 1788 illa
1650 1761 1728 1789 arte

322 1817 488 1869 pariatur
507 1816 649 1867 aliqud,
678 1816 749 1853 five
769 1817 1038 1854 exercitatione
1052 1817 1232 1868 quadam,
1250 1818 1324 1855 five
1339 1827 1484 1862 natura,
1508 1831 1587 1855 rem
1610 1831 1728 1855 unam

322 1881 393 1919 effe
413 1882 592 1919 omnium
613 1881 902 1919 difficillimam.
935 1882 1091 1933 Qibus
1112 1883 1218 1920 enim
1238 1897 1283 1921 ex
1305 1884 1477 1934 quinque
1499 1884 1610 1920 rebus
1632 1897 1726 1920 con-

322 1948 415 1986 stare
431 1948 588 1992 dicitur,
604 1961 734 1984 earum
752 1961 989 1999 unaquaeque
1006 1947 1058 1984 est
1074 1961 1129 1985 ars
1151 1948 1229 2000 ipsa
1245 1962 1382 2000 magna
1400 1961 1465 1999 per
1480 1948 1563 1985 sese.
1585 1949 1726 1999 Qare,

321 2014 495 2066 quinque
515 2014 657 2051 artium
677 2013 881 2051 concursus
902 2014 1162 2051 maximarum
1184 2023 1367 2065 quantuni
1390 2014 1484 2058 vim,
1522 2023 1727 2066 quantam-

322 2093 397 2132 que
417 2079 688 2117 difficultatem
709 2078 859 2124 habeat,
881 2079 1087 2117 existimari
1108 2080 1243 2132 potest.

378 2146 470 2184 VII.
492 2145 617 2183 Testis
638 2146 689 2183 est
706 2146 870 2190 Graecia,
888 2160 986 2197 quae,
1005 2159 1097 2183 cum
1114 2146 1343 2197 eloquentiae
1366 2145 1488 2183 studio
1502 2145 1544 2182 sit
1562 2145 1727 2189 incensa,

318 2211 545 2264 jamdiuque
565 2211 727 2249 excellat
754 2212 794 2249 in
815 2225 856 2249 ea
877 2212 1100 2264 praestetque
1129 2213 1288 2257 caeteris,
1326 2222 1453 2249 tamen
1475 2225 1608 2249 omnes
1635 2221 1729 2249 artes

324 2277 541 2316 vetustiores
562 2276 691 2322 habet,
722 2287 759 2316 et
791 2278 918 2316 multo
946 2287 1032 2316 ante
1063 2292 1137 2316 non
1162 2279 1331 2316 inventas
1363 2278 1502 2323 solum,
1532 2278 1591 2315 sed
1612 2278 1727 2314 ctiam

325 2342 522 2398 perfectas,
547 2357 664 2395 quarn
684 2343 764 2382 haec
787 2345 837 2382 est
858 2359 878 2382 a
898 2346 1043 2383 Graecis
1064 2345 1252 2382 elaborata
1274 2345 1426 2382 dicendi
1449 2346 1504 2383 vis
1525 2354 1638 2394 atque
1659 2356 1725 2379 co-

325 2411 400 2464 pia.
452 2411 496 2448 In
515 2423 632 2461 quam
653 2424 744 2448 cum
766 2411 928 2455 intueor,
950 2412 1118 2450 maxime
1145 2410 1242 2448 mihi
1263 2420 1485 2455 occurrunt,
1522 2410 1667 2453 Attice,
1690 2417 1728 2444 et

325 2476 426 2529 quali
449 2476 594 2520 lucent,
617 2475 779 2514 Athenae
801 2485 898 2521 tuae;
921 2491 997 2529 qua
1016 2478 1056 2514 in
1074 2477 1166 2515 urbe
1186 2478 1358 2528 primum
1380 2477 1413 2514 se
1429 2486 1553 2513 orator
1572 2473 1726 2517 extulit,

325 2544 575 2597 primumque
591 2543 707 2582 etiam
724 2544 988 2584 monumentis
1004 2552 1043 2582 et
1058 2543 1178 2582 literis
1191 2542 1380 2581 oratio'est
1400 2551 1526 2595 coepta
1542 2538 1746 2596 mandari(
