2176 2912
570 186 863 226 VARIAE
949 180 1504 224 LECTIONES.

315 323 370 353 116
395 333 426 353 11
451 322 511 362 ipsa
525 322 550 351 L
565 324 593 351 d.

395 374 406 393 1
416 374 431 392 2
453 362 576 392 eundem
591 363 625 390 M
639 363 744 400 ejusdem

396 413 434 440 14
453 403 582 440 accipere
597 402 631 430 M
642 405 755 440 accipere
770 399 937 438 (exciperes.
949 399 984 436 Ι.)

391 458 434 466 --
454 442 527 471 nihil
542 456 559 470 κ
572 454 620 470 non

396 483 433 512 16
455 493 518 521 quae
532 497 548 510 κ
562 494 622 520 quae
632 482 710 517 caufiz

394 532 433 561 ¹⁹
453 523 620 600 ἒῖῑὲῗῗᾷῑῖ
631 525 660 550 ””
673 532 726 559 qua

393 578 434 586 ⁸-
596 575 605 590 1

396 612 434 632 22
456 611 549 640 neque
562 601 634 640 quid
647 606 658 630 θ
673 604 757 640 nequit

397 652 414 672 2
420 652 434 680 3
457 642 490 670 fit
504 642 526 670 B
541 644 575 679 2st

394 698 437 705 —
457 681 519 710 aliis
535 681 557 709 Β
570 680 636 709 alios

397 731 437 760 24
456 720 535 759 quod
549 721 588 748 W
602 722 647 758 qui

397 771 415 790 2
421 771 435 799 ς
458 770 489 789 ea
506 765 517 788 θ
524 761 579 797 sua

399 802 437 830 28
459 810 547 838 quare
563 801 583 828 B
598 810 686 838 quaere

397 855 439 864 —
459 840 558 868 alienis
576 841 612 867 W
627 844 638 867 θ
652 839 717 868 aliis

399 890 438 918 29
458 889 575 908 munere
587 894 604 908 z
618 879 761 908 muneribus

398 935 440 944 —
459 920 560 958 saepius
575 919 629 948 suis
644 920 668 947 L
682 920 782 957 saepiuz
803 927 827 947 et
843 918 901 954 fids
925 918 1024 956 Osaepe

493 960 635 996 se’rit'sstcis
647 961 668 988 B
681 960 719 987 W
732 957 759 994 ψ
765 961 867 997 saepius
871 958 953 994 seriis
955 959 1015 996 fiais

399 1015 440 1024 -—
460 999 562 1028 servire
576 1004 586 1028 θ
593 999 712 1036 ser-vare

404 1050 438 1078 31
464 1047 542 1068 certo
557 1040 581 1068 L
595 1051 641 1068 cur
653 1048 719 1068 certo
733 1039 768 1068 M
782 1050 828 1067 cur
841 1047 952 1077 certoque

401 1094 443 1103 --
463 1079 536 1108 nihil
559 1081 584 1108 L
607 1080 641 1108 M
664 1090 710 1108 cur
723 1079 795 1107 nihil
810 1079 873 1116 (fid
882 1082 910 1108 in
923 1079 967 1108 Μ.
982 1089 1026 1107 cur

498 1118 775 1157 punHisficbnotatur)

404 1168 442 1197 32
463 1159 543 1188 causa
558 1160 582 1187 L
597 1161 625 1188 d.
640 1159 678 1186 W
691 1159 776 1196 causae

404 1214 445 1223 ·-
465 1200 496 1227 in
512 1199 533 1227 B
548 1203 571 1233 θ,
585 1213 602 1227 κ
614 1209 648 1228 ex

407 1248 445 1276 34
466 1239 571 1267 nostros
585 1239 620 1267 M
634 1239 673 1267 W
689 1242 700 1267 θ
714 1249 777 1268 vero
788 1239 880 1275 nostros

403 1292 445 1302 -
464 1279 533 1308 item
549 1293 566 1307 κ
579 1281 607 1308 d.

329 1329 384 1359 117
430 1328 441 1347 1
467 1319 507 1348 rei
522 1320 557 1348 M
571 1322 598 1348 d.
619 1317 731 1348 causam
744 1319 779 1348 M
793 1319 864 1352 We,
879 1331 896 1347 κ
910 1319 994 1355 eazgsae
1007 1319 1029 1347 B

507 1358 586 1397 musa
601 1360 624 1387 L
638 1359 664 1388 d.

406 1414 446 1422 —
467 1407 583 1438 propter
598 1400 631 1427 M
643 1407 689 1437 per

427 1449 448 1475 4
467 1440 559 1468 velint
576 1440 596 1467 B
613 1440 637 1468 L
649 1440 683 1468 M
696 1438 735 1466 W
748 1442 771 1474 θ,
784 1452 800 1468 z
814 1439 912 1469 vellent

427 1488 445 1515 7
468 1479 519 1507 effe
534 1483 545 1507 θ
558 1482 592 1516 est

411 1529 421 1547 1
433 1528 443 1546 ι
470 1520 523 1547 hoc
538 1520 571 1547 M
587 1521 613 1547 d.

407 1573 449 1581 —-
469 1558 522 1586 hoc
538 1559 558 1586 B
577 1572 604 1592 ιι,
619 1556 646 1592 ψ
661 1558 719 1586 baet

413 1608 446 1636 ¹3
468 1598 542 1626 lator
556 1612 581 1632 ι,
599 1597 626 1633 ψ
640 1597 710 1625 lator
722 1598 786 1635 Iegis

414 1647 424 1666 1
434 1649 447 1676 5
472 1638 629 1666 conservari
643 1637 677 1665 M
692 1651 708 1665 ιι
722 1638 860 1674 observari

414 1687 448 1714 17
472 1676 779 1715 nefiMo,x‚4rng‘si

415 1727 425 1746 1
435 1719 450 1746 8
472 1716 559 1745 Nunc
573 1731 591 1745 z
605 1717 707 1747 Deinde

416 1767 452 1795 ¹9
473 1758 533 1794 ejus
549 1758 569 1785 Β
586 1758 609 1785 L
626 1757 660 1785 M
676 1757 713 1783 W
727 1761 750 1790 θ,
763 1770 780 1784 κ
794 1758 894 1796 gjusraei

414 1807 451 1835 23
472 1804 600 1834 oporteat
616 1801 627 1825 θ
641 1797 743 1833 causam
757 1800 839 1835 accipi
852 1804 962 1834 oporteat

413 1846 453 1873 24
474 1844 523 1865 aut
537 1840 548 1864 a
563 1838 590 1867 d.

416 1876 454 1905 26
474 1875 672 1914 obtemperare
686 1876 721 1904 M
731 1876 900 1914 obtemperare
914 1875 1039 1905 videatur

414 1931 456 1939 --
476 1916 629 1954 perscripta
645 1917 681 1944 W
697 1919 862 1954 eperscripta
874 1918 918 1954 effi

417 1966 456 1994 34
477 1955 548 1984 dicit
562 1960 572 1983 θ
586 1958 658 1985 dicat

340 1998 394 2027 118
441 2006 451 2024 1
475 1995 656 2034 impudentia
669 1999 692 2030 e,
705 2008 722 2023 x
736 1994 763 2031 ψ
774 1997 946 2034 imprudentia

414 2051 456 2059 —
475 2036 554 2074 quod
569 2036 590 2064 B
606 2048 683 2074 quam

439 2086 455 2106 2
478 2075 596 2113 probare
612 2077 633 2104 B
646 2076 758 2113 probari

438 2127 454 2155 3
476 2115 537 2153 ipsa
552 2129 568 2143 κ
583 2119 629 2151 (in
642 2116 691 2150 m.)
708 2116 763 2153 ipsiz
777 2116 854 2152 rausa

417 2171 459 2179 —
479 2154 622 2184 accusator
635 2159 657 2188 0,
671 2169 687 2183 x.
702 2159 834 2193 quippiam
846 2156 980 2193 atcufimr

441 2206 456 2235 ς
480 2195 546 2224 effet
561 2195 594 2222 M
609 2205 621 2222 e
640 2203 662 2222 et
666 2197 792 2233 judicare

419 2251 460 2258 —
480 2235 540 2263 haec
555 2234 589 2262 M
604 2240 649 2262 hoc

425 2285 461 2304 10
481 2274 501 2303 fi
515 2279 538 2307 θ,
554 2287 570 2302 κ
585 2275 612 2302 d.

421 2330 462 2338 —-
481 2325 544 2353 quae
560 2314 594 2342 M
609 2325 668 2352 quae
682 2313 792 2352 (quoss.
808 2313 842 2350 I.)

425 2365 436 2384 1
446 2365 460 2384 z
484 2355 502 2382 s1
516 2359 537 2385 θ,
554 2367 568 2381 ιι
584 2355 613 2382 d.

427 2405 437 2424 1
448 2406 461 2432 3
483 2403 511 2423 et
526 2394 546 2422 B
562 2394 596 2422 M
611 2405 642 2422 ex

427 2445 465 2473 ¹4
484 2433 543 2474 ipsa
558 2434 580 2463 B
595 2434 629 2463 M
642 2444 674 2464 ex
686 2434 744 2472 ipſsa

1072 320 1126 348 118

1077 725 1132 755 ¹19

1090 1564 1147 1584 120

1066 290 1097 318 p.
1157 278 1180 307 l.

1151 328 1188 356 14
1208 319 1406 348 confirmatum
1420 319 1441 346 B
1457 318 1491 346 M
1504 318 1655 355 confirmata

1152 367 1161 386 1
1171 368 1184 396 5
1209 366 1381 397 coarguetur
1395 358 1420 386 L
1433 371 1449 385 ιι
1464 365 1621 395 coarguatur

1151 407 1189 427 20
1209 398 1237 427 se
1252 399 1286 426 M
1299 401 1325 427 d.

1152 447 1184 466 21
1211 445 1401 467 commoratus
1418 438 1452 465 M
1466 444 1627 465 commoratw
1634 436 1672 473 fit

1152 488 1188 506 22
1209 478 1390 506 exornaverit
1403 478 1437 505 M
1451 476 1588 505 exornabit

1154 527 1189 556 ²5
1212 518 1307 546 omnia
1320 517 1355 545 M
1368 526 1392 545 et
1407 520 1491 544 omnia

1153 566 1189 594 27
1213 557 1277 586 talis
1293 567 1335 585 res
1349 556 1492 585 accidisset
1506 560 1518 583 θ
1537 555 1601 584 tales
1614 565 1653 584 res
1665 554 1776 591 accidts-

1242 597 1305 632 sent

1153 637 1189 665 28
1212 645 1241 665 re
1255 650 1273 664 κ
1286 647 1325 666 res

1155 685 1192 713 34
1213 677 1268 704 viri
1283 676 1307 704 L
1321 676 1359 703 W
1373 680 1384 704 θ
1398 678 1460 704 viri
1474 686 1513 704 res

1176 725 1191 744 2
1214 716 1294 754 Qid
1309 715 1328 744 fi
1342 716 1396 744 hoc
1411 715 1534 744 fecissem
1547 714 1582 744 M
1593 715 1619 743 α’.

1176 765 1194 792 4
1216 755 1309 794 Atqui
1322 760 1334 783 θ
1347 757 1432 794 Atque

1153 811 1194 818 —
1214 795 1269 824 hoc
1284 797 1316 824 M
1332 797 1388 824 haec
1401 795 1469 831 (vel
1478 795 1557 832 hocs]
1571 796 1604 830 l.)

1175 835 1194 864 6
1215 835 1278 865 sunt
1293 849 1309 864 κ
1323 837 1351 864 d.

1175 884 1193 912 7
1216 876 1512 913 neMWo,=neque

1176 926 1195 952 9
1216 915 1339 953 spectare
1355 916 1376 944 B
1391 915 1415 943 L
1427 916 1461 944 M
1476 929 1493 943 x
1507 915 1647 952 exspectare

1161 963 1197 984 10
1218 956 1269 994 qui
1283 960 1305 990 θ,
1320 969 1335 983 κ
1349 958 1395 994 qui
1406 967 1437 983 ea

1161 1005 1171 1024 1
1182 1005 1191 1023 1
1219 995 1351 1025 utilitatis
1365 1003 1394 1024 et
1407 995 1558 1023 honestatis
1572 995 1608 1022 M
1626 994 1781 1023 inutilitatis

1259 1042 1283 1063 et
1296 1036 1462 1073 inhonestatis
1475 1034 1542 1070 (vel
1553 1033 1680 1063 utilitati:
1698 1042 1722 1062 et
1736 1034 1782 1062 boz

1258 1075 1395 1113 nestatiss
1412 1075 1444 1109 l.)

1163 1124 1199 1151 14
1219 1114 1253 1143 fit
1265 1128 1283 1143 κ
1295 1114 1322 1143 d.

1163 1157 1197 1184 18
1220 1154 1376 1184 describere
1391 1155 1415 1183 L
1429 1156 1468 1184 W
1483 1154 1618 1193 defi-tibere
1630 1153 1699 1184 debet
1712 1157 1724 1182 θ
1737 1155 1783 1182 de-

1252 1195 1367 1231 scribere
1377 1195 1465 1224 debeat

1164 1244 1202 1264 20
1223 1234 1354 1273 sequatur
1367 1236 1504 1274 &sequitur

1161 1291 1203 1298 --
1223 1285 1310 1313 quam
1328 1275 1362 1303 M
1380 1276 1445 1313 quod

1165 1325 1202 1344 22
1224 1315 1317 1354 legem
1332 1317 1354 1344 B
1370 1316 1403 1344 M
1417 1316 1480 1354 leges

1167 1365 1203 1391 27
1226 1354 1286 1383 fore
1300 1358 1390 1393 oforte

1167 1404 1204 1433 29
1224 1394 1285 1433 ipsa
1309 1395 1447 1433 scriptura
1468 1409 1483 1423 ιι
1506 1406 1537 1423 ca
1553 1394 1657 1432 stripta
1681 1395 1728 1428 (in
1743 1390 1787 1421 M.

1256 1435 1412 1473 scriptura)

1164 1489 1206 1496 —
1225 1475 1335 1503 causam
1351 1480 1362 1503 θ
1376 1477 1403 1504 d.

1169 1525 1182 1552 3
1192 1525 1201 1542 1
1228 1515 1313 1552 profit
1327 1519 1337 1542 θ
1350 1517 1377 1544 α’.

1193 1564 1202 1582 1
1228 1555 1358 1592 quamvis
1375 1555 1402 1591 ψ
1425 1558 1482 1593 quis

1268 1603 1335 1622 mter

1190 1644 1205 1662 2
1229 1633 1287 1671 ipse
1302 1635 1324 1662 B
1340 1633 1367 1669 ψ
1380 1634 1431 1671 ipsb

1190 1683 1205 1710 3
1229 1673 1352 1702 multum
1367 1678 1378 1701 θ
1391 1678 1419 1701 in
1432 1673 1537 1702 multum

1168 1729 1209 1736 -—
1230 1713 1451 1742 adversariorum
1466 1727 1483 1741 κ
1496 1710 1650 1748 adversarii

1190 1753 1208 1780 6
1231 1753 1399 1781 convenient
1414 1753 1446 1781 M
1461 1757 1615 1781 conveniunt

1169 1808 1209 1815 —
1229 1793 1366 1822 Praeterea
1395 1793 1430 1821 M
1457 1807 1475 1821 κ
1501 1794 1636 1822 Praeterea
1658 1799 1742 1821 autem
1766 1789 1794 1826 ψ

1268 1835 1407 1871 Propterea
1556 1838 1560 1842 '

1193 1874 1208 1901 8
1231 1872 1331 1901 haberi
1346 1874 1380 1901 M
1394 1873 1488 1901 habere

1175 1922 1210 1941 10
1232 1913 1326 1950 Qam
1343 1927 1358 1941 κ
1372 1914 1408 1941 Et
1422 1924 1498 1951 quam
1514 1911 1541 1948 ψ
1553 1913 1589 1941 Et
1603 1912 1669 1950 quod

1177 1961 1208 1991 15
1232 1953 1270 1981 est
1295 1953 1319 1981 L
1338 1967 1355 1981 z
1375 1955 1403 1982 d.

1171 2006 1213 2014 ·—
1234 1993 1503 2031 Olympionicarum
1525 1992 1545 2020 B
1566 1991 1750 2028 Olimpicarum
1769 1988 1796 2017 L

1274 2034 1307 2061 M
1323 2034 1360 2060 W
1374 2037 1396 2066 6,
1411 2046 1427 2060 ιι
1442 2032 1630 2069 Olympicarum

1177 2071 1212 2100 16
1233 2083 1317 2110 quam
1334 2073 1355 2100 L
1370 2083 1542 2110 quamcunque

1173 2127 1215 2134 —
1235 2112 1381 2150 deposcito
1398 2128 1411 2134 -
1435 2130 1445 2134 -
1463 2129 1475 2135 -
1491 2128 1502 2134 -
1517 2110 1542 2139 ei
1558 2124 1575 2138 ι
1589 2111 1618 2138 d.
1640 2110 1700 2146 (scd
1710 2113 1738 2138 in
1752 2109 1800 2138 M.

1225 2152 1325 2188 scrib.)
1340 2155 1364 2179 ei
1378 2152 1412 2180 M
1426 2153 1454 2179 d.

1591 1553 1692 1583 leviter
1705 1553 1739 1581 M
1753 1551 1790 1580 le-

1179 2192 1214 2220 18
1235 2191 1412 2229 magistratus
1427 2191 1452 2219 L
1466 2191 1493 2219 d.
1506 2197 1514 2205 ¹

1176 2246 1218 2253 —
1237 2239 1337 2260 necato
1352 2232 1372 2259 Β
1386 2231 1492 2259 occidito
1507 2230 1642 2266 (necatos.
1658 2229 1689 2263 l.)

1182 2280 1217 2308 ¹9
1238 2271 1322 2299 nostu
1337 2271 1371 2299 M
1387 2274 1458 2299 uoltu
1477 2281 1531 2298 eum

1180 2321 1218 2340 20
1238 2310 1355 2340 cubaret
1371 2311 1390 2338 B
1406 2311 1527 2339 eubarent

1183 2361 1214 2379 2¹
1240 2351 1350 2389 praemii
1365 2351 1386 2381 B
1406 2351 1428 2379 L
1447 2351 1482 2378 W
1497 2355 1509 2378 θ
1523 2353 1552 2378 in
1560 2350 1666 2387 praemii

1183 2400 1219 2427 23
1242 2391 1411 2420 convenient
1425 2404 1441 2418 ιι
1454 2392 1608 2420 conveniunt

1182 2431 1221 2460 26
1240 2438 1355 2470 oportet
1366 2432 1401 2462 M
1413 2429 1536 2470 oportebit
