2176 2912
419 222 498 264 344
758 209 889 248 DE
1004 209 1474 247 CLARIS

416 302 643 341 Procefferat
663 302 769 341 enim
790 303 830 341 in
850 302 968 341 solem
994 311 1032 340 et
1052 302 1265 355 pulverem,
1298 315 1373 340 non
1398 311 1439 339 ut
1465 315 1484 339 e
1512 300 1669 339 militari
1691 301 1816 339 taber-

414 371 566 415 naculo,
598 370 660 407 sed
695 378 738 407 ut
764 383 783 407 e
803 368 1075 422 Theophrasti,
1108 369 1311 407 doc'tiflimi
1346 367 1531 412 hominis,
1564 367 1815 406 umbraculis.

414 436 496 474 Hic
531 437 680 489 primus
712 436 861 474 inflexit
891 436 1117 480 orationem,
1154 444 1192 473 et
1237 449 1320 472 eam
1356 434 1532 478 mollem,
1570 442 1817 485 teneramque

414 502 605 546 reddidit;
638 512 676 539 et
695 501 829 546 suavis,
868 502 961 539 ficut
992 500 1081 546 fuit,
1113 501 1232 538 videri
1263 500 1414 545 maluit,
1449 513 1565 552 quam
1587 499 1723 552 gravis,
1756 499 1816 536 sed

413 567 594 606 suavitate
625 581 679 612 ea,
710 581 785 619 qua
805 566 1049 619 perfunderet
1068 567 1231 610 animos,
1270 579 1344 603 non
1366 579 1440 617 qua
1471 564 1719 617 perfringeret
1735 583 1746 609 3
1778 573 1817 602 et

413 633 566 672 tantum
587 643 630 672 ut
650 634 879 671 memoriam
900 632 1170 670 concinnitatis
1190 631 1277 675 suae,
1300 645 1376 668 non
1400 630 1750 682 (quemadmodum
1770 630 1816 667 de

413 701 560 739 Pericle
573 700 717 752 scripsit
734 699 915 751 Eupolis)
939 711 1032 735 cum
1053 698 1303 735 delectatione
1322 697 1471 734 aculeos
1491 696 1607 734 etiam
1622 696 1814 748 relinque-

412 776 468 804 ret
490 768 528 805 in
550 767 688 804 animis
709 779 858 809 eorum,
881 778 901 801 a
919 764 1061 816 quibus
1082 763 1170 801 esset
1189 763 1355 801 auditus.

467 835 518 871 X.
551 832 715 870 Videsne
735 832 867 884 igitur,
890 840 933 868 ut
954 832 992 868 in
1013 843 1055 867 ea
1074 830 1152 882 ipsa
1173 830 1279 874 urbe,
1302 830 1341 867 in
1363 843 1438 881 qua
1457 838 1494 866 et
1515 838 1602 867 nata
1620 838 1657 867 et
1677 829 1752 866 alta
1772 828 1815 866 fit

411 899 643 951 eloquentia,
674 911 791 949 quam
812 911 854 934 ea
874 897 952 934 sero
972 895 1156 948 prodierit
1176 896 1216 933 in
1237 895 1364 933 lucem
1385 896 1397 932 ?
1429 895 1617 946 siquidem
1637 904 1724 932 mite
1745 896 1813 932 So-

410 964 509 1002 lonis
530 973 695 1008 aetatem,
728 971 766 1000 et
794 962 984 1005 Pifistrati‚
1018 960 1064 998 de
1084 960 1206 1005 nullo,
1240 970 1282 998 ut
1313 960 1463 1004 diserto,
1496 960 1693 997 memoriae
1723 973 1813 1012 pro-

410 1030 538 1067 ditum
559 1030 624 1067 est.
675 1031 730 1067 At
758 1027 801 1066 hi
822 1028 995 1080 quidem,
1028 1036 1071 1064 ut
1101 1026 1236 1079 populi
1267 1026 1437 1064 Romani
1468 1034 1554 1063 aetas
1585 1025 1650 1070 est,
1682 1025 1810 1069 sene53

410 1104 454 1133 ut
474 1095 772 1134 Atheniensium
802 1094 926 1132 secula
946 1102 1209 1137 numerantur,
1231 1092 1482 1130 adolescentes
1514 1091 1653 1128 debent
1678 1091 1811 1128 videri.

409 1162 517 1200 Nam
549 1162 614 1199 etsi
645 1162 771 1199 Servio
791 1160 928 1199 Tullio
949 1168 1129 1211 regnante
1160 1159 1378 1210 viguerunt,
1410 1166 1537 1194 tamen
1570 1156 1697 1194 multo
1723 1156 1812 1194 diu-

410 1228 485 1265 tius
507 1226 671 1265 Athenae
696 1228 779 1278 jam
802 1235 920 1270 erant,
952 1238 1070 1277 quam
1091 1224 1143 1262 est
1175 1225 1303 1261 Roma
1334 1223 1380 1261 ad
1410 1221 1644 1261 hodiernum
1677 1222 1810 1261 diem:

409 1307 479 1330 nec
515 1303 640 1330 tamen
673 1293 824 1337 dubito,
860 1292 955 1343 quin
988 1289 1164 1327 habuerit
1198 1290 1279 1327 vim
1300 1302 1480 1341 magnam
1511 1288 1657 1341 semper
1676 1289 1810 1327 oratio.

409 1359 548 1410 Neque
582 1359 687 1395 enim
716 1359 799 1409 jam
820 1357 974 1395 Troicis
1007 1355 1245 1407 temporibus
1268 1364 1418 1393 tantum
1440 1353 1562 1392 laudis
1588 1354 1628 1392 in
1650 1354 1812 1392 dicendo

410 1425 531 1475 Ulyffi
555 1424 741 1463 tribuiffct
762 1425 975 1466 Homerus,
998 1431 1035 1460 et
1054 1421 1221 1466 Nestori,
1256 1422 1441 1473 (quorum
1458 1420 1621 1458 alterum
1641 1420 1721 1457 vim
1740 1418 1810 1457 ha-

409 1489 496 1527 bere
517 1489 653 1533 voluit,
686 1489 850 1526 alterum
885 1488 1124 1539 suavitatem)
1155 1488 1223 1525 nifi
1250 1488 1330 1539 jam
1354 1496 1439 1524 tum
1459 1485 1546 1523 effet
1575 1484 1697 1523 honos
1728 1485 1810 1523 elo-

408 1556 601 1607 quentiae3
634 1568 758 1605 neque
790 1554 866 1605 ipse
900 1562 1009 1605 poeta
1039 1552 1104 1590 hic
1140 1561 1218 1590 tam
1253 1553 1356 1605 idem
1390 1560 1544 1589 ornatus
1571 1552 1611 1589 in
1633 1552 1808 1596 dicendo,

407 1633 450 1658 ac
472 1620 581 1673 plane
612 1629 737 1658 orator
767 1618 921 1661 fuiffet3
954 1620 1062 1670 cujus
1084 1618 1149 1655 etsi
1177 1618 1321 1655 incerta
1352 1617 1438 1655 sunt
1465 1626 1650 1669 tempora,
1683 1626 1810 1655 tamen

407 1687 515 1724 annis
535 1686 669 1723 multis
686 1684 761 1722 fuit
781 1694 866 1722 ante
888 1683 1106 1724 Romulum
1125 1698 1132 1721 :
1157 1683 1345 1735 siquidem
1367 1696 1442 1720 non
1465 1681 1563 1720 infra
1579 1683 1809 1735 superiorem

408 1753 635 1806 Lycurgum
661 1750 751 1796 fuit,
782 1765 801 1789 a
822 1764 899 1804 quo
930 1750 981 1787 est
1002 1749 1203 1804 disciplina
1223 1749 1606 1790 Lacedaemoniorum
1638 1749 1811 1788 adstriRa

408 1818 571 1870 legibus.

463 1885 533 1923 Sed
554 1885 722 1933 studium
740 1886 819 1937 ejus
839 1884 985 1937 generis
1007 1885 1204 1935 majorque
1224 1884 1280 1921 vis
1301 1883 1516 1935 agnoscitur
1542 1882 1580 1919 in
1604 1882 1805 1921 Pifistrato.

405 1951 587 2003 Denique
622 1950 727 1989 hunc
761 1952 940 2003 proximo
972 1951 1096 1988 seculo
1117 1949 1402 1988 Themistocles
1429 1948 1621 1986 insecutus
1656 1948 1731 1993 est;
1765 1957 1808 1986 ut

404 2018 505 2069 apud
541 2032 622 2062 nos,
654 2019 928 2070 perantiquus5
962 2028 1004 2055 ut
1024 2017 1125 2069 apud
1146 2015 1412 2059 Athenienses,
1446 2028 1521 2052 non
1558 2015 1609 2052 ita
1630 2013 1712 2051 sane
1739 2027 1805 2051 ve-

404 2092 479 2121 tus.
514 2085 605 2122 Fuit
625 2085 729 2122 enim
751 2093 932 2137 regnante
958 2085 1039 2135 jam
1062 2084 1224 2127 Graecia,
1257 2082 1378 2119 nostra
1399 2090 1528 2118 autem
1555 2080 1708 2118 civitate
1729 2094 1805 2118 non

404 2149 457 2186 ita
476 2150 626 2201 pridem
649 2150 847 2190 dominatu
869 2149 973 2201 regio
993 2149 1162 2188 liberata.
1206 2148 1311 2187 Nam
1335 2147 1483 2185 bellum
1503 2146 1733 2186 Volscorum
1755 2147 1804 2185 il-

404 2215 471 2253 lud
491 2215 767 2268 graviflimum,
789 2216 851 2254 cui
874 2215 1100 2254 Coriolanus
1121 2214 1209 2253 exul
1232 2212 1422 2258 interfuit,
1443 2212 1579 2252 eodem
1600 2211 1675 2251 fere
1703 2222 1804 2251 tem-

404 2295 507 2333 pore,
540 2295 617 2333 quo
650 2281 844 2320 Persarum
878 2281 1040 2325 bellum,
1072 2279 1160 2325 fuit,
1192 2279 1399 2331 similisque
1430 2277 1583 2319 fortuna
1612 2279 1804 2318 clarorum

405 2348 606 2391 virorum3
638 2346 826 2398 siquidem
860 2355 1031 2398 uterque,
1068 2359 1160 2384 curn
1182 2345 1275 2384 civis
1296 2344 1469 2397 egregius
1496 2343 1637 2389 fuiffet,
1670 2344 1804 2397 populi

404 2413 541 2465 ingrati
562 2412 691 2465 pulsus
721 2412 860 2464 injuria
877 2412 911 2450 se
937 2412 983 2450 ad
1012 2411 1135 2450 hostes
1156 2410 1337 2455 contulit,
1371 2419 1631 2463 conatumque
1651 2410 1803 2448 iracun-

401 2480 473 2520 diae
505 2479 576 2518 suae
608 2488 731 2519 morte
762 2479 916 2519 sedavit.
963 2479 1070 2520 Nam
1090 2478 1156 2518 etfi
1177 2478 1285 2517 aliter
1306 2477 1357 2516 est
1377 2477 1478 2532 apud
1499 2486 1550 2524 te,
1581 2477 1725 2523 Attice,
1756 2476 1801 2516 de
