2176 2912
680 166 1403 207 ORATORIBUS.
1669 187 1740 226 351

344 275 550 316 compone,
585 270 623 300 et
649 262 750 313 quafi
771 269 1016 312 coagmenta,
1042 259 1148 311 quod
1182 273 1230 298 ne
1264 261 1392 299 Graeci
1425 262 1585 313 quidem
1605 274 1746 305 veteres

343 330 634 373 factitaverunn
661 329 744 380 jam
779 327 978 365 neminem
1009 335 1216 379 antepones
1238 328 1392 365 Catoni.
1445 329 1582 367 Ornari
1603 333 1744 370 oratio-

343 410 433 435 nem
455 395 582 433 Graeci
616 402 767 446 putant,
800 393 825 430 si
861 393 1065 430 verborum
1085 393 1427 432 immutationibus
1449 403 1617 441 utantur,
1649 412 1745 450 quos

341 461 535 516 appellant
554 457 685 513 τξὶπες,
707 469 745 497 et
766 459 1037 497 sententiarum
1057 459 1312 512 orationisque
1332 458 1482 505 formis,
1505 475 1590 512 quae
1609 474 1745 502 vocant

339 525 511 575 σκῆμα-ω.
544 527 639 565 Non
657 525 859 564 verisimile
878 525 944 570 est,
962 539 1080 578 quam
1093 525 1137 565 fit
1157 526 1197 564 in
1219 536 1381 578 utroque
1393 540 1529 579 genere
1544 537 1583 566 et
1598 530 1742 575 creber,

340 600 379 630 et
399 591 597 630 distinctus
618 593 729 629 Cato.

396 658 551 696 XVIII.
574 658 660 696 Nec
681 672 768 696 vero
788 658 937 710 ignoro,
956 657 1131 695 nondum
1152 657 1224 696 effe
1243 658 1327 697 satis
1347 659 1515 711 politum
1533 658 1638 698 hunc
1659 675 1744 698 ora-

342 733 482 769 torem,
501 733 538 762 et
559 724 810 776 quaerendum
830 723 900 761 else
921 723 1067 776 aliquid
1086 723 1289 777 perfeetius
1306 743 1318 770 3
1350 726 1494 778 quippe
1514 739 1606 764 cum
1627 728 1745 765 ita-fit

341 791 387 828 ad
408 790 623 829 nostrorum
640 800 860 843 temporum
879 790 1065 828 rationem
1081 800 1203 836 vetus,
1220 800 1262 829 ut
1279 791 1423 830 nullius
1440 792 1624 845 scriptum
1641 803 1747 832 extet

341 857 506 909 dignum
524 856 683 909 quidem
699 857 875 900 lectione,
907 856 1011 908 quod
1032 857 1076 895 sit
1095 858 1306 909 antiquius.
1340 859 1411 895 Sed
1438 860 1581 910 majore
1600 859 1747 899 honore

340 923 382 959 in
403 922 586 960 omnibus
602 922 761 966 artibus,
780 935 898 974 quam
917 922 957 958 in
977 920 1048 959 hac
1066 936 1142 960 una
1158 923 1323 967 dicendi,
1338 924 1503 961 versatur
1522 926 1744 977 antiquitas.

342 988 443 1039 Qis
464 988 570 1026 enim
602 1001 751 1032 eorum,
784 988 852 1040 qui
879 986 961 1026 haec
993 989 1144 1027 minora
1163 989 1486 1034 animadvertunt,
1520 1005 1596 1028 non
1628 993 1745 1029 intel-

340 1054 443 1106 ligit,
475 1054 648 1093 Canachi
667 1055 771 1107 figna
791 1055 971 1107 rigidiora
989 1055 1074 1100 effe,
1096 1071 1215 1108 quam
1235 1066 1278 1094 ut
1297 1057 1501 1095 imitentur
1521 1059 1744 1096 veritatem?

342 1121 552 1158 Calamidis
584 1121 676 1158 dura
708 1121 774 1158 illa
793 1121 968 1172 quidem,
1000 1121 1062 1160 sed
1093 1132 1220 1161 tamen
1247 1124 1439 1169 molliora,
1471 1138 1588 1176 quam
1619 1127 1746 1163 Cana-

341 1186 435 1225 chi:
471 1186 646 1225 nondum
667 1187 846 1238 Myronis
878 1187 963 1226 satis
984 1188 1030 1226 ad
1064 1190 1264 1227 veritatem
1299 1190 1487 1234 adduam
1514 1192 1597 1242 jam
1617 1202 1746 1230 tamen

341 1268 428 1305 quae
448 1267 525 1292 non
547 1253 697 1291 dubites
719 1252 882 1306 pulchra
900 1254 1051 1293 dicere:
1084 1255 1307 1307 pulchriora
1331 1257 1448 1294 etiam
1476 1257 1678 1308 Polycleti,
1709 1268 1753 1296 et

335 1321 419 1371 jam
439 1320 551 1372 plane
570 1318 747 1372 perfefita,
766 1329 809 1357 ut
830 1319 930 1358 mihi
949 1321 1109 1373 quidem
1130 1322 1249 1359 videri
1268 1322 1402 1360 solent.
1435 1323 1580 1361 Similis
1601 1324 1640 1362 in
1662 1326 1746 1377 pic-

341 1395 425 1424 tura
445 1387 539 1423 ratio
569 1385 635 1430 est,
666 1386 706 1423 in
740 1400 815 1438 qua
842 1387 1026 1431 Zeuxim,
1056 1396 1094 1424 et
1123 1388 1402 1440 Polygnotum,
1433 1397 1471 1426 et
1500 1390 1744 1436 Timantem,

338 1462 377 1490 et
396 1466 546 1496 eorum,
578 1452 646 1504 qui
666 1466 743 1490 non
764 1452 851 1490 sunt
871 1453 924 1491 usi
944 1454 1030 1505 plus
1051 1467 1168 1505 quam
1189 1464 1353 1506 quatuor
1372 1455 1580 1499 coloribus,
1602 1455 1746 1495 formas

339 1527 380 1556 et
400 1519 630 1556 lineamenta
650 1518 863 1556 laudamus.
895 1520 950 1556 At
970 1519 1010 1556 in
1032 1521 1212 1564 Aetione,
1231 1520 1494 1565 Nicomacho,
1518 1522 1746 1574 Protogene,

342 1585 495 1637 Apelle,
520 1585 604 1637 jam
625 1583 790 1637 perfecta
810 1585 897 1622 sunt
927 1586 1058 1623 omnia
1073 1604 1084 1630 3
1117 1596 1155 1624 et
1185 1586 1311 1624 nescio
1330 1600 1377 1625 an
1398 1587 1554 1640 reliquis
1574 1589 1614 1626 in
1635 1590 1747 1629 rebus

343 1652 527 1690 omnibus
562 1651 666 1689 idem
685 1652 848 1690 eveniat.
908 1650 1025 1690 Nihil
1056 1652 1109 1690 est
1128 1654 1233 1691 enim
1254 1653 1366 1692 simul
1394 1663 1432 1692 et
1460 1654 1677 1702 inventum,
1709 1665 1757 1696 et.

342 1716 572 1769 perfeetum.

400 1783 486 1821 Nec
507 1782 673 1820 dubitari
693 1783 818 1827 debet,
837 1784 932 1835 quin
952 1782 1096 1822 fuerint
1117 1793 1203 1822 ante
1220 1786 1444 1825 Homerum
1463 1797 1583 1840 poetae
1600 1806 1610 1833 3
1643 1789 1762 1841 quod.

342 1862 390 1887 cx
411 1849 464 1886 eis
481 1848 716 1886 carminibus
737 1849 903 1900 intelligi
931 1850 1065 1901 potest,
1097 1864 1181 1902 quae
1201 1852 1301 1904 apud
1323 1852 1451 1898 illum,
1482 1863 1520 1892 et
1545 1855 1585 1892 in
1613 1853 1747 1893 Phaea-

343 1928 450 1960 cum,
468 1924 506 1954 et
526 1916 565 1953 in
587 1929 808 1967 procorum,
830 1916 953 1969 epulis
975 1927 1179 1956 canuntur.
1213 1918 1350 1971 Qid?
1373 1920 1488 1958 nostri
1504 1930 1645 1960 veteres
1662 1935 1747 1960 ver-

343 1981 403 2020 sus
425 1982 493 2020 ubi
512 1982 599 2020 sunt
617 1983 630 2020 ?

645 2049 741 2100 Qos
761 2050 839 2088 olim
859 2050 994 2094 Fauni,
1016 2051 1182 2104 vatesque
1201 2051 1390 2097 canebant,

481 2116 573 2153 Cum
593 2129 701 2167 neque
721 2117 1083 2169 Mzgstzrumstopulos
1103 2118 1521 2172 quisquamsiaperarat,

480 2182 561 2219 Nec
577 2180 842 2234 dzfflistudiofits
861 2192 942 2221 erat
955 2199 968 2221 :
989 2213 997 2222 .
1024 2213 1032 2221 .
1059 2214 1068 2222 .

481 2248 585 2284 Ante
603 2247 698 2286 hunc
720 2278 729 2286 .
755 2278 763 2286 .
790 2278 799 2286 .
825 2279 834 2286 .

343 2312 398 2349 ait
417 2311 494 2364 ipse
515 2312 560 2350 de
583 2313 643 2350 se:
677 2327 745 2352 nec
766 2316 954 2353 mentitur
974 2316 1013 2354 in
1034 2317 1245 2370 gloriando.
1280 2318 1341 2356 Sic
1371 2318 1476 2356 enim
1497 2317 1569 2356 sese
1589 2331 1645 2355 res
1675 2316 1745 2354 ha-

343 2378 425 2415 bet.
458 2377 565 2415 Nam
585 2387 623 2416 et
644 2379 808 2431 Odyssea
821 2382 960 2419 Latina
977 2383 1043 2427 est,
1075 2383 1139 2428 fic,
1159 2392 1342 2434 tanquam
1358 2397 1455 2436 opus
1476 2383 1632 2435 aliquod
1653 2383 1744 2420 Dae-

344 2443 436 2490 ciali,
467 2452 505 2482 et
525 2444 694 2484 Livianae
713 2445 867 2493 fabulae,
898 2462 976 2488 non
995 2449 1080 2487 satis
1113 2449 1237 2502 dignae
1267 2464 1350 2502 quae
1380 2451 1522 2489 iterum
1555 2450 1743 2501 legantur.
