2176 2912
296 499 390 557 M.
437 494 518 556 T.
553 491 835 555 Ciceronis
877 491 948 552 de
976 487 1302 551 Inventione
1344 486 1511 545 Liber
1537 483 1766 566 primus,-

301 912 336 940 ²3

300 1032 339 1060 ²4

302 1555 337 1586 25

305 1826 353 1870 26,

495 720 606 759 Edit.
666 718 815 758 Olivet.

400 911 416 938 7
440 901 492 930 effe
513 914 530 929 ω
550 909 576 935 1,
593 910 608 929 2
623 902 686 938 deest

383 951 417 978 ¹3
441 941 522 969 ducit
543 954 562 968 u
580 950 606 975 1,
624 950 639 969 2
660 942 737 969 duxit

384 984 418 1010 18
440 981 464 1010 is
486 995 504 1010 n
521 990 536 1009 2
558 981 600 1009 his

402 1032 417 1050 2
439 1030 577 1060 pugnare,
601 1030 647 1049 ux
679 1024 842 1059 pmpugnan

401 1072 416 1100 3
440 1070 526 1099 atque
540 1060 719 1089 amiciffimus
741 1074 759 1088 u
779 1070 788 1089 1
813 1062 842 1089 d.

398 1112 419 1139 4
439 1109 506 1129 artis
527 1114 545 1128 u
565 1110 574 1129 1
601 1104 671 1129 artis
682 1104 786 1129 initium

402 1152 416 1180 ς
439 1152 455 1170 a
472 1155 489 1169 a·
512 1151 537 1173 1,
551 1150 566 1169 2
588 1141 624 1169 ab

383 1192 420 1218 ¹4
442 1181 580 1209 inscitiam
604 1194 621 1209 ω
642 1190 667 1215 1,
685 1191 700 1209 2
722 1181 879 1218 itfiientiam

386 1224 420 1250 18
443 1222 544 1250 animis
559 1221 655 1250 ineffet
681 1234 698 1249 u
714 1231 729 1249 z
750 1224 778 1250 in
792 1224 886 1250 animis
899 1221 954 1258 qffet

384 1271 422 1291 20
443 1262 472 1290 in
488 1261 562 1300 agris
584 1275 602 1289 ω
620 1270 630 1289 1
653 1265 680 1289 in
693 1273 769 1300 agros

382 1312 416 1331 21
443 1311 531 1330 unum
557 1301 587 1329 in
609 1302 705 1331 locum
724 1309 752 1330 et
768 1315 786 1330 a
805 1311 814 1329 1
839 1309 864 1331 et
887 1311 963 1328 unum
980 1302 1009 1329 in

480 1342 556 1371 locum

383 1393 418 1413 22
441 1383 471 1412 iu
500 1390 585 1410 unam
614 1390 757 1420 quamque
786 1394 804 1410 a
830 1391 847 1410 2
876 1392 953 1410 unam
979 1383 1007 1408 in

484 1432 610 1461 quamque

384 1465 421 1493 28
442 1463 508 1492 vitae
522 1463 644 1491 rationes
666 1475 684 1490 a
703 1471 729 1495 1,
745 1472 760 1490 2
785 1465 897 1490 rationes
909 1464 982 1490 vitae

381 1514 412 1542 3¹
439 1503 625 1532 amittendam
646 1515 664 1530 u
683 1511 693 1530 1
717 1504 902 1531 admittendam

404 1554 414 1572 1
440 1544 475 1572 iis
497 1557 515 1571 u
533 1553 548 1571 2
570 1544 612 1571 hit

379 1599 421 1607 —
440 1583 490 1612 sua
504 1583 650 1612 voluntate
667 1596 685 1610 u
704 1591 714 1610 1
743 1582 879 1611 voluntate
882 1581 937 1617 fia
957 1595 976 1610 ω
993 1589 1009 1610 2

483 1635 514 1653 ac
517 1625 573 1661 fica
587 1623 722 1651 voluntate

403 1677 418 1704 3
441 1664 583 1694 obtineret
608 1669 725 1701 propter
752 1661 918 1691 vetustatem
949 1675 966 1691 ω
993 1671 1009 1691 2

479 1712 584 1742 propter
596 1706 750 1741 vetustatem
763 1702 885 1732 obtineret

386 1755 423 1774 20
444 1751 614 1783 cogerentur
635 1756 652 1770 ω
672 1752 681 1770 1
705 1750 831 1780 cogeretur

386 1795 422 1823 33
445 1793 503 1822 quo
518 1783 664 1822 indignius
684 1796 702 1810 a
721 1791 730 1809 1
755 1786 783 1810 in
796 1794 843 1820 quo
855 1783 959 1821 dignita

407 1826 425 1854 6
446 1833 510 1852 meo
525 1836 542 1851 a
562 1832 570 1851 1
596 1826 624 1851 in
635 1833 660 1851 eo

389 1875 419 1894 ιι
446 1874 534 1892 unum
550 1863 583 1892 fit
603 1876 620 1891 u
639 1872 653 1891 2
667 1863 706 1900 fit
720 1874 796 1890 unum

386 1915 424 1943 ¹4
443 1904 573 1933 omnium
588 1913 681 1932 rerum
706 1916 724 1931 ω
741 1912 757 1930 2
782 1903 941 1931 moderatrix
960 1912 997 1929 om

484 1954 555 1972 ntum

388 1995 423 2023 ¹7
444 1984 578 2013 videntur
596 1983 724 2012 homines
746 1996 764 2012 ω
790 1993 804 2012 2
831 1984 940 2012 homines
964 1984 1011 2010 vi-

484 2027 577 2054 dentur

389 2067 424 2094 18
445 2065 610 2094 humiliores
632 2077 650 2093 ω
667 2074 679 2092 1
703 2063 850 2093 humiliores
855 2063 913 2101 fint

391 2115 426 2145 ¹9
448 2105 518 2135 mihi
533 2105 671 2144 quiddam
693 2118 710 2133 a
728 2114 744 2133 2
760 2105 882 2142 quiddam
895 2103 959 2131 mihi

388 2155 425 2183 23
447 2146 468 2174 ii
490 2159 508 2174 u
526 2155 541 2173 2
564 2146 594 2174 bi

388 2195 427 2224 30
448 2195 551 2225 magna
570 2199 587 2213 ω
608 2195 617 2214 1
642 2194 665 2214 et
679 2196 773 2225 magna

391 2235 424 2263 3¹
450 2227 485 2255 iis
507 2239 525 2254 a
543 2235 557 2254 2
580 2227 621 2254 his

391 2275 428 2303 3²
448 2266 484 2294 iis
506 2278 524 2293 a
542 2276 557 2293 2
580 2267 623 2293 his

389 2316 424 2343 33
446 2305 475 2334 vi
490 2313 518 2333 et
538 2319 556 2333 ω
575 2314 584 2333 1
604 2308 633 2333 in

392 2355 401 2373 1
412 2355 425 2383 3
449 2345 544 2373 rhetor
564 2357 582 2373 a
602 2354 611 2372 1
630 2344 754 2374 rhetorum

389 2395 428 2423 29
449 2384 561 2413 videtur
582 2398 600 2412 u
615 2394 630 2413 2
652 2386 772 2415 videntur

391 2435 430 2464 30
451 2425 524 2456 etin
544 2438 563 2454 u
580 2433 596 2455 2
616 2433 640 2454 ct

1070 868 1100 896 p.

1065 907 1101 934 27

1064 978 1100 1007 28

1066 1588 1104 1618 29

1073 2310 1106 2340 31

1214 712 1332 754 MSS.
1368 724 1394 746 ω
1423 725 1460 757 1,
1492 722 1531 750 2.

1141 911 1183 918 —·
1204 894 1315 924 dividat
1335 908 1353 923 a
1372 903 1382 922 1
1408 894 1506 922 dividit

1146 946 1180 974 33
1204 943 1258 965 tres
1279 948 1297 963 u
1316 944 1342 969 1,
1360 945 1375 963 z
1397 943 1448 963 tre:
1459 944 1503 962 eas

1167 986 1176 1004 1
1203 975 1308 1014 ecquid
1329 989 1347 1004 ω
1366 984 1376 1003 1
1403 982 1431 1003 ut
1446 975 1513 1012 quid

1165 1026 1181 1045 2
1203 1016 1311 1044 bonum
1326 1028 1344 1043 u
1363 1024 1373 1043 1
1392 1014 1481 1043 bonum
1496 1017 1523 1042 in
1537 1016 1597 1042 vita

1164 1066 1178 1094 3
1203 1057 1235 1084 fit
1250 1069 1268 1084 ω
1287 1065 1296 1084 1
1316 1057 1345 1084 d.

1147 1106 1183 1125 ιο
1204 1096 1298 1124 officio
1311 1109 1329 1124 ω
1348 1105 1358 1124 1
1377 1095 1489 1132 orificio

1147 1146 1182 1174 ¹3
1205 1137 1270 1165 dico
1286 1148 1303 1164 a
1322 1145 1332 1162 1
1351 1136 1378 1164 d.

1142 1191 1184 1200 --
1205 1175 1406 1204 mendofiffime
1420 1188 1439 1203 u
1459 1184 1470 1203 1
1489 1174 1672 1211 mendaczffi‘me

1147 1227 1182 1256 ¹9
1203 1216 1352 1244 rhetoricae
1366 1215 1479 1245 videtur
1492 1224 1525 1244 ea
1540 1227 1558 1242 ω
1574 1224 1585 1242 1
1604 1215 1708 1242 videtur
1721 1224 1771 1242 ar·-

1245 1260 1280 1285 tis
1293 1257 1428 1285 rhetoricae

1145 1307 1178 1326 21
1204 1297 1380 1335 excogitatio
1395 1305 1489 1324 rerum
1504 1303 1634 1323 verarum
1657 1307 1675 1323 a
1698 1303 1708 1322 ι
1729 1304 1772 1322 co·

1240 1340 1339 1375 giratio
1351 1346 1475 1365 verarum
1489 1346 1573 1364 rerum

1145 1387 1185 1415 24
1204 1377 1356 1405 verborum
1379 1390 1396 1404 ω
1414 1386 1424 1404 1
1449 1375 1582 1404 verborum
1586 1374 1745 1414 fingulorutn

1146 1428 1161 1447 2
1167 1429 1182 1458 5
1206 1418 1285 1446 firma
1305 1417 1394 1446 animi
1413 1425 1506 1445 rerum
1528 1429 1545 1444 ω
1563 1425 1573 1443 1
1598 1426 1681 1445 rerum
1687 1416 1773 1453 firma

1245 1469 1326 1486 anum

1148 1508 1186 1538 29
1207 1505 1236 1527 et
1249 1498 1375 1526 officium
1397 1505 1426 1528 et
1447 1497 1532 1527 finem
1553 1509 1571 1525 ω
1590 1505 1600 1525 1
1625 1498 1735 1535 etfinem
1747 1501 1773 1525 ee

1246 1539 1352 1575 qfficium

1168 1588 1184 1606 2
1207 1585 1256 1606 aut
1276 1591 1293 1605 ω
1311 1587 1339 1611 1,
1357 1587 1373 1606 2
1393 1589 1426 1606 αι-

1149 1627 1186 1655 14
1206 1625 1320 1656 oportet
1339 1630 1356 1646 ω
1372 1627 1381 1646 1
1407 1625 1519 1656 oporteat

1150 1660 1184 1686 18
1207 1667 1293 1697 quarn
1313 1671 1331 1686 ω
1349 1667 1374 1691 1,
1393 1668 1408 1687 2
1431 1669 1507 1696 quam
1520 1668 1572 1686 rem

1150 1707 1186 1737 19
1208 1708 1243 1726 ne
1263 1712 1280 1726 ω
1297 1708 1312 1726 2
1334 1709 1377 1726 nec

1150 1749 1187 1775 ²4
1208 1738 1348 1776 populum
1364 1747 1510 1766 romanum
1532 1750 1548 1765 ω
1566 1746 1581 1764 2
1602 1744 1679 1774 remp.

1150 1780 1186 1806 28
1207 1779 1367 1816 appelletur
1387 1792 1404 1806 ω
1422 1788 1437 1806 2
1459 1777 1587 1816 appellari
1600 1784 1711 1814 oporteat

1149 1828 1186 1857 29
1209 1827 1265 1846 non
1285 1818 1363 1857 quod
1379 1819 1414 1847 de
1433 1818 1537 1856 reipsa
1557 1830 1574 1845 ω
1591 1825 1602 1844 1
1627 1818 1694 1855 quad
1704 1818 1734 1846 de
1748 1826 1774 1845 re

1248 1870 1331 1887 nomen
1351 1872 1368 1886 ω
1384 1869 1400 1887 2
1421 1861 1488 1896 quod
1498 1859 1529 1887 de
1542 1869 1568 1886 re
1582 1857 1636 1895 ipsa

1170 1907 1185 1937 ς
1209 1899 1345 1936 quaeritur
1358 1899 1411 1927 hoc
1427 1899 1514 1926 modo
1535 1911 1551 1925 ω
1571 1907 1580 1926 ι
1607 1901 1736 1936 quaeritur
1749 1898 1780 1925 id

1250 1940 1424 1977 quodfac‘Jum
1430 1939 1469 1976 fit
1484 1939 1528 1966 hoc
1541 1939 1609 1966 modo

1152 1988 1183 2007 11
1209 1978 1425 2016 praeterierimus
1447 1991 1464 2006 ω
1481 1988 1495 2006 z
1514 1980 1677 2015 praterimus

1151 2028 1187 2056 23
1211 2028 1330 2056 quaeque
1351 2031 1367 2045 ω
1385 2027 1399 2045 2
1422 2029 1516 2056 qucque

1151 2069 1186 2098 25
1209 2059 1299 2096 lgitur
1319 2071 1337 2086 ω
1356 2068 1366 2086 1
1392 2067 1475 2086 autfm

1152 2109 1189 2136 30
1211 2098 1371 2127 constitutio
1399 2098 1435 2126 est
1463 2097 1566 2126 omnis.
1602 2096 1670 2125 Non
1698 2096 1773 2126 enim

1251 2152 1268 2166 ω
1288 2147 1297 2167 1
1321 2141 1354 2176 est
1369 2140 1508 2175 constitutio
1521 2141 1598 2166 omnis
1612 2149 1658 2166 non
1671 2140 1735 2166 enim

1155 2188 1190 2217 33
1213 2178 1295 2212 dicit,
1318 2186 1411 2216 partes
1432 2191 1449 2206 ω
1465 2187 1480 2206 2
1496 2186 1586 2216 partes
1601 2179 1663 2205 dicit

1154 2229 1190 2258 35
1214 2219 1274 2255 ejus
1297 2218 1431 2256 quaelibet
1453 2231 1469 2246 ω
1488 2228 1496 2246 1
1523 2219 1702 2255 constitutionis
1725 2218 1778 2255 ejus

1252 2258 1374 2297 quaelibet
1395 2271 1413 2286 ω
1431 2269 1445 2286 z
1467 2259 1647 2295 constituticnit
1658 2259 1711 2295 φα

1171 2309 1191 2336 4
1211 2306 1240 2328 et
1255 2309 1318 2336 pars
1331 2299 1391 2336 ejus
1413 2311 1429 2326 ω
1447 2309 1473 2332 1,
1489 2309 1503 2327 2
1516 2306 1582 2336 pars
1595 2299 1646 2334 ejus
1658 2295 1779 2334 quaelibet

1172 2339 1192 2368 6
1213 2339 1378 2368 intentionis
1400 2351 1418 2366 ω
1437 2348 1462 2374 1,
1488 2349 1503 2366 2
1523 2339 1715 2376 τωιβῐνιιίίοηεηι
1736 2338 1777 2363 τή-

1251 2387 1369 2407 temloms

1355 2419 1381 2447 Z
1396 2428 1414 2447 z
1430 2428 1445 2447 z
1461 2427 1475 2446 z
