2176 2912
859 189 1118 256 [23]

567 411 1413 469 M.TULL11

272 577 1727 677 CICERONIS

936 786 1069 824 DE

276 912 994 989 INVENTIONE
1080 931 1213 986 RH
1243 928 1732 992 EToRICA

637 1136 914 1175 LIBER
1001 1137 1371 1178 PRIMUS.

309 1352 343 1390 Ι,
477 1347 526 1385 AE
541 1347 570 1385 P
585 1348 618 1385 E
650 1355 688 1385 et
707 1347 880 1385 multum
898 1345 974 1385 hoc
991 1360 1148 1387 mecum
1165 1350 1346 1403 cogitavi,
1371 1351 1526 1400 bonine,
1550 1367 1597 1393 an
1618 1356 1712 1394 mali

499 1415 586 1467 plus
617 1414 789 1452 attulerit
818 1414 1047 1453 horninibus
1078 1426 1115 1454 et
1145 1417 1369 1457 civitatibus
1399 1422 1508 1474 copia
1542 1423 1711 1468 dicendi,

501 1495 543 1520 ac
565 1482 763 1520 summum
784 1482 1014 1534 eloquentiae
1036 1485 1219 1524 studium.
1272 1487 1378 1525 Nam
1399 1502 1491 1527 cum
1514 1499 1551 1527 et
1578 1491 1712 1530 nostrae

310 1549 530 1603 reipublicae
551 1549 782 1587 detrimenta
802 1549 1011 1595 considero,
1037 1559 1074 1588 et
1098 1552 1357 1591 maximarum
1378 1556 1582 1594 civitatum
1606 1567 1713 1596 vete-

312 1628 369 1653 res
396 1616 527 1654 animo
553 1614 790 1652 calamitates
812 1615 969 1667 colligo,
1002 1630 1077 1654 non
1101 1618 1306 1656 minimam
1331 1620 1441 1658 video
1461 1635 1528 1674 per
1548 1623 1713 1662 disertis-

313 1681 428 1720 fimos
459 1680 638 1719 homines
670 1681 860 1718 invectam
896 1681 967 1719 esse
1002 1691 1148 1734 partem
1186 1684 1543 1726 incommodorum.
1606 1691 1712 1728 Cum

314 1760 444 1788 autem
475 1763 532 1787 res
562 1750 608 1788 ab
639 1748 762 1787 nostra
792 1748 992 1793 memoria,
1023 1760 1179 1802 propter
1203 1752 1443 1797 vetustatem,
1475 1765 1638 1794 remotas
1669 1771 1717 1796 ex

319 1817 516 1854 literarum
540 1815 805 1853 monumentis
828 1824 994 1867 repetere
1012 1817 1170 1854 instituo
1189 1832 1196 1854 :
1232 1818 1371 1856 multas
1395 1821 1504 1858 urbes
1527 1822 1715 1860 constitu-

317 1891 387 1927 tas,
418 1882 587 1934 plurima
614 1881 713 1919 bella
742 1881 931 1926 restincta,
964 1880 1195 1920 firmiffimas
1228 1884 1437 1931 societates,
1474 1887 1716 1928 sanetiffimas

317 1949 506 1986 amicitias
537 1947 715 2000 intelligo
745 1957 831 1985 tum
861 1947 982 1985 animi
1012 1948 1171 1993 ratione,
1203 1958 1288 1988 tum
1316 1950 1467 1991 facilius
1498 1955 1719 2006 eloquentia

317 2022 568 2066 comparatas.
615 2014 676 2051 Ac
698 2026 759 2051 me
780 2013 939 2065 quidem
963 2013 1028 2051 diu
1050 2014 1301 2066 cogitantem,
1335 2018 1429 2054 ratio
1451 2019 1527 2070 ipsa
1547 2020 1586 2057 in
1617 2020 1716 2060 hanc

319 2080 561 2133 potiffimum
583 2080 808 2118 sententiam
829 2080 953 2125 ducit,
984 2090 1027 2119 ut
1046 2081 1276 2126 existimem,
1300 2083 1520 2135 sapientiam
1543 2087 1618 2123 fine
1635 2089 1716 2126 elo-

319 2148 476 2199 quentia
498 2159 630 2198 parum
651 2145 818 2198 prodeffe
835 2146 1070 2192 civitatibus,
1093 2147 1355 2200 eloquentiam
1373 2165 1459 2189 vero
1477 2152 1552 2188 fine
1569 2153 1716 2206 sapien-

320 2213 374 2251 tia
394 2213 562 2251 nimium
580 2212 703 2251 obeffe
723 2213 966 2266 plerumque,
990 2214 1157 2266 prodeffe
1175 2228 1389 2267 nunquam.
1423 2219 1550 2269 Qare
1570 2220 1595 2257 s1
1614 2222 1716 2272 quiS‚

321 2279 466 2317 omiffis
498 2278 709 2317 reetiffimis
742 2289 856 2331 atque
887 2279 1154 2318 honestiffimis
1176 2281 1308 2320 studiis
1331 2283 1487 2322 rationis
1518 2294 1554 2322 et
1583 2287 1717 2332 officii,

322 2345 518 2383 consumit
547 2358 707 2383 omnem
739 2359 894 2398 operam
925 2347 964 2384 in
994 2347 1266 2385 exercitatione
1296 2349 1460 2395 dicendi,
1503 2351 1535 2388 is
1567 2351 1718 2390 inutilis

325 2409 408 2456 fibi,
447 2409 680 2463 perniciosus
712 2412 843 2464 patriae
873 2413 968 2452 civis
999 2413 1140 2453 alitur:
1194 2414 1262 2465 qui
1295 2428 1382 2454 vcro
1413 2416 1465 2454 ita
1494 2416 1566 2455 sese
1598 2427 1719 2457 armat
