2176 2912
560 191 884 232 LIBER
962 191 1381 231 PRIMUS.
1634 209 1681 248 53

269 290 549 331 Thebanorum
579 286 787 339 imperator
817 284 866 330 ei,
897 284 965 337 qui
998 284 1066 322 fibi
1095 298 1141 322 ex
1172 284 1254 337 lege
1284 295 1422 338 praetor
1452 286 1677 332 successerat,

268 356 479 396 exercitum
498 366 575 391 non
597 351 766 396 tradidit,
797 360 848 396 et,
881 365 973 389 cum
1005 364 1144 404 paucos
1177 351 1253 404 ipse
1285 351 1363 389 dies
1392 363 1524 391 contra
1555 354 1678 406 legem

267 421 479 461 exercitum
509 417 697 463 tenuisset,
736 418 1049 456 Lacedaemonios
1082 417 1258 456 funditus
1291 419 1399 463 vicit,
1444 421 1583 471 poterit
1614 433 1677 457 ac-

267 487 413 526 cusator
431 485 760 538 argumentatione
781 485 837 522 uti
858 497 923 536 per
941 483 1221 528 induffifionem,
1254 497 1345 522 cum
1368 484 1551 538 scriptum
1583 486 1677 538 legis

268 562 399 592 contra
430 552 655 590 sententiam
687 549 877 595 defendat,
909 550 955 588 ad
986 549 1091 588 hunc
1123 550 1313 595 modum;
1347 551 1398 596 Si,
1427 552 1592 603 judices,
1624 553 1677 596 id,

267 619 372 672 quod
392 617 679 671 Epaminondas
699 617 751 654 ait
780 617 874 669 legis
903 616 1126 669 scriptorem
1158 616 1312 661 sensisse,
1344 617 1528 656 adscribat
1547 618 1593 656 ad
1622 618 1678 656 le—

267 699 358 738 gem
390 694 427 722 et
457 684 568 722 addat
597 684 864 736 exceptionem
882 681 995 727 hanc,
1027 683 1061 720 E
1077 696 1103 721 x
1122 695 1149 720 T
1166 695 1192 721 R
1206 696 1236 721 A
1270 696 1338 732 Qu
1355 697 1385 722 A
1402 697 1437 722 M
1472 697 1509 722 SI
1545 698 1612 734 Qu
1630 698 1642 722 1
1662 697 1677 722 s

266 763 527 789 REIPUBL
547 762 655 787 ICAE
691 762 801 787 CAU
821 762 879 786 SA
913 761 1235 787 EXERCITUM
1269 761 1369 787 NON
1406 763 1678 789 TRADIDE-

270 829 296 854 R
310 829 323 854 1
338 829 383 861 T,
414 815 644 869 patiemini?
677 815 786 859 Non,
809 815 959 868 opinor.
1004 814 1123 866 Qod
1144 814 1171 852 s1
1190 814 1420 868 vosmetipsi,
1452 817 1557 868 quod
1574 831 1593 854 a
1613 831 1678 855 ve-

268 883 339 921 stra
360 882 544 934 religione
562 890 599 919 et
619 871 798 933 sapientia
826 880 1125 918 remotissimum
1152 880 1217 926 est,
1249 881 1355 919 istius
1388 881 1543 920 honoris
1574 884 1680 921 causa

267 948 366 986 hanc
387 947 546 985 eandem
566 947 848 999 exceptionem,
881 946 1021 998 injuffu
1040 946 1190 998 populi,
1221 947 1267 984 ad
1287 947 1413 999 legem
1434 947 1593 987 adscribi
1609 951 1676 1001 ju-

266 1013 402 1058 beatis,
426 1012 592 1066 populus
614 1011 825 1050 Thebanus
846 1012 1059 1064 patieturne
1076 1011 1115 1049 id
1136 1011 1244 1050 fieri?
1277 1011 1453 1051 Profecto
1469 1027 1544 1050 non
1558 1015 1678 1066 patie-

267 1090 341 1118 tur.
385 1080 503 1131 Qod
519 1093 551 1117 e1
559 1093 608 1131 go
621 1079 780 1117 adscribi
793 1078 839 1116 ad
857 1078 982 1131 legem
997 1077 1098 1116 nefas
1117 1078 1182 1123 est,
1203 1078 1243 1116 id
1258 1078 1376 1130 sequi,
1397 1079 1499 1131 quasi
1512 1080 1678 1134 adscrip-

268 1155 356 1184 tum
385 1145 443 1189 fit,
482 1147 630 1183 sedtum
660 1145 769 1183 vobis
800 1144 998 1182 videatur?
1042 1144 1148 1182 Novi
1179 1143 1338 1182 vestram
1366 1145 1678 1198 intelligentiam,

267 1225 345 1249 non
367 1210 488 1263 potest
509 1211 561 1248 ita
570 1210 703 1254 videri,
721 1210 884 1262 judices.
925 1210 1044 1262 Qod
1060 1210 1085 1248 fi
1099 1210 1217 1248 literis
1236 1210 1375 1262 corrigi
1393 1224 1516 1263 neque
1533 1212 1579 1250 ab
1595 1212 1678 1257 illo,

266 1291 390 1329 neque
411 1291 431 1314 a
451 1277 576 1320 vobis,
608 1276 797 1329 scriptoris
818 1276 991 1314 voluntas
1012 1277 1156 1329 potest3
1189 1277 1313 1314 videte
1334 1291 1380 1314 ne
1400 1277 1528 1316 multo
1547 1279 1678 1331 indig-

265 1344 354 1381 nius
373 1343 432 1387 fit,
463 1343 503 1380 id
524 1356 562 1380 re
589 1352 626 1380 et
648 1343 799 1394 judicio
827 1341 946 1380 vestro
978 1344 1134 1388 mutari,
1166 1343 1270 1394 quod
1297 1356 1344 1380 ne
1371 1343 1488 1381 verbo
1517 1345 1676 1396 quidem

266 1409 499 1448 commutari
520 1409 654 1462 potest.

324 1478 384 1514 Ac
416 1476 461 1514 de
492 1475 715 1513 inductione
742 1475 901 1528 quidem
932 1475 1017 1513 satis
1050 1475 1090 1512 in
1118 1475 1312 1527 praesentia
1342 1475 1491 1514 dietum
1514 1477 1674 1517 videtur.

266 1543 387 1582 Nunc
408 1543 586 1596 deinceps
607 1542 904 1581 ratiocinationis
923 1543 1005 1580 vim
1026 1552 1063 1580 et
1082 1552 1255 1580 naturam
1277 1543 1573 1583 confideremus.

322 1610 516 1648 XXXIV.
548 1610 808 1648 Ratiocinatio
833 1609 886 1647 est
915 1609 1035 1647 oratio
1061 1622 1107 1646 ex
1134 1608 1211 1661 ipsa
1242 1622 1280 1646 re
1309 1610 1506 1662 probabile
1532 1612 1678 1664 aliquid

268 1675 437 1721 eliciens,
471 1676 575 1728 quod
606 1675 822 1728 expositum
849 1684 885 1713 et
912 1689 977 1727 per
1006 1675 1039 1712 se
1060 1675 1264 1726 cognitum
1285 1675 1347 1712 sua
1366 1675 1401 1713 se
1421 1676 1457 1713 vi
1478 1686 1514 1714 et
1536 1678 1678 1716 ratione

269 1742 485 1781 confirmet.
537 1743 628 1781 Hoc
650 1742 696 1780 de
717 1755 852 1795 genere
867 1743 934 1794 qui
951 1742 1173 1794 diligentius
1187 1741 1500 1780 considerandum
1518 1753 1675 1795 putave-

268 1818 373 1852 runt,
405 1822 496 1847 cum
518 1809 621 1846 idem
643 1809 711 1846 usu
731 1809 884 1846 dicendi
903 1808 1158 1860 sequerentur,
1189 1809 1350 1861 paulum
1370 1809 1410 1846 in
1431 1811 1676 1863 praecipiendi

269 1875 413 1912 ratione
426 1873 684 1912 dissenserunt.
709 1874 815 1912 Nam
829 1874 970 1926 partim
983 1875 1153 1926 quinque
1165 1876 1245 1926 ejus
1258 1884 1379 1927 partes
1393 1875 1463 1913 effe
1476 1877 1654 1914 dixerunt
1662 1896 1673 1922 ς

268 1942 408 1994 partim
424 1954 500 1980 non
513 1941 599 1993 plus
614 1954 730 1992 quam
745 1941 783 1978 in
799 1950 870 1978 tres
884 1950 1004 1992 partes
1018 1940 1117 1992 poffe
1130 1941 1306 1978 distribui
1318 1952 1559 1993 putaverunt.
1593 1945 1674 1982 Eo-

269 2022 361 2051 rum
384 2008 676 2045 controverfiam
701 2021 778 2045 non
810 2007 1109 2045 incommodum
1129 2007 1279 2045 videtur
1304 2021 1396 2045 cum
1425 2018 1677 2062 utrorumque

268 2076 411 2113 ratione
432 2088 632 2127 exponere.
684 2075 788 2112 Nam
810 2084 846 2112 et
868 2074 989 2112 brevis
1011 2074 1076 2118 est,
1107 2084 1145 2112 et
1171 2088 1247 2112 non
1273 2074 1472 2125 ejusmodi,
1506 2085 1548 2113 ut
1568 2077 1675 2114 alteri

267 2142 416 2195 prorsus
447 2141 545 2180 nihil
577 2142 701 2179 dicere
727 2150 924 2193 putentur,
955 2150 992 2178 et
1013 2140 1119 2179 locus
1138 2140 1202 2178 hic
1224 2141 1333 2179 nobis
1354 2141 1394 2178 in
1415 2142 1577 2181 dicendo
1596 2144 1675 2182 mi-

268 2210 373 2247 nime
394 2209 645 2261 negligendus
666 2208 828 2246 videtur.

325 2276 406 2327 Qi
428 2284 563 2327 putant
581 2276 619 2312 in
637 2275 809 2326 quinque
829 2274 1002 2312 distribui
1020 2283 1141 2326 partes
1161 2284 1346 2327 oportere,
1375 2275 1481 2312 aiunt
1504 2272 1676 2327 primum

269 2343 470 2380 convenire
490 2355 676 2394 exponere
693 2341 883 2378 summam
905 2341 1261 2392 argumentationis,
1294 2341 1340 2378 ad
1359 2339 1464 2378 hunc
1486 2343 1647 2379 modum
1663 2359 1673 2383 ;

269 2408 415 2445 Melius
437 2417 662 2445 accurantur
682 2420 766 2458 quae
784 2406 941 2444 confilio
961 2415 1159 2458 geruntur,
1182 2421 1299 2459 quam
1317 2420 1400 2459 quae
1421 2407 1496 2444 fine
1516 2406 1675 2444 consilio

269 2474 593 2512 administrantur.
635 2474 750 2512 Hanc
770 2474 936 2526 primam
958 2482 1105 2525 partem
1126 2484 1341 2511 numerant.
1382 2474 1480 2511 Eam
1498 2473 1674 2523 deinceps

265 2539 474 2579 rationibus
496 2540 606 2578 variis
637 2549 673 2578 et
705 2553 822 2592 quam
853 2538 1116 2591 copiosissimis
1149 2540 1271 2578 verbis
1305 2538 1503 2591 approbari
1536 2545 1672 2590 putant
