<?xml version="1.0" encoding="UTF-8"?>
<!DOCTYPE html PUBLIC "-//W3C//DTD XHTML 1.0 Transitional//EN"
    "http://www.w3.org/TR/xhtml1/DTD/xhtml1-transitional.dtd">
<html xmlns="http://www.w3.org/1999/xhtml" xml:lang="en" lang="en">
 <head>
  <title>
</title>
<meta http-equiv="Content-Type" content="text/html;charset=utf-8" />
  <meta name='ocr-system' content='tesseract 3.04.00' />
  <meta name='ocr-capabilities' content='ocr_page ocr_carea ocr_par ocr_line ocrx_word'/>
</head>
<body>
  <div class='ocr_page' id='page_1' title='image "./operacumindicibu01ciceuoft_0297.png"; bbox 0 0 2176 2912; ppageno 0'>
   <div class='ocr_carea' id='block_1_1' title="bbox 608 169 1751 233">
    <p class='ocr_par' dir='ltr' id='par_1_1' title="bbox 608 169 1751 233">
     <span class='ocr_line' id='line_1_1' title="bbox 608 169 1751 233; baseline 0.005 -22"><span class='ocrx_word' id='word_1_1' title='bbox 608 171 928 212; x_wconf 80' lang='lat' dir='ltr'><strong>LIBER</strong></span> <span class='ocrx_word' id='word_1_2' title='bbox 1003 169 1490 213; x_wconf 84' lang='lat' dir='ltr'><strong>TERTIUS.</strong></span> <span class='ocrx_word' id='word_1_3' title='bbox 1673 178 1751 233; x_wconf 83' lang='lat'>287</span> 
     </span>
    </p>
   </div>
   <div class='ocr_carea' id='block_1_2' title="bbox 334 263 1752 2567">
    <p class='ocr_par' dir='ltr' id='par_1_2' title="bbox 339 263 1752 1499">
     <span class='ocr_line' id='line_1_2' title="bbox 348 263 1751 319; baseline 0.004 -14"><span class='ocrx_word' id='word_1_4' title='bbox 348 279 524 319; x_wconf 87' lang='lat' dir='ltr'>unquam</span> <span class='ocrx_word' id='word_1_5' title='bbox 542 265 682 304; x_wconf 90' lang='lat' dir='ltr'>accidit</span> <span class='ocrx_word' id='word_1_6' title='bbox 700 264 766 316; x_wconf 88' lang='lat' dir='ltr'>huj</span> <span class='ocrx_word' id='word_1_7' title='bbox 774 277 816 301; x_wconf 89' lang='lat' dir='ltr'>us</span> <span class='ocrx_word' id='word_1_8' title='bbox 835 264 1006 302; x_wconf 89' lang='lat' dir='ltr'>oratione</span> <span class='ocrx_word' id='word_1_9' title='bbox 1023 263 1152 302; x_wconf 90' lang='lat' dir='ltr'>Catuli</span> <span class='ocrx_word' id='word_1_10' title='bbox 1169 264 1182 301; x_wconf 93' lang='lat'>?</span> <span class='ocrx_word' id='word_1_11' title='bbox 1203 277 1288 316; x_wconf 81' lang='lat' dir='ltr'>quae</span> <span class='ocrx_word' id='word_1_12' title='bbox 1303 264 1356 302; x_wconf 92' lang='lat' dir='ltr'>est</span> <span class='ocrx_word' id='word_1_13' title='bbox 1370 278 1464 317; x_wconf 89' lang='lat' dir='ltr'>pura</span> <span class='ocrx_word' id='word_1_14' title='bbox 1479 266 1542 312; x_wconf 76' lang='lat' dir='ltr'>sic,</span> <span class='ocrx_word' id='word_1_15' title='bbox 1558 276 1600 306; x_wconf 88' lang='lat' dir='ltr'>ut</span> <span class='ocrx_word' id='word_1_16' title='bbox 1614 270 1751 310; x_wconf 81' lang='lat' dir='ltr'>Latine</span> 
     </span>
     <span class='ocr_line' id='line_1_3' title="bbox 348 330 1750 390; baseline 0.003 -19"><span class='ocrx_word' id='word_1_17' title='bbox 348 333 457 385; x_wconf 87' lang='lat' dir='ltr'>loqui</span> <span class='ocrx_word' id='word_1_18' title='bbox 475 345 572 386; x_wconf 86' lang='lat' dir='ltr'>pene</span> <span class='ocrx_word' id='word_1_19' title='bbox 592 331 691 370; x_wconf 90' lang='lat' dir='ltr'>solus</span> <span class='ocrx_word' id='word_1_20' title='bbox 711 331 882 369; x_wconf 87' lang='lat' dir='ltr'>videatur</span> <span class='ocrx_word' id='word_1_21' title='bbox 897 349 909 376; x_wconf 74' lang='lat'>5</span> <span class='ocrx_word' id='word_1_22' title='bbox 941 330 991 369; x_wconf 91' lang='lat' dir='ltr'>fic</span> <span class='ocrx_word' id='word_1_23' title='bbox 1011 339 1142 369; x_wconf 89' lang='lat' dir='ltr'>autem</span> <span class='ocrx_word' id='word_1_24' title='bbox 1170 331 1308 383; x_wconf 87' lang='lat' dir='ltr'>gravis,</span> <span class='ocrx_word' id='word_1_25' title='bbox 1340 340 1384 368; x_wconf 92' lang='lat' dir='ltr'>ut</span> <span class='ocrx_word' id='word_1_26' title='bbox 1402 331 1442 369; x_wconf 89' lang='lat' dir='ltr'>in</span> <span class='ocrx_word' id='word_1_27' title='bbox 1464 332 1642 386; x_wconf 81' lang='lat' dir='ltr'>singulari</span> <span class='ocrx_word' id='word_1_28' title='bbox 1662 337 1750 390; x_wconf 86' lang='lat' dir='ltr'>dig-</span> 
     </span>
     <span class='ocr_line' id='line_1_4' title="bbox 347 397 1750 450; baseline 0.005 -14"><span class='ocrx_word' id='word_1_29' title='bbox 347 400 468 443; x_wconf 78' lang='lat' dir='ltr'>nitate</span> <span class='ocrx_word' id='word_1_30' title='bbox 482 399 610 438; x_wconf 85' lang='lat' dir='ltr'>omnis</span> <span class='ocrx_word' id='word_1_31' title='bbox 627 408 756 437; x_wconf 87' lang='lat' dir='ltr'>tamen</span> <span class='ocrx_word' id='word_1_32' title='bbox 771 397 864 436; x_wconf 81' lang='lat' dir='ltr'>adsit</span> <span class='ocrx_word' id='word_1_33' title='bbox 882 397 1104 439; x_wconf 84' lang='lat' dir='ltr'>humanitas</span> <span class='ocrx_word' id='word_1_34' title='bbox 1124 410 1166 435; x_wconf 91' lang='lat' dir='ltr'>ac</span> <span class='ocrx_word' id='word_1_35' title='bbox 1184 397 1304 450; x_wconf 85' lang='lat' dir='ltr'>lepos.</span> <span class='ocrx_word' id='word_1_36' title='bbox 1338 398 1446 450; x_wconf 81' lang='lat' dir='ltr'>Qid</span> <span class='ocrx_word' id='word_1_37' title='bbox 1462 400 1585 438; x_wconf 87' lang='lat' dir='ltr'>multa</span> <span class='ocrx_word' id='word_1_38' title='bbox 1600 403 1612 438; x_wconf 90' lang='lat'>?</span> <span class='ocrx_word' id='word_1_39' title='bbox 1635 404 1750 443; x_wconf 83' lang='lat' dir='ltr'>istum</span> 
     </span>
     <span class='ocr_line' id='line_1_5' title="bbox 346 463 1752 517; baseline 0.004 -14"><span class='ocrx_word' id='word_1_40' title='bbox 346 464 503 503; x_wconf 85' lang='lat' dir='ltr'>audiens</span> <span class='ocrx_word' id='word_1_41' title='bbox 533 465 715 517; x_wconf 86' lang='lat' dir='ltr'>equidem</span> <span class='ocrx_word' id='word_1_42' title='bbox 746 464 796 502; x_wconf 90' lang='lat' dir='ltr'>fic</span> <span class='ocrx_word' id='word_1_43' title='bbox 820 464 993 517; x_wconf 87' lang='lat' dir='ltr'>judicare</span> <span class='ocrx_word' id='word_1_44' title='bbox 1012 463 1128 509; x_wconf 89' lang='lat' dir='ltr'>soleo,</span> <span class='ocrx_word' id='word_1_45' title='bbox 1161 463 1354 516; x_wconf 90' lang='lat' dir='ltr'>quidquid</span> <span class='ocrx_word' id='word_1_46' title='bbox 1371 473 1437 502; x_wconf 90' lang='lat' dir='ltr'>aut</span> <span class='ocrx_word' id='word_1_47' title='bbox 1456 465 1657 513; x_wconf 76' lang='lat' dir='ltr'>addideris,</span> <span class='ocrx_word' id='word_1_48' title='bbox 1688 481 1752 509; x_wconf 87' lang='lat' dir='ltr'>aut</span> 
     </span>
     <span class='ocr_line' id='line_1_6' title="bbox 347 529 1751 586; baseline 0.003 -17"><span class='ocrx_word' id='word_1_49' title='bbox 347 531 568 576; x_wconf 83' lang='lat' dir='ltr'>mutaveris,</span> <span class='ocrx_word' id='word_1_50' title='bbox 600 540 665 569; x_wconf 89' lang='lat' dir='ltr'>aut</span> <span class='ocrx_word' id='word_1_51' title='bbox 697 530 915 576; x_wconf 83' lang='lat' dir='ltr'>detraxeris,</span> <span class='ocrx_word' id='word_1_52' title='bbox 946 529 1115 568; x_wconf 86' lang='lat' dir='ltr'>vitiofius</span> <span class='ocrx_word' id='word_1_53' title='bbox 1146 539 1184 568; x_wconf 89' lang='lat' dir='ltr'>et</span> <span class='ocrx_word' id='word_1_54' title='bbox 1218 529 1382 568; x_wconf 85' lang='lat' dir='ltr'>deterius</span> <span class='ocrx_word' id='word_1_55' title='bbox 1403 529 1594 570; x_wconf 89' lang='lat' dir='ltr'>futurum.</span> <span class='ocrx_word' id='word_1_56' title='bbox 1644 535 1751 586; x_wconf 83' lang='lat' dir='ltr'>Qid</span> 
     </span>
     <span class='ocr_line' id='line_1_7' title="bbox 344 596 1750 648; baseline 0.001 -12"><span class='ocrx_word' id='word_1_57' title='bbox 344 596 471 637; x_wconf 88' lang='lat' dir='ltr'>noster</span> <span class='ocrx_word' id='word_1_58' title='bbox 494 596 560 636; x_wconf 91' lang='lat' dir='ltr'>hic</span> <span class='ocrx_word' id='word_1_59' title='bbox 581 597 732 636; x_wconf 84' lang='lat' dir='ltr'>Caesar?</span> <span class='ocrx_word' id='word_1_60' title='bbox 763 610 891 636; x_wconf 90' lang='lat' dir='ltr'>nonne</span> <span class='ocrx_word' id='word_1_61' title='bbox 921 610 1061 635; x_wconf 88' lang='lat' dir='ltr'>novam</span> <span class='ocrx_word' id='word_1_62' title='bbox 1081 596 1275 648; x_wconf 82' lang='lat' dir='ltr'>quandam</span> <span class='ocrx_word' id='word_1_63' title='bbox 1306 597 1496 636; x_wconf 88' lang='lat' dir='ltr'>rationem</span> <span class='ocrx_word' id='word_1_64' title='bbox 1516 599 1647 637; x_wconf 87' lang='lat' dir='ltr'>attulit</span> <span class='ocrx_word' id='word_1_65' title='bbox 1667 614 1750 639; x_wconf 85' lang='lat' dir='ltr'>ora-</span> 
     </span>
     <span class='ocr_line' id='line_1_8' title="bbox 346 662 1752 719; baseline 0.003 -18"><span class='ocrx_word' id='word_1_66' title='bbox 346 664 481 709; x_wconf 81' lang='lat' dir='ltr'>tionis,</span> <span class='ocrx_word' id='word_1_67' title='bbox 511 674 550 702; x_wconf 91' lang='lat' dir='ltr'>et</span> <span class='ocrx_word' id='word_1_68' title='bbox 567 664 722 702; x_wconf 89' lang='lat' dir='ltr'>dicendi</span> <span class='ocrx_word' id='word_1_69' title='bbox 739 677 861 716; x_wconf 88' lang='lat' dir='ltr'>genus</span> <span class='ocrx_word' id='word_1_70' title='bbox 882 662 1037 701; x_wconf 84' lang='lat' dir='ltr'>induxit</span> <span class='ocrx_word' id='word_1_71' title='bbox 1056 677 1173 716; x_wconf 90' lang='lat' dir='ltr'>prope</span> <span class='ocrx_word' id='word_1_72' title='bbox 1192 663 1406 716; x_wconf 82' lang='lat' dir='ltr'>singulare?</span> <span class='ocrx_word' id='word_1_73' title='bbox 1447 665 1546 716; x_wconf 84' lang='lat' dir='ltr'>Qis</span> <span class='ocrx_word' id='word_1_74' title='bbox 1578 679 1752 719; x_wconf 87' lang='lat' dir='ltr'>unquam</span> 
     </span>
     <span class='ocr_line' id='line_1_9' title="bbox 345 729 1750 783; baseline 0.003 -15"><span class='ocrx_word' id='word_1_75' title='bbox 345 742 418 775; x_wconf 90' lang='lat' dir='ltr'>res,</span> <span class='ocrx_word' id='word_1_76' title='bbox 439 740 573 783; x_wconf 82' lang='lat' dir='ltr'>praeter</span> <span class='ocrx_word' id='word_1_77' title='bbox 602 729 723 775; x_wconf 89' lang='lat' dir='ltr'>hunc,</span> <span class='ocrx_word' id='word_1_78' title='bbox 756 731 914 783; x_wconf 84' lang='lat' dir='ltr'>tragicas</span> <span class='ocrx_word' id='word_1_79' title='bbox 935 743 1031 782; x_wconf 89' lang='lat' dir='ltr'>pene</span> <span class='ocrx_word' id='word_1_80' title='bbox 1060 730 1225 775; x_wconf 88' lang='lat' dir='ltr'>comice,</span> <span class='ocrx_word' id='word_1_81' title='bbox 1262 730 1383 769; x_wconf 89' lang='lat' dir='ltr'>tristes</span> <span class='ocrx_word' id='word_1_82' title='bbox 1415 730 1577 776; x_wconf 83' lang='lat' dir='ltr'>remiffe,</span> <span class='ocrx_word' id='word_1_83' title='bbox 1609 733 1750 772; x_wconf 88' lang='lat' dir='ltr'>severas</span> 
     </span>
     <span class='ocr_line' id='line_1_10' title="bbox 344 794 1751 850; baseline 0.004 -16"><span class='ocrx_word' id='word_1_84' title='bbox 344 794 480 842; x_wconf 85' lang='lat' dir='ltr'>hilare,</span> <span class='ocrx_word' id='word_1_85' title='bbox 510 795 676 840; x_wconf 86' lang='lat' dir='ltr'>forenses</span> <span class='ocrx_word' id='word_1_86' title='bbox 697 796 843 834; x_wconf 81' lang='lat' dir='ltr'>scenica</span> <span class='ocrx_word' id='word_1_87' title='bbox 869 810 987 849; x_wconf 86' lang='lat' dir='ltr'>prope</span> <span class='ocrx_word' id='word_1_88' title='bbox 1016 795 1220 841; x_wconf 90' lang='lat' dir='ltr'>venustate,</span> <span class='ocrx_word' id='word_1_89' title='bbox 1244 797 1448 835; x_wconf 61' lang='lat' dir='ltr'>traetavit?</span> <span class='ocrx_word' id='word_1_90' title='bbox 1479 806 1594 850; x_wconf 85' lang='lat' dir='ltr'>atque</span> <span class='ocrx_word' id='word_1_91' title='bbox 1610 799 1676 844; x_wconf 88' lang='lat' dir='ltr'>ita,</span> <span class='ocrx_word' id='word_1_92' title='bbox 1708 809 1751 839; x_wconf 87' lang='lat' dir='ltr'>ut</span> 
     </span>
     <span class='ocr_line' id='line_1_11' title="bbox 342 856 1748 915; baseline 0.002 -15"><span class='ocrx_word' id='word_1_93' title='bbox 342 875 470 914; x_wconf 84' lang='lat' dir='ltr'>neque</span> <span class='ocrx_word' id='word_1_94' title='bbox 497 863 610 914; x_wconf 81' lang='lat' dir='ltr'>jocus</span> <span class='ocrx_word' id='word_1_95' title='bbox 645 856 913 914; x_wconf 73' lang='lat' dir='ltr'>magnitudine</span> <span class='ocrx_word' id='word_1_96' title='bbox 947 875 1075 900; x_wconf 87' lang='lat' dir='ltr'>rerum</span> <span class='ocrx_word' id='word_1_97' title='bbox 1096 861 1375 907; x_wconf 85' lang='lat' dir='ltr'>excluderetur,</span> <span class='ocrx_word' id='word_1_98' title='bbox 1406 876 1476 900; x_wconf 89' lang='lat' dir='ltr'>nec</span> <span class='ocrx_word' id='word_1_99' title='bbox 1506 866 1667 915; x_wconf 81' lang='lat' dir='ltr'>gravitas</span> <span class='ocrx_word' id='word_1_100' title='bbox 1689 865 1748 903; x_wconf 82' lang='lat' dir='ltr'>fa-</span> 
     </span>
     <span class='ocr_line' id='line_1_12' title="bbox 342 927 1749 984; baseline 0.003 -18"><span class='ocrx_word' id='word_1_101' title='bbox 342 928 452 966; x_wconf 88' lang='lat' dir='ltr'>cetiis</span> <span class='ocrx_word' id='word_1_102' title='bbox 473 929 725 972; x_wconf 84' lang='lat' dir='ltr'>minueretur.</span> <span class='ocrx_word' id='word_1_103' title='bbox 776 928 880 966; x_wconf 86' lang='lat' dir='ltr'>Ecce</span> <span class='ocrx_word' id='word_1_104' title='bbox 910 927 1108 980; x_wconf 79' lang='lat' dir='ltr'>praesentes</span> <span class='ocrx_word' id='word_1_105' title='bbox 1130 928 1206 966; x_wconf 86' lang='lat' dir='ltr'>duo</span> <span class='ocrx_word' id='word_1_106' title='bbox 1232 942 1352 981; x_wconf 88' lang='lat' dir='ltr'>prope</span> <span class='ocrx_word' id='word_1_107' title='bbox 1373 929 1535 980; x_wconf 84' lang='lat' dir='ltr'>aequales</span> <span class='ocrx_word' id='word_1_108' title='bbox 1557 931 1749 984; x_wconf 82' lang='lat' dir='ltr'>Sulpicius</span> 
     </span>
     <span class='ocr_line' id='line_1_13' title="bbox 341 994 1749 1049; baseline 0.004 -17"><span class='ocrx_word' id='word_1_109' title='bbox 341 1003 382 1033; x_wconf 87' lang='lat' dir='ltr'>et</span> <span class='ocrx_word' id='word_1_110' title='bbox 403 995 543 1033; x_wconf 89' lang='lat' dir='ltr'>Cotta:</span> <span class='ocrx_word' id='word_1_111' title='bbox 575 994 671 1047; x_wconf 88' lang='lat' dir='ltr'>quid</span> <span class='ocrx_word' id='word_1_112' title='bbox 690 1003 770 1033; x_wconf 86' lang='lat' dir='ltr'>tam</span> <span class='ocrx_word' id='word_1_113' title='bbox 800 995 901 1036; x_wconf 85' lang='lat' dir='ltr'>inter</span> <span class='ocrx_word' id='word_1_114' title='bbox 920 994 956 1033; x_wconf 91' lang='lat' dir='ltr'>se</span> <span class='ocrx_word' id='word_1_115' title='bbox 975 994 1182 1033; x_wconf 82' lang='lat' dir='ltr'>dissimile?</span> <span class='ocrx_word' id='word_1_116' title='bbox 1213 995 1309 1047; x_wconf 90' lang='lat' dir='ltr'>quid</span> <span class='ocrx_word' id='word_1_117' title='bbox 1343 1005 1422 1034; x_wconf 87' lang='lat' dir='ltr'>tam</span> <span class='ocrx_word' id='word_1_118' title='bbox 1453 995 1492 1032; x_wconf 89' lang='lat' dir='ltr'>in</span> <span class='ocrx_word' id='word_1_119' title='bbox 1526 996 1592 1034; x_wconf 91' lang='lat' dir='ltr'>suo</span> <span class='ocrx_word' id='word_1_120' title='bbox 1611 1011 1749 1049; x_wconf 84' lang='lat' dir='ltr'>genere</span> 
     </span>
     <span class='ocr_line' id='line_1_14' title="bbox 341 1060 1747 1116; baseline 0.003 -18"><span class='ocrx_word' id='word_1_121' title='bbox 341 1060 549 1113; x_wconf 86' lang='lat' dir='ltr'>praestans?</span> <span class='ocrx_word' id='word_1_122' title='bbox 580 1061 758 1100; x_wconf 86' lang='lat' dir='ltr'>Limatus</span> <span class='ocrx_word' id='word_1_123' title='bbox 775 1061 870 1099; x_wconf 85' lang='lat' dir='ltr'>alter</span> <span class='ocrx_word' id='word_1_124' title='bbox 888 1070 925 1098; x_wconf 88' lang='lat' dir='ltr'>et</span> <span class='ocrx_word' id='word_1_125' title='bbox 945 1061 1110 1106; x_wconf 79' lang='lat' dir='ltr'>subtilis,</span> <span class='ocrx_word' id='word_1_126' title='bbox 1133 1075 1213 1099; x_wconf 88' lang='lat' dir='ltr'>rem</span> <span class='ocrx_word' id='word_1_127' title='bbox 1229 1061 1425 1114; x_wconf 84' lang='lat' dir='ltr'>explicans</span> <span class='ocrx_word' id='word_1_128' title='bbox 1445 1063 1608 1114; x_wconf 86' lang='lat' dir='ltr'>propriis</span> <span class='ocrx_word' id='word_1_129' title='bbox 1630 1064 1747 1116; x_wconf 88' lang='lat' dir='ltr'>aptis-</span> 
     </span>
     <span class='ocr_line' id='line_1_15' title="bbox 342 1125 1747 1181; baseline 0.004 -17"><span class='ocrx_word' id='word_1_130' title='bbox 342 1140 419 1179; x_wconf 88' lang='lat' dir='ltr'>que</span> <span class='ocrx_word' id='word_1_131' title='bbox 438 1126 576 1172; x_wconf 86' lang='lat' dir='ltr'>verbis,</span> <span class='ocrx_word' id='word_1_132' title='bbox 595 1125 712 1164; x_wconf 86' lang='lat' dir='ltr'>haeret</span> <span class='ocrx_word' id='word_1_133' title='bbox 731 1127 773 1165; x_wconf 90' lang='lat' dir='ltr'>in</span> <span class='ocrx_word' id='word_1_134' title='bbox 791 1127 900 1166; x_wconf 86' lang='lat' dir='ltr'>causa</span> <span class='ocrx_word' id='word_1_135' title='bbox 914 1127 1084 1180; x_wconf 80' lang='lat' dir='ltr'>semper3</span> <span class='ocrx_word' id='word_1_136' title='bbox 1107 1136 1158 1172; x_wconf 88' lang='lat' dir='ltr'>et,</span> <span class='ocrx_word' id='word_1_137' title='bbox 1181 1128 1276 1180; x_wconf 89' lang='lat' dir='ltr'>quid</span> <span class='ocrx_word' id='word_1_138' title='bbox 1286 1128 1412 1180; x_wconf 90' lang='lat' dir='ltr'>judici</span> <span class='ocrx_word' id='word_1_139' title='bbox 1428 1128 1671 1181; x_wconf 83' lang='lat' dir='ltr'>probandum</span> <span class='ocrx_word' id='word_1_140' title='bbox 1688 1131 1747 1177; x_wconf 85' lang='lat' dir='ltr'>fit,</span> 
     </span>
     <span class='ocr_line' id='line_1_16' title="bbox 341 1192 1746 1246; baseline 0.004 -16"><span class='ocrx_word' id='word_1_141' title='bbox 341 1205 438 1231; x_wconf 89' lang='lat' dir='ltr'>cum</span> <span class='ocrx_word' id='word_1_142' title='bbox 457 1192 669 1231; x_wconf 81' lang='lat' dir='ltr'>acutiffime</span> <span class='ocrx_word' id='word_1_143' title='bbox 699 1193 809 1238; x_wconf 89' lang='lat' dir='ltr'>vidit,</span> <span class='ocrx_word' id='word_1_144' title='bbox 839 1193 983 1232; x_wconf 85' lang='lat' dir='ltr'>omiffis</span> <span class='ocrx_word' id='word_1_145' title='bbox 1003 1194 1146 1232; x_wconf 83' lang='lat' dir='ltr'>caeteris</span> <span class='ocrx_word' id='word_1_146' title='bbox 1166 1195 1416 1246; x_wconf 61' lang='lat' dir='ltr'>argumetum,</span> <span class='ocrx_word' id='word_1_147' title='bbox 1449 1195 1489 1232; x_wconf 93' lang='lat' dir='ltr'>in</span> <span class='ocrx_word' id='word_1_148' title='bbox 1510 1208 1555 1232; x_wconf 89' lang='lat' dir='ltr'>eo</span> <span class='ocrx_word' id='word_1_149' title='bbox 1574 1206 1746 1235; x_wconf 87' lang='lat' dir='ltr'>mentem</span> 
     </span>
     <span class='ocr_line' id='line_1_17' title="bbox 341 1258 1747 1312; baseline 0.003 -15"><span class='ocrx_word' id='word_1_150' title='bbox 341 1258 635 1311; x_wconf 85' lang='lat' dir='ltr'>orationemque</span> <span class='ocrx_word' id='word_1_151' title='bbox 655 1258 801 1311; x_wconf 88' lang='lat' dir='ltr'>defigit.</span> <span class='ocrx_word' id='word_1_152' title='bbox 848 1259 1040 1312; x_wconf 85' lang='lat' dir='ltr'>Sulpicius</span> <span class='ocrx_word' id='word_1_153' title='bbox 1065 1268 1194 1298; x_wconf 84' lang='lat' dir='ltr'>autem</span> <span class='ocrx_word' id='word_1_154' title='bbox 1214 1259 1418 1298; x_wconf 84' lang='lat' dir='ltr'>fortiffimo</span> <span class='ocrx_word' id='word_1_155' title='bbox 1438 1261 1606 1312; x_wconf 88' lang='lat' dir='ltr'>quodam</span> <span class='ocrx_word' id='word_1_156' title='bbox 1627 1263 1747 1301; x_wconf 88' lang='lat' dir='ltr'>animi</span> 
     </span>
     <span class='ocr_line' id='line_1_18' title="bbox 341 1325 1744 1381; baseline 0.004 -19"><span class='ocrx_word' id='word_1_157' title='bbox 341 1325 507 1377; x_wconf 90' lang='lat' dir='ltr'>impetu,</span> <span class='ocrx_word' id='word_1_158' title='bbox 524 1325 738 1378; x_wconf 83' lang='lat' dir='ltr'>plenissima</span> <span class='ocrx_word' id='word_1_159' title='bbox 757 1334 795 1364; x_wconf 89' lang='lat' dir='ltr'>et</span> <span class='ocrx_word' id='word_1_160' title='bbox 814 1326 985 1364; x_wconf 85' lang='lat' dir='ltr'>maxima</span> <span class='ocrx_word' id='word_1_161' title='bbox 1003 1338 1110 1371; x_wconf 90' lang='lat' dir='ltr'>voce,</span> <span class='ocrx_word' id='word_1_162' title='bbox 1129 1326 1280 1365; x_wconf 89' lang='lat' dir='ltr'>summa</span> <span class='ocrx_word' id='word_1_163' title='bbox 1298 1327 1545 1364; x_wconf 88' lang='lat' dir='ltr'>contentione</span> <span class='ocrx_word' id='word_1_164' title='bbox 1560 1331 1744 1381; x_wconf 86' lang='lat' dir='ltr'>corporis,</span> 
     </span>
     <span class='ocr_line' id='line_1_19' title="bbox 339 1391 1743 1447; baseline 0.003 -18"><span class='ocrx_word' id='word_1_165' title='bbox 339 1399 380 1430; x_wconf 89' lang='lat' dir='ltr'>et</span> <span class='ocrx_word' id='word_1_166' title='bbox 410 1391 597 1444; x_wconf 89' lang='lat' dir='ltr'>dignitate</span> <span class='ocrx_word' id='word_1_167' title='bbox 627 1402 771 1437; x_wconf 90' lang='lat' dir='ltr'>motus,</span> <span class='ocrx_word' id='word_1_168' title='bbox 802 1393 1007 1431; x_wconf 86' lang='lat' dir='ltr'>verborum</span> <span class='ocrx_word' id='word_1_169' title='bbox 1039 1406 1193 1445; x_wconf 90' lang='lat' dir='ltr'>quoque</span> <span class='ocrx_word' id='word_1_170' title='bbox 1220 1406 1262 1430; x_wconf 88' lang='lat' dir='ltr'>ea</span> <span class='ocrx_word' id='word_1_171' title='bbox 1281 1393 1464 1445; x_wconf 85' lang='lat' dir='ltr'>gravitate</span> <span class='ocrx_word' id='word_1_172' title='bbox 1483 1401 1520 1430; x_wconf 86' lang='lat' dir='ltr'>et</span> <span class='ocrx_word' id='word_1_173' title='bbox 1550 1395 1659 1447; x_wconf 86' lang='lat' dir='ltr'>copia</span> <span class='ocrx_word' id='word_1_174' title='bbox 1678 1395 1743 1441; x_wconf 89' lang='lat' dir='ltr'>est,</span> 
     </span>
     <span class='ocr_line' id='line_1_20' title="bbox 342 1459 1606 1499; baseline 0.002 -3"><span class='ocrx_word' id='word_1_175' title='bbox 342 1466 387 1496; x_wconf 91' lang='lat' dir='ltr'>ut</span> <span class='ocrx_word' id='word_1_176' title='bbox 408 1471 506 1496; x_wconf 86' lang='lat' dir='ltr'>unus</span> <span class='ocrx_word' id='word_1_177' title='bbox 525 1459 571 1496; x_wconf 90' lang='lat' dir='ltr'>ad</span> <span class='ocrx_word' id='word_1_178' title='bbox 591 1459 799 1498; x_wconf 86' lang='lat' dir='ltr'>dicendum</span> <span class='ocrx_word' id='word_1_179' title='bbox 820 1459 1123 1498; x_wconf 67' lang='lat' dir='ltr'>instructissimus</span> <span class='ocrx_word' id='word_1_180' title='bbox 1144 1473 1164 1498; x_wconf 89' lang='lat' dir='ltr'>a</span> <span class='ocrx_word' id='word_1_181' title='bbox 1183 1469 1317 1497; x_wconf 82' lang='lat' dir='ltr'>natura</span> <span class='ocrx_word' id='word_1_182' title='bbox 1331 1459 1402 1497; x_wconf 81' lang='lat' dir='ltr'>effe</span> <span class='ocrx_word' id='word_1_183' title='bbox 1421 1459 1606 1499; x_wconf 86' lang='lat' dir='ltr'>videatur.</span> 
     </span>
    </p>

    <p class='ocr_par' dir='ltr' id='par_1_3' title="bbox 334 1524 1745 1907">
     <span class='ocr_line' id='line_1_21' title="bbox 396 1524 1745 1580; baseline 0.002 -17"><span class='ocrx_word' id='word_1_184' title='bbox 396 1524 471 1563; x_wconf 90' lang='lat' dir='ltr'>IX.</span> <span class='ocrx_word' id='word_1_185' title='bbox 493 1525 557 1562; x_wconf 88' lang='lat' dir='ltr'>Ad</span> <span class='ocrx_word' id='word_1_186' title='bbox 572 1525 821 1578; x_wconf 83' lang='lat' dir='ltr'>nosmetipsos</span> <span class='ocrx_word' id='word_1_187' title='bbox 836 1526 919 1577; x_wconf 86' lang='lat' dir='ltr'>jam</span> <span class='ocrx_word' id='word_1_188' title='bbox 935 1534 1121 1570; x_wconf 80' lang='lat' dir='ltr'>revertor3</span> <span class='ocrx_word' id='word_1_189' title='bbox 1147 1526 1351 1577; x_wconf 88' lang='lat' dir='ltr'>(quoniam</span> <span class='ocrx_word' id='word_1_190' title='bbox 1367 1525 1416 1563; x_wconf 88' lang='lat' dir='ltr'>fic</span> <span class='ocrx_word' id='word_1_191' title='bbox 1432 1524 1580 1563; x_wconf 86' lang='lat' dir='ltr'>fuimus</span> <span class='ocrx_word' id='word_1_192' title='bbox 1598 1526 1745 1580; x_wconf 89' lang='lat' dir='ltr'>semper</span> 
     </span>
     <span class='ocr_line' id='line_1_22' title="bbox 339 1590 1742 1644; baseline 0.001 -15"><span class='ocrx_word' id='word_1_193' title='bbox 339 1591 566 1644; x_wconf 87' lang='lat' dir='ltr'>comparati,</span> <span class='ocrx_word' id='word_1_194' title='bbox 582 1600 625 1629; x_wconf 94' lang='lat' dir='ltr'>ut</span> <span class='ocrx_word' id='word_1_195' title='bbox 643 1590 852 1630; x_wconf 86' lang='lat' dir='ltr'>hominum</span> <span class='ocrx_word' id='word_1_196' title='bbox 872 1591 1111 1629; x_wconf 87' lang='lat' dir='ltr'>sermonibus</span> <span class='ocrx_word' id='word_1_197' title='bbox 1132 1591 1234 1643; x_wconf 80' lang='lat' dir='ltr'>quasi</span> <span class='ocrx_word' id='word_1_198' title='bbox 1251 1592 1291 1629; x_wconf 91' lang='lat' dir='ltr'>in</span> <span class='ocrx_word' id='word_1_199' title='bbox 1311 1590 1466 1643; x_wconf 85' lang='lat' dir='ltr'>aliquod</span> <span class='ocrx_word' id='word_1_200' title='bbox 1483 1594 1742 1631; x_wconf 82' lang='lat' dir='ltr'>contentionis</span> 
     </span>
     <span class='ocr_line' id='line_1_23' title="bbox 334 1655 1741 1709; baseline 0.002 -16"><span class='ocrx_word' id='word_1_201' title='bbox 334 1655 532 1707; x_wconf 82' lang='lat' dir='ltr'>judicium</span> <span class='ocrx_word' id='word_1_202' title='bbox 553 1657 794 1708; x_wconf 87' lang='lat' dir='ltr'>vocaremur)</span> <span class='ocrx_word' id='word_1_203' title='bbox 831 1656 925 1709; x_wconf 88' lang='lat' dir='ltr'>quid</span> <span class='ocrx_word' id='word_1_204' title='bbox 946 1665 1024 1694; x_wconf 87' lang='lat' dir='ltr'>tam</span> <span class='ocrx_word' id='word_1_205' title='bbox 1046 1655 1237 1700; x_wconf 85' lang='lat' dir='ltr'>diffimile,</span> <span class='ocrx_word' id='word_1_206' title='bbox 1271 1670 1387 1708; x_wconf 82' lang='lat' dir='ltr'>quam</span> <span class='ocrx_word' id='word_1_207' title='bbox 1412 1669 1482 1709; x_wconf 85' lang='lat' dir='ltr'>ego</span> <span class='ocrx_word' id='word_1_208' title='bbox 1502 1657 1542 1694; x_wconf 89' lang='lat' dir='ltr'>in</span> <span class='ocrx_word' id='word_1_209' title='bbox 1563 1657 1741 1703; x_wconf 91' lang='lat' dir='ltr'>dicendo,</span> 
     </span>
     <span class='ocr_line' id='line_1_24' title="bbox 339 1721 1740 1776; baseline 0.001 -17"><span class='ocrx_word' id='word_1_210' title='bbox 339 1730 380 1759; x_wconf 84' lang='lat' dir='ltr'>et</span> <span class='ocrx_word' id='word_1_211' title='bbox 399 1722 594 1760; x_wconf 82' lang='lat' dir='ltr'>Antonius</span> <span class='ocrx_word' id='word_1_212' title='bbox 614 1722 626 1758; x_wconf 85' lang='lat'>?</span> <span class='ocrx_word' id='word_1_213' title='bbox 655 1736 749 1760; x_wconf 88' lang='lat' dir='ltr'>cum</span> <span class='ocrx_word' id='word_1_214' title='bbox 784 1722 849 1759; x_wconf 84' lang='lat' dir='ltr'>ille</span> <span class='ocrx_word' id='word_1_215' title='bbox 870 1723 900 1759; x_wconf 84' lang='lat' dir='ltr'>is</span> <span class='ocrx_word' id='word_1_216' title='bbox 922 1722 965 1759; x_wconf 75' lang='lat' dir='ltr'>sit</span> <span class='ocrx_word' id='word_1_217' title='bbox 985 1730 1124 1766; x_wconf 86' lang='lat' dir='ltr'>orator,</span> <span class='ocrx_word' id='word_1_218' title='bbox 1156 1731 1199 1759; x_wconf 89' lang='lat' dir='ltr'>ut</span> <span class='ocrx_word' id='word_1_219' title='bbox 1228 1721 1327 1760; x_wconf 87' lang='lat' dir='ltr'>nihil</span> <span class='ocrx_word' id='word_1_220' title='bbox 1349 1736 1393 1760; x_wconf 89' lang='lat' dir='ltr'>eo</span> <span class='ocrx_word' id='word_1_221' title='bbox 1412 1722 1523 1775; x_wconf 84' lang='lat' dir='ltr'>poffit</span> <span class='ocrx_word' id='word_1_222' title='bbox 1553 1723 1623 1760; x_wconf 79' lang='lat' dir='ltr'>effe</span> <span class='ocrx_word' id='word_1_223' title='bbox 1643 1737 1740 1776; x_wconf 75' lang='lat' dir='ltr'>prae-</span> 
     </span>
     <span class='ocr_line' id='line_1_25' title="bbox 342 1786 1741 1842; baseline 0.003 -17"><span class='ocrx_word' id='word_1_224' title='bbox 342 1786 499 1826; x_wconf 85' lang='lat' dir='ltr'>stantius</span> <span class='ocrx_word' id='word_1_225' title='bbox 515 1807 528 1833; x_wconf 79' lang='lat'>3</span> <span class='ocrx_word' id='word_1_226' title='bbox 559 1801 629 1840; x_wconf 90' lang='lat' dir='ltr'>ego</span> <span class='ocrx_word' id='word_1_227' title='bbox 650 1798 793 1832; x_wconf 84' lang='lat' dir='ltr'>autem,</span> <span class='ocrx_word' id='word_1_228' title='bbox 830 1802 1050 1840; x_wconf 81' lang='lat' dir='ltr'>quanquam</span> <span class='ocrx_word' id='word_1_229' title='bbox 1079 1798 1225 1828; x_wconf 87' lang='lat' dir='ltr'>memet</span> <span class='ocrx_word' id='word_1_230' title='bbox 1245 1789 1323 1827; x_wconf 87' lang='lat' dir='ltr'>mei</span> <span class='ocrx_word' id='word_1_231' title='bbox 1343 1789 1521 1842; x_wconf 79' lang='lat' dir='ltr'>poenitet,</span> <span class='ocrx_word' id='word_1_232' title='bbox 1553 1803 1644 1828; x_wconf 90' lang='lat' dir='ltr'>cum</span> <span class='ocrx_word' id='word_1_233' title='bbox 1665 1789 1741 1829; x_wconf 87' lang='lat' dir='ltr'>hoc</span> 
     </span>
     <span class='ocr_line' id='line_1_26' title="bbox 341 1855 1271 1907; baseline 0 -15"><span class='ocrx_word' id='word_1_234' title='bbox 341 1855 512 1892; x_wconf 85' lang='lat' dir='ltr'>maxime</span> <span class='ocrx_word' id='word_1_235' title='bbox 533 1864 659 1892; x_wconf 87' lang='lat' dir='ltr'>tamen</span> <span class='ocrx_word' id='word_1_236' title='bbox 681 1855 720 1893; x_wconf 86' lang='lat' dir='ltr'>in</span> <span class='ocrx_word' id='word_1_237' title='bbox 741 1855 1025 1907; x_wconf 78' lang='lat' dir='ltr'>comparatione</span> <span class='ocrx_word' id='word_1_238' title='bbox 1047 1855 1271 1907; x_wconf 81' lang='lat' dir='ltr'>conjungar.</span> 
     </span>
    </p>

    <p class='ocr_par' dir='ltr' id='par_1_4' title="bbox 337 1919 1740 2567">
     <span class='ocr_line' id='line_1_27' title="bbox 397 1919 1739 1973; baseline 0.002 -15"><span class='ocrx_word' id='word_1_239' title='bbox 397 1920 606 1965; x_wconf 86' lang='lat' dir='ltr'>Videtisne,</span> <span class='ocrx_word' id='word_1_240' title='bbox 639 1934 759 1973; x_wconf 85' lang='lat' dir='ltr'>genus</span> <span class='ocrx_word' id='word_1_241' title='bbox 793 1920 868 1958; x_wconf 88' lang='lat' dir='ltr'>hoc</span> <span class='ocrx_word' id='word_1_242' title='bbox 905 1920 1008 1973; x_wconf 88' lang='lat' dir='ltr'>quod</span> <span class='ocrx_word' id='word_1_243' title='bbox 1042 1921 1087 1958; x_wconf 86' lang='lat' dir='ltr'>fit</span> <span class='ocrx_word' id='word_1_244' title='bbox 1121 1921 1284 1958; x_wconf 86' lang='lat' dir='ltr'>Antonii</span> <span class='ocrx_word' id='word_1_245' title='bbox 1305 1921 1317 1957; x_wconf 86' lang='lat'>?</span> <span class='ocrx_word' id='word_1_246' title='bbox 1362 1919 1475 1966; x_wconf 88' lang='lat' dir='ltr'>forte,</span> <span class='ocrx_word' id='word_1_247' title='bbox 1520 1920 1739 1968; x_wconf 79' lang='lat' dir='ltr'>vehemens,</span> 
     </span>
     <span class='ocr_line' id='line_1_28' title="bbox 337 1986 1740 2039; baseline 0.002 -16"><span class='ocrx_word' id='word_1_248' title='bbox 337 1995 587 2024; x_wconf 86' lang='lat' dir='ltr'>commotum</span> <span class='ocrx_word' id='word_1_249' title='bbox 616 1986 657 2023; x_wconf 81' lang='lat' dir='ltr'>in</span> <span class='ocrx_word' id='word_1_250' title='bbox 688 1986 847 2038; x_wconf 84' lang='lat' dir='ltr'>agendo,</span> <span class='ocrx_word' id='word_1_251' title='bbox 880 1986 1170 2038; x_wconf 59' lang='lat' dir='ltr'>praemunitum,</span> <span class='ocrx_word' id='word_1_252' title='bbox 1201 1995 1237 2023; x_wconf 88' lang='lat' dir='ltr'>et</span> <span class='ocrx_word' id='word_1_253' title='bbox 1268 1999 1314 2023; x_wconf 81' lang='lat' dir='ltr'>ex</span> <span class='ocrx_word' id='word_1_254' title='bbox 1350 1987 1458 2023; x_wconf 85' lang='lat' dir='ltr'>omni</span> <span class='ocrx_word' id='word_1_255' title='bbox 1489 1996 1592 2039; x_wconf 87' lang='lat' dir='ltr'>parte</span> <span class='ocrx_word' id='word_1_256' title='bbox 1623 1987 1740 2026; x_wconf 69' lang='lat' dir='ltr'>causa:</span> 
     </span>
     <span class='ocr_line' id='line_1_29' title="bbox 341 2051 1739 2104; baseline 0.001 -15"><span class='ocrx_word' id='word_1_257' title='bbox 341 2051 504 2104; x_wconf 86' lang='lat' dir='ltr'>septum,</span> <span class='ocrx_word' id='word_1_258' title='bbox 536 2066 631 2096; x_wconf 84' lang='lat' dir='ltr'>acre,</span> <span class='ocrx_word' id='word_1_259' title='bbox 664 2062 836 2097; x_wconf 80' lang='lat' dir='ltr'>acutum,</span> <span class='ocrx_word' id='word_1_260' title='bbox 868 2052 1125 2096; x_wconf 71' lang='lat' dir='ltr'>enucleatum,</span> <span class='ocrx_word' id='word_1_261' title='bbox 1156 2052 1196 2089; x_wconf 89' lang='lat' dir='ltr'>in</span> <span class='ocrx_word' id='word_1_262' title='bbox 1234 2065 1460 2103; x_wconf 70' lang='lat' dir='ltr'>unaquaque</span> <span class='ocrx_word' id='word_1_263' title='bbox 1490 2066 1528 2089; x_wconf 87' lang='lat' dir='ltr'>re</span> <span class='ocrx_word' id='word_1_264' title='bbox 1559 2066 1739 2091; x_wconf 86' lang='lat' dir='ltr'>commo-</span> 
     </span>
     <span class='ocr_line' id='line_1_30' title="bbox 341 2117 1739 2172; baseline 0.001 -17"><span class='ocrx_word' id='word_1_265' title='bbox 341 2130 439 2162; x_wconf 82' lang='lat' dir='ltr'>rans,</span> <span class='ocrx_word' id='word_1_266' title='bbox 470 2117 624 2156; x_wconf 74' lang='lat' dir='ltr'>honeste</span> <span class='ocrx_word' id='word_1_267' title='bbox 643 2118 793 2164; x_wconf 71' lang='lat' dir='ltr'>cedens,</span> <span class='ocrx_word' id='word_1_268' title='bbox 815 2119 950 2156; x_wconf 76' lang='lat' dir='ltr'>acriter</span> <span class='ocrx_word' id='word_1_269' title='bbox 969 2118 1185 2170; x_wconf 77' lang='lat' dir='ltr'>insequens,</span> <span class='ocrx_word' id='word_1_270' title='bbox 1208 2127 1362 2161; x_wconf 65' lang='lat' dir='ltr'>terrem,</span> <span class='ocrx_word' id='word_1_271' title='bbox 1386 2118 1614 2172; x_wconf 78' lang='lat' dir='ltr'>supplicans,</span> <span class='ocrx_word' id='word_1_272' title='bbox 1634 2119 1739 2157; x_wconf 86' lang='lat' dir='ltr'>sum-</span> 
     </span>
     <span class='ocr_line' id='line_1_31' title="bbox 340 2184 1738 2229; baseline 0.001 -8"><span class='ocrx_word' id='word_1_273' title='bbox 340 2196 404 2221; x_wconf 89' lang='lat' dir='ltr'>ma</span> <span class='ocrx_word' id='word_1_274' title='bbox 433 2184 614 2223; x_wconf 83' lang='lat' dir='ltr'>orationis</span> <span class='ocrx_word' id='word_1_275' title='bbox 647 2185 836 2229; x_wconf 81' lang='lat' dir='ltr'>varietate,</span> <span class='ocrx_word' id='word_1_276' title='bbox 867 2185 973 2222; x_wconf 85' lang='lat' dir='ltr'>nulla</span> <span class='ocrx_word' id='word_1_277' title='bbox 1005 2185 1216 2222; x_wconf 76' lang='lat' dir='ltr'>nostrarum</span> <span class='ocrx_word' id='word_1_278' title='bbox 1242 2185 1392 2222; x_wconf 82' lang='lat' dir='ltr'>aurium</span> <span class='ocrx_word' id='word_1_279' title='bbox 1414 2185 1593 2223; x_wconf 71' lang='lat' dir='ltr'>satietate.</span> <span class='ocrx_word' id='word_1_280' title='bbox 1654 2187 1738 2223; x_wconf 73' lang='lat' dir='ltr'>Nos</span> 
     </span>
     <span class='ocr_line' id='line_1_32' title="bbox 338 2251 1737 2303; baseline 0.002 -17"><span class='ocrx_word' id='word_1_281' title='bbox 338 2258 484 2293; x_wconf 71' lang='lat' dir='ltr'>autem,</span> <span class='ocrx_word' id='word_1_282' title='bbox 515 2251 737 2302; x_wconf 83' lang='lat' dir='ltr'>quicunque</span> <span class='ocrx_word' id='word_1_283' title='bbox 771 2251 812 2288; x_wconf 89' lang='lat' dir='ltr'>in</span> <span class='ocrx_word' id='word_1_284' title='bbox 846 2251 1007 2289; x_wconf 81' lang='lat' dir='ltr'>dicendo</span> <span class='ocrx_word' id='word_1_285' title='bbox 1042 2251 1185 2295; x_wconf 85' lang='lat' dir='ltr'>sumus,</span> <span class='ocrx_word' id='word_1_286' title='bbox 1220 2252 1423 2302; x_wconf 84' lang='lat' dir='ltr'>(quoniam</span> <span class='ocrx_word' id='word_1_287' title='bbox 1450 2251 1518 2288; x_wconf 81' lang='lat' dir='ltr'>esse</span> <span class='ocrx_word' id='word_1_288' title='bbox 1538 2252 1668 2303; x_wconf 83' lang='lat' dir='ltr'>aliquo</span> <span class='ocrx_word' id='word_1_289' title='bbox 1697 2253 1737 2289; x_wconf 89' lang='lat' dir='ltr'>in</span> 
     </span>
     <span class='ocr_line' id='line_1_33' title="bbox 341 2316 1738 2369; baseline 0.001 -16"><span class='ocrx_word' id='word_1_290' title='bbox 341 2329 503 2353; x_wconf 76' lang='lat' dir='ltr'>numero</span> <span class='ocrx_word' id='word_1_291' title='bbox 525 2316 631 2354; x_wconf 73' lang='lat' dir='ltr'>vobis</span> <span class='ocrx_word' id='word_1_292' title='bbox 661 2317 851 2369; x_wconf 80' lang='lat' dir='ltr'>videmur)</span> <span class='ocrx_word' id='word_1_293' title='bbox 884 2327 984 2355; x_wconf 83' lang='lat' dir='ltr'>certe</span> <span class='ocrx_word' id='word_1_294' title='bbox 1011 2327 1138 2355; x_wconf 79' lang='lat' dir='ltr'>tamen</span> <span class='ocrx_word' id='word_1_295' title='bbox 1172 2318 1218 2354; x_wconf 85' lang='lat' dir='ltr'>ab</span> <span class='ocrx_word' id='word_1_296' title='bbox 1254 2316 1368 2368; x_wconf 79' lang='lat' dir='ltr'>hujus</span> <span class='ocrx_word' id='word_1_297' title='bbox 1399 2318 1572 2355; x_wconf 87' lang='lat' dir='ltr'>multum</span> <span class='ocrx_word' id='word_1_298' title='bbox 1602 2331 1738 2369; x_wconf 83' lang='lat' dir='ltr'>genere</span> 
     </span>
     <span class='ocr_line' id='line_1_34' title="bbox 339 2381 1735 2436; baseline 0 -16"><span class='ocrx_word' id='word_1_299' title='bbox 339 2381 546 2425; x_wconf 70' lang='lat' dir='ltr'>distamus,</span> <span class='ocrx_word' id='word_1_300' title='bbox 579 2382 682 2433; x_wconf 66' lang='lat' dir='ltr'>quo-,l</span> <span class='ocrx_word' id='word_1_301' title='bbox 703 2383 812 2434; x_wconf 75' lang='lat' dir='ltr'>quale</span> <span class='ocrx_word' id='word_1_302' title='bbox 834 2384 890 2429; x_wconf 73' lang='lat' dir='ltr'>sit,</span> <span class='ocrx_word' id='word_1_303' title='bbox 922 2398 999 2422; x_wconf 85' lang='lat' dir='ltr'>non</span> <span class='ocrx_word' id='word_1_304' title='bbox 1020 2383 1072 2420; x_wconf 85' lang='lat' dir='ltr'>est</span> <span class='ocrx_word' id='word_1_305' title='bbox 1092 2397 1225 2421; x_wconf 82' lang='lat' dir='ltr'>meum</span> <span class='ocrx_word' id='word_1_306' title='bbox 1247 2383 1386 2427; x_wconf 80' lang='lat' dir='ltr'>dicere,</span> <span class='ocrx_word' id='word_1_307' title='bbox 1418 2393 1612 2436; x_wconf 81' lang='lat' dir='ltr'>propterca</span> <span class='ocrx_word' id='word_1_308' title='bbox 1632 2382 1735 2434; x_wconf 84' lang='lat' dir='ltr'>quod</span> 
     </span>
     <span class='ocr_line' id='line_1_35' title="bbox 340 2448 1735 2500; baseline -0.002 -13"><span class='ocrx_word' id='word_1_309' title='bbox 340 2448 505 2487; x_wconf 79' lang='lat' dir='ltr'>minime</span> <span class='ocrx_word' id='word_1_310' title='bbox 544 2448 701 2499; x_wconf 73' lang='lat' dir='ltr'>quisque</span> <span class='ocrx_word' id='word_1_311' title='bbox 740 2450 808 2486; x_wconf 71' lang='lat' dir='ltr'>nbi</span> <span class='ocrx_word' id='word_1_312' title='bbox 848 2459 959 2488; x_wconf 85' lang='lat' dir='ltr'>notus</span> <span class='ocrx_word' id='word_1_313' title='bbox 999 2450 1064 2494; x_wconf 86' lang='lat' dir='ltr'>est,</span> <span class='ocrx_word' id='word_1_314' title='bbox 1095 2458 1132 2486; x_wconf 91' lang='lat' dir='ltr'>et</span> <span class='ocrx_word' id='word_1_315' title='bbox 1167 2449 1399 2487; x_wconf 79' lang='lat' dir='ltr'>difficillime</span> <span class='ocrx_word' id='word_1_316' title='bbox 1433 2450 1477 2487; x_wconf 85' lang='lat' dir='ltr'>de</span> <span class='ocrx_word' id='word_1_317' title='bbox 1508 2449 1542 2486; x_wconf 91' lang='lat' dir='ltr'>se</span> <span class='ocrx_word' id='word_1_318' title='bbox 1576 2449 1735 2500; x_wconf 85' lang='lat' dir='ltr'>quisque</span> 
     </span>
     <span class='ocr_line' id='line_1_36' title="bbox 341 2513 1736 2567; baseline -0.002 -14"><span class='ocrx_word' id='word_1_319' title='bbox 341 2514 452 2553; x_wconf 72' lang='lat' dir='ltr'>sentit</span> <span class='ocrx_word' id='word_1_320' title='bbox 472 2528 479 2552; x_wconf 91' lang='lat'><strong>:</strong></span> <span class='ocrx_word' id='word_1_321' title='bbox 512 2513 573 2552; x_wconf 74' lang='lat' dir='ltr'>sed</span> <span class='ocrx_word' id='word_1_322' title='bbox 595 2524 720 2553; x_wconf 77' lang='lat' dir='ltr'>tamen</span> <span class='ocrx_word' id='word_1_323' title='bbox 744 2514 1009 2554; x_wconf 71' lang='lat' dir='ltr'>dissimilitudo</span> <span class='ocrx_word' id='word_1_324' title='bbox 1029 2514 1195 2567; x_wconf 82' lang='lat' dir='ltr'>intelligi</span> <span class='ocrx_word' id='word_1_325' title='bbox 1215 2515 1350 2567; x_wconf 76' lang='lat' dir='ltr'>potest,</span> <span class='ocrx_word' id='word_1_326' title='bbox 1381 2524 1418 2553; x_wconf 79' lang='lat' dir='ltr'>et</span> <span class='ocrx_word' id='word_1_327' title='bbox 1444 2528 1489 2553; x_wconf 85' lang='lat' dir='ltr'>ex</span> <span class='ocrx_word' id='word_1_328' title='bbox 1509 2523 1638 2553; x_wconf 84' lang='lat' dir='ltr'>motus</span> <span class='ocrx_word' id='word_1_329' title='bbox 1658 2513 1736 2552; x_wconf 87' lang='lat' dir='ltr'>mci</span> 
     </span>
    </p>
   </div>
  </div>
 </body>
</html>
