<?xml version="1.0" encoding="UTF-8"?>
<!DOCTYPE html PUBLIC "-//W3C//DTD XHTML 1.0 Transitional//EN"
    "http://www.w3.org/TR/xhtml1/DTD/xhtml1-transitional.dtd">
<html xmlns="http://www.w3.org/1999/xhtml" xml:lang="en" lang="en">
 <head>
  <title>
</title>
<meta http-equiv="Content-Type" content="text/html;charset=utf-8" />
  <meta name='ocr-system' content='tesseract 3.04.00' />
  <meta name='ocr-capabilities' content='ocr_page ocr_carea ocr_par ocr_line ocrx_word'/>
</head>
<body>
  <div class='ocr_page' id='page_1' title='image "./operacumindicibu01ciceuoft_0128.png"; bbox 0 0 2176 2912; ppageno 0'>
   <div class='ocr_carea' id='block_1_1' title="bbox 382 261 1530 305">
    <p class='ocr_par' dir='ltr' id='par_1_1' title="bbox 382 261 1530 305">
     <span class='ocr_line' id='line_1_1' title="bbox 382 261 1530 305; baseline -0.002 -1"><span class='ocrx_word' id='word_1_1' title='bbox 382 263 455 305; x_wconf 81' lang='lat'>118</span> <span class='ocrx_word' id='word_1_2' title='bbox 626 261 1530 303; x_wconf 89' lang='lat' dir='ltr'>DEINVENTIONE</span> 
     </span>
    </p>
   </div>
   <div class='ocr_carea' id='block_1_2' title="bbox 379 355 1791 2657">
    <p class='ocr_par' dir='ltr' id='par_1_2' title="bbox 379 355 1789 737">
     <span class='ocr_line' id='line_1_2' title="bbox 379 355 1789 410; baseline -0.001 -14"><span class='ocrx_word' id='word_1_3' title='bbox 379 355 624 410; x_wconf 84' lang='lat' dir='ltr'>impudentia</span> <span class='ocrx_word' id='word_1_4' title='bbox 661 356 726 401; x_wconf 89' lang='lat' dir='ltr'>est,</span> <span class='ocrx_word' id='word_1_5' title='bbox 776 369 882 400; x_wconf 88' lang='lat' dir='ltr'>eum,</span> <span class='ocrx_word' id='word_1_6' title='bbox 916 355 985 408; x_wconf 86' lang='lat' dir='ltr'>qui</span> <span class='ocrx_word' id='word_1_7' title='bbox 1018 364 1152 395; x_wconf 87' lang='lat' dir='ltr'>contra</span> <span class='ocrx_word' id='word_1_8' title='bbox 1185 355 1291 408; x_wconf 91' lang='lat' dir='ltr'>quod</span> <span class='ocrx_word' id='word_1_9' title='bbox 1330 355 1516 410; x_wconf 87' lang='lat' dir='ltr'>scriptum</span> <span class='ocrx_word' id='word_1_10' title='bbox 1555 355 1600 394; x_wconf 80' lang='lat' dir='ltr'>sit</span> <span class='ocrx_word' id='word_1_11' title='bbox 1633 355 1789 409; x_wconf 69' lang='lat' dir='ltr'>aliquid·</span> 
     </span>
     <span class='ocr_line' id='line_1_3' title="bbox 380 420 1779 476; baseline 0 -16"><span class='ocrx_word' id='word_1_12' title='bbox 380 422 542 476; x_wconf 84' lang='lat' dir='ltr'>probare</span> <span class='ocrx_word' id='word_1_13' title='bbox 571 421 677 466; x_wconf 91' lang='lat' dir='ltr'>velit,</span> <span class='ocrx_word' id='word_1_14' title='bbox 709 435 787 460; x_wconf 90' lang='lat' dir='ltr'>non</span> <span class='ocrx_word' id='word_1_15' title='bbox 820 421 1007 473; x_wconf 86' lang='lat' dir='ltr'>aequitatis</span> <span class='ocrx_word' id='word_1_16' title='bbox 1028 421 1199 475; x_wconf 87' lang='lat' dir='ltr'>praefidio</span> <span class='ocrx_word' id='word_1_17' title='bbox 1218 421 1259 460; x_wconf 89' lang='lat' dir='ltr'>id</span> <span class='ocrx_word' id='word_1_18' title='bbox 1282 420 1406 460; x_wconf 81' lang='lat' dir='ltr'>facere</span> <span class='ocrx_word' id='word_1_19' title='bbox 1424 422 1568 460; x_wconf 87' lang='lat' dir='ltr'>conari.</span> <span class='ocrx_word' id='word_1_20' title='bbox 1627 424 1665 461; x_wconf 89' lang='lat' dir='ltr'>Si</span> <span class='ocrx_word' id='word_1_21' title='bbox 1684 422 1779 474; x_wconf 64' lang='lat' dir='ltr'>quid</span> 
     </span>
     <span class='ocr_line' id='line_1_4' title="bbox 380 486 1781 542; baseline 0 -16"><span class='ocrx_word' id='word_1_22' title='bbox 380 488 502 541; x_wconf 84' lang='lat' dir='ltr'>igitur</span> <span class='ocrx_word' id='word_1_23' title='bbox 522 501 569 526; x_wconf 81' lang='lat' dir='ltr'>ex</span> <span class='ocrx_word' id='word_1_24' title='bbox 588 486 660 526; x_wconf 87' lang='lat' dir='ltr'>hac</span> <span class='ocrx_word' id='word_1_25' title='bbox 681 487 759 541; x_wconf 83' lang='lat' dir='ltr'>ipsa</span> <span class='ocrx_word' id='word_1_26' title='bbox 774 487 965 526; x_wconf 84' lang='lat' dir='ltr'>accusator</span> <span class='ocrx_word' id='word_1_27' title='bbox 981 487 1150 540; x_wconf 81' lang='lat' dir='ltr'>deroget,</span> <span class='ocrx_word' id='word_1_28' title='bbox 1185 488 1369 527; x_wconf 80' lang='lat' dir='ltr'>omnibus</span> <span class='ocrx_word' id='word_1_29' title='bbox 1396 489 1566 542; x_wconf 85' lang='lat' dir='ltr'>partibus</span> <span class='ocrx_word' id='word_1_30' title='bbox 1582 488 1721 541; x_wconf 87' lang='lat' dir='ltr'>justius</span> <span class='ocrx_word' id='word_1_31' title='bbox 1742 496 1781 526; x_wconf 89' lang='lat' dir='ltr'>et</span> 
     </span>
     <span class='ocr_line' id='line_1_5' title="bbox 381 553 1779 608; baseline 0.001 -16"><span class='ocrx_word' id='word_1_32' title='bbox 381 555 619 608; x_wconf 80' lang='lat' dir='ltr'>probabilius</span> <span class='ocrx_word' id='word_1_33' title='bbox 636 554 808 592; x_wconf 87' lang='lat' dir='ltr'>accusare</span> <span class='ocrx_word' id='word_1_34' title='bbox 821 554 1005 593; x_wconf 77' lang='lat' dir='ltr'>videatur⁴</span> <span class='ocrx_word' id='word_1_35' title='bbox 1040 555 1147 594; x_wconf 83' lang='lat' dir='ltr'>Nam</span> <span class='ocrx_word' id='word_1_36' title='bbox 1164 554 1332 608; x_wconf 84' lang='lat' dir='ltr'>superior</span> <span class='ocrx_word' id='word_1_37' title='bbox 1346 556 1466 594; x_wconf 87' lang='lat' dir='ltr'>oratio</span> <span class='ocrx_word' id='word_1_38' title='bbox 1485 554 1560 593; x_wconf 90' lang='lat' dir='ltr'>hoc</span> <span class='ocrx_word' id='word_1_39' title='bbox 1577 555 1704 593; x_wconf 88' lang='lat' dir='ltr'>omnis</span> <span class='ocrx_word' id='word_1_40' title='bbox 1720 553 1779 593; x_wconf 89' lang='lat' dir='ltr'>fa-</span> 
     </span>
     <span class='ocr_line' id='line_1_6' title="bbox 381 619 1780 673; baseline 0.001 -15"><span class='ocrx_word' id='word_1_41' title='bbox 381 620 521 665; x_wconf 83' lang='lat' dir='ltr'>ciebat,</span> <span class='ocrx_word' id='word_1_42' title='bbox 553 620 611 659; x_wconf 74' lang='lat' dir='ltr'>utl</span> <span class='ocrx_word' id='word_1_43' title='bbox 638 620 789 673; x_wconf 83' lang='lat' dir='ltr'>judices</span> <span class='ocrx_word' id='word_1_44' title='bbox 823 619 968 658; x_wconf 84' lang='lat' dir='ltr'>etiamfi</span> <span class='ocrx_word' id='word_1_45' title='bbox 1001 619 1162 665; x_wconf 85' lang='lat' dir='ltr'>nollent,</span> <span class='ocrx_word' id='word_1_46' title='bbox 1194 620 1338 659; x_wconf 82' lang='lat' dir='ltr'>neceffe</span> <span class='ocrx_word' id='word_1_47' title='bbox 1371 620 1460 659; x_wconf 85' lang='lat' dir='ltr'>effet</span> <span class='ocrx_word' id='word_1_48' title='bbox 1472 639 1484 666; x_wconf 69' lang='grc' dir='ltr'><strong><em>ς</em></strong></span> <span class='ocrx_word' id='word_1_49' title='bbox 1519 619 1601 659; x_wconf 87' lang='lat' dir='ltr'>haec</span> <span class='ocrx_word' id='word_1_50' title='bbox 1635 630 1780 665; x_wconf 83' lang='lat' dir='ltr'>autem,</span> 
     </span>
     <span class='ocr_line' id='line_1_7' title="bbox 381 684 1484 737; baseline 0 -14"><span class='ocrx_word' id='word_1_51' title='bbox 381 685 529 724; x_wconf 82' lang='lat' dir='ltr'>etiamsi</span> <span class='ocrx_word' id='word_1_52' title='bbox 547 685 689 724; x_wconf 85' lang='lat' dir='ltr'>neceffe</span> <span class='ocrx_word' id='word_1_53' title='bbox 710 698 787 723; x_wconf 90' lang='lat' dir='ltr'>non</span> <span class='ocrx_word' id='word_1_54' title='bbox 809 684 910 729; x_wconf 82' lang='lat' dir='ltr'>effet,</span> <span class='ocrx_word' id='word_1_55' title='bbox 932 694 975 722; x_wconf 86' lang='lat' dir='ltr'>ut</span> <span class='ocrx_word' id='word_1_56' title='bbox 995 685 1136 723; x_wconf 89' lang='lat' dir='ltr'>vellent</span> <span class='ocrx_word' id='word_1_57' title='bbox 1154 695 1287 723; x_wconf 87' lang='lat' dir='ltr'>contra</span> <span class='ocrx_word' id='word_1_58' title='bbox 1300 685 1484 737; x_wconf 87' lang='lat' dir='ltr'>judicare.</span> 
     </span>
    </p>

    <p class='ocr_par' dir='ltr' id='par_1_3' title="bbox 380 750 1785 1384">
     <span class='ocr_line' id='line_1_8' title="bbox 439 750 1783 803; baseline 0 -13"><span class='ocrx_word' id='word_1_59' title='bbox 439 752 484 790; x_wconf 92' lang='lat' dir='ltr'>Id</span> <span class='ocrx_word' id='word_1_60' title='bbox 517 761 645 790; x_wconf 84' lang='lat' dir='ltr'>autem</span> <span class='ocrx_word' id='word_1_61' title='bbox 680 751 761 795; x_wconf 90' lang='lat' dir='ltr'>fiet,</span> <span class='ocrx_word' id='word_1_62' title='bbox 793 750 818 788; x_wconf 87' lang='lat' dir='ltr'><strong>fi</strong></span> <span class='ocrx_word' id='word_1_63' title='bbox 849 750 989 802; x_wconf 83' lang='lat' dir='ltr'>quibus</span> <span class='ocrx_word' id='word_1_64' title='bbox 1024 764 1071 788; x_wconf 80' lang='lat' dir='ltr'>ex</span> <span class='ocrx_word' id='word_1_65' title='bbox 1090 751 1186 788; x_wconf 88' lang='lat' dir='ltr'>locis</span> <span class='ocrx_word' id='word_1_66' title='bbox 1206 751 1319 803; x_wconf 88' lang='lat' dir='ltr'>culpa</span> <span class='ocrx_word' id='word_1_67' title='bbox 1351 751 1673 790; x_wconf 84' lang='lat' dir='ltr'>demonstrabitur</span> <span class='ocrx_word' id='word_1_68' title='bbox 1704 764 1783 790; x_wconf 88' lang='lat' dir='ltr'>non</span> 
     </span>
     <span class='ocr_line' id='line_1_9' title="bbox 380 817 1781 869; baseline 0.001 -14"><span class='ocrx_word' id='word_1_69' title='bbox 380 817 455 856; x_wconf 82' lang='lat' dir='ltr'>effe</span> <span class='ocrx_word' id='word_1_70' title='bbox 475 819 514 856; x_wconf 90' lang='lat' dir='ltr'>in</span> <span class='ocrx_word' id='word_1_71' title='bbox 534 832 593 862; x_wconf 85' lang='lat' dir='ltr'>eo,</span> <span class='ocrx_word' id='word_1_72' title='bbox 622 818 693 869; x_wconf 65' lang='lat' dir='ltr'>,qui</span> <span class='ocrx_word' id='word_1_73' title='bbox 722 817 1020 869; x_wconf 84' lang='lat' dir='ltr'>comparatione,</span> <span class='ocrx_word' id='word_1_74' title='bbox 1051 825 1117 854; x_wconf 90' lang='lat' dir='ltr'>aut</span> <span class='ocrx_word' id='word_1_75' title='bbox 1149 817 1375 863; x_wconf 85' lang='lat' dir='ltr'>remotione,</span> <span class='ocrx_word' id='word_1_76' title='bbox 1407 825 1472 855; x_wconf 89' lang='lat' dir='ltr'>aut</span> <span class='ocrx_word' id='word_1_77' title='bbox 1501 817 1684 856; x_wconf 85' lang='lat' dir='ltr'>relatione</span> <span class='ocrx_word' id='word_1_78' title='bbox 1704 818 1781 856; x_wconf 80' lang='lat' dir='ltr'>cri-</span> 
     </span>
     <span class='ocr_line' id='line_1_10' title="bbox 382 882 1783 936; baseline -0.001 -13"><span class='ocrx_word' id='word_1_79' title='bbox 382 884 516 928; x_wconf 78' lang='lat' dir='ltr'>minis,</span> <span class='ocrx_word' id='word_1_80' title='bbox 547 893 612 921; x_wconf 80' lang='lat' dir='ltr'>aut</span> <span class='ocrx_word' id='word_1_81' title='bbox 632 883 879 921; x_wconf 85' lang='lat' dir='ltr'>conceffionis</span> <span class='ocrx_word' id='word_1_82' title='bbox 900 883 1071 936; x_wconf 83' lang='lat' dir='ltr'>partibus</span> <span class='ocrx_word' id='word_1_83' title='bbox 1091 883 1127 921; x_wconf 92' lang='lat' dir='ltr'>se</span> <span class='ocrx_word' id='word_1_84' title='bbox 1146 882 1317 922; x_wconf 88' lang='lat' dir='ltr'>defendit</span> <span class='ocrx_word' id='word_1_85' title='bbox 1333 902 1344 928; x_wconf 90' lang='lat'>;</span> <span class='ocrx_word' id='word_1_86' title='bbox 1377 884 1423 922; x_wconf 92' lang='lat' dir='ltr'>de</span> <span class='ocrx_word' id='word_1_87' title='bbox 1443 884 1585 936; x_wconf 88' lang='lat' dir='ltr'>quibus</span> <span class='ocrx_word' id='word_1_88' title='bbox 1617 893 1717 929; x_wconf 83' lang='lat' dir='ltr'>ante,</span> <span class='ocrx_word' id='word_1_89' title='bbox 1740 892 1783 923; x_wconf 87' lang='lat' dir='ltr'>ut</span> 
     </span>
     <span class='ocr_line' id='line_1_11' title="bbox 383 948 1782 1003; baseline 0 -15"><span class='ocrx_word' id='word_1_90' title='bbox 383 951 599 1003; x_wconf 86' lang='lat' dir='ltr'>potuimus,</span> <span class='ocrx_word' id='word_1_91' title='bbox 631 949 835 1001; x_wconf 85' lang='lat' dir='ltr'>diligenter</span> <span class='ocrx_word' id='word_1_92' title='bbox 860 949 1144 1002; x_wconf 72' lang='lat' dir='ltr'>perscripsimus</span> <span class='ocrx_word' id='word_1_93' title='bbox 1159 967 1172 994; x_wconf 68' lang='grc' dir='ltr'><strong><em>ς</em></strong></span> <span class='ocrx_word' id='word_1_94' title='bbox 1203 949 1230 987; x_wconf 89' lang='lat' dir='ltr'><strong>fi</strong></span> <span class='ocrx_word' id='word_1_95' title='bbox 1250 949 1296 987; x_wconf 88' lang='lat' dir='ltr'>de</span> <span class='ocrx_word' id='word_1_96' title='bbox 1326 948 1387 988; x_wconf 85' lang='lat' dir='ltr'>his</span> <span class='ocrx_word' id='word_1_97' title='bbox 1414 949 1507 988; x_wconf 88' lang='lat' dir='ltr'>locis</span> <span class='ocrx_word' id='word_1_98' title='bbox 1528 963 1612 1002; x_wconf 81' lang='lat' dir='ltr'>quae</span> <span class='ocrx_word' id='word_1_99' title='bbox 1632 963 1689 988; x_wconf 86' lang='lat' dir='ltr'>res</span> <span class='ocrx_word' id='word_1_100' title='bbox 1709 963 1782 1002; x_wconf 84' lang='lat' dir='ltr'>po—</span> 
     </span>
     <span class='ocr_line' id='line_1_12' title="bbox 382 1014 1780 1068; baseline -0.001 -14"><span class='ocrx_word' id='word_1_101' title='bbox 382 1015 551 1060; x_wconf 88' lang='lat' dir='ltr'>stulabit,</span> <span class='ocrx_word' id='word_1_102' title='bbox 581 1015 628 1053; x_wconf 89' lang='lat' dir='ltr'>ad</span> <span class='ocrx_word' id='word_1_103' title='bbox 661 1015 811 1053; x_wconf 81' lang='lat' dir='ltr'>causam</span> <span class='ocrx_word' id='word_1_104' title='bbox 831 1015 1127 1054; x_wconf 87' lang='lat' dir='ltr'>adversariorum</span> <span class='ocrx_word' id='word_1_105' title='bbox 1158 1015 1452 1068; x_wconf 83' lang='lat' dir='ltr'>improbandam</span> <span class='ocrx_word' id='word_1_106' title='bbox 1483 1014 1780 1059; x_wconf 86' lang='lat' dir='ltr'>transferemus;</span> 
     </span>
     <span class='ocr_line' id='line_1_13' title="bbox 383 1079 1785 1134; baseline 0.001 -16"><span class='ocrx_word' id='word_1_107' title='bbox 383 1090 449 1119; x_wconf 88' lang='lat' dir='ltr'>aut</span> <span class='ocrx_word' id='word_1_108' title='bbox 469 1081 495 1119; x_wconf 86' lang='lat' dir='ltr'>fi</span> <span class='ocrx_word' id='word_1_109' title='bbox 515 1081 630 1119; x_wconf 87' lang='lat' dir='ltr'>causae</span> <span class='ocrx_word' id='word_1_110' title='bbox 650 1090 688 1118; x_wconf 88' lang='lat' dir='ltr'>et</span> <span class='ocrx_word' id='word_1_111' title='bbox 708 1080 868 1119; x_wconf 87' lang='lat' dir='ltr'>rationes</span> <span class='ocrx_word' id='word_1_112' title='bbox 895 1079 1111 1125; x_wconf 85' lang='lat' dir='ltr'>afferentur,</span> <span class='ocrx_word' id='word_1_113' title='bbox 1142 1094 1271 1134; x_wconf 82' lang='lat' dir='ltr'>quare,</span> <span class='ocrx_word' id='word_1_114' title='bbox 1302 1090 1340 1119; x_wconf 91' lang='lat' dir='ltr'>et</span> <span class='ocrx_word' id='word_1_115' title='bbox 1370 1095 1448 1133; x_wconf 91' lang='lat' dir='ltr'>quo</span> <span class='ocrx_word' id='word_1_116' title='bbox 1477 1081 1634 1119; x_wconf 75' lang='lat' dir='ltr'>cons-ilio</span> <span class='ocrx_word' id='word_1_117' title='bbox 1668 1081 1720 1119; x_wconf 85' lang='lat' dir='ltr'>ita</span> <span class='ocrx_word' id='word_1_118' title='bbox 1739 1081 1785 1119; x_wconf 90' lang='lat' dir='ltr'>fit</span> 
     </span>
     <span class='ocr_line' id='line_1_14' title="bbox 383 1146 1783 1199; baseline 0 -14"><span class='ocrx_word' id='word_1_119' title='bbox 383 1147 425 1186; x_wconf 88' lang='lat' dir='ltr'>in</span> <span class='ocrx_word' id='word_1_120' title='bbox 445 1148 542 1199; x_wconf 83' lang='lat' dir='ltr'>lege,</span> <span class='ocrx_word' id='word_1_121' title='bbox 572 1155 638 1184; x_wconf 86' lang='lat' dir='ltr'>aut</span> <span class='ocrx_word' id='word_1_122' title='bbox 666 1147 706 1184; x_wconf 86' lang='lat' dir='ltr'>in</span> <span class='ocrx_word' id='word_1_123' title='bbox 726 1146 951 1185; x_wconf 87' lang='lat' dir='ltr'>testamento</span> <span class='ocrx_word' id='word_1_124' title='bbox 971 1146 1171 1199; x_wconf 88' lang='lat' dir='ltr'>scriptum,</span> <span class='ocrx_word' id='word_1_125' title='bbox 1203 1157 1246 1185; x_wconf 90' lang='lat' dir='ltr'>ut</span> <span class='ocrx_word' id='word_1_126' title='bbox 1274 1147 1461 1185; x_wconf 66' lang='lat' dir='ltr'>sententia</span> <span class='ocrx_word' id='word_1_127' title='bbox 1481 1160 1636 1199; x_wconf 90' lang='lat' dir='ltr'>quoque</span> <span class='ocrx_word' id='word_1_128' title='bbox 1655 1156 1694 1185; x_wconf 92' lang='lat' dir='ltr'>et</span> <span class='ocrx_word' id='word_1_129' title='bbox 1713 1161 1783 1185; x_wconf 93' lang='lat' dir='ltr'>vo-</span> 
     </span>
     <span class='ocr_line' id='line_1_15' title="bbox 383 1212 1784 1266; baseline 0 -14"><span class='ocrx_word' id='word_1_130' title='bbox 383 1214 530 1252; x_wconf 86' lang='lat' dir='ltr'>luntate</span> <span class='ocrx_word' id='word_1_131' title='bbox 551 1213 757 1266; x_wconf 89' lang='lat' dir='ltr'>scriptoris,</span> <span class='ocrx_word' id='word_1_132' title='bbox 788 1227 866 1251; x_wconf 90' lang='lat' dir='ltr'>non</span> <span class='ocrx_word' id='word_1_133' title='bbox 900 1212 978 1266; x_wconf 64' lang='lat' dir='ltr'>ipsa</span> <span class='ocrx_word' id='word_1_134' title='bbox 1009 1213 1135 1252; x_wconf 90' lang='lat' dir='ltr'>solum</span> <span class='ocrx_word' id='word_1_135' title='bbox 1155 1213 1349 1266; x_wconf 85' lang='lat' dir='ltr'>scripturae</span> <span class='ocrx_word' id='word_1_136' title='bbox 1374 1213 1484 1251; x_wconf 64' lang='lat' dir='ltr'>causa</span> <span class='ocrx_word' id='word_1_137' title='bbox 1509 1213 1784 1252; x_wconf 80' lang='lat' dir='ltr'>confirmatum</span> 
     </span>
     <span class='ocr_line' id='line_1_16' title="bbox 383 1277 1785 1332; baseline 0.001 -16"><span class='ocrx_word' id='word_1_138' title='bbox 383 1278 456 1317; x_wconf 82' lang='lat' dir='ltr'>effe</span> <span class='ocrx_word' id='word_1_139' title='bbox 476 1278 659 1317; x_wconf 88' lang='lat' dir='ltr'>videatur.</span> <span class='ocrx_word' id='word_1_140' title='bbox 699 1280 782 1317; x_wconf 88' lang='lat' dir='ltr'>Aut</span> <span class='ocrx_word' id='word_1_141' title='bbox 801 1279 884 1317; x_wconf 87' lang='lat' dir='ltr'>aliis</span> <span class='ocrx_word' id='word_1_142' title='bbox 903 1291 1059 1331; x_wconf 88' lang='lat' dir='ltr'>quoque</span> <span class='ocrx_word' id='word_1_143' title='bbox 1077 1278 1417 1317; x_wconf 83' lang='lat' dir='ltr'>constitutionibus</span> <span class='ocrx_word' id='word_1_144' title='bbox 1436 1277 1584 1317; x_wconf 63' lang='lat' dir='ltr'>vfatftum</span> <span class='ocrx_word' id='word_1_145' title='bbox 1599 1291 1785 1332; x_wconf 86' lang='lat' dir='ltr'>coargue-</span> 
     </span>
     <span class='ocr_line' id='line_1_17' title="bbox 381 1353 460 1384; baseline -0.013 0"><span class='ocrx_word' id='word_1_146' title='bbox 381 1353 460 1384; x_wconf 88' lang='lat' dir='ltr'>tur.</span> 
     </span>
    </p>

    <p class='ocr_par' dir='ltr' id='par_1_4' title="bbox 384 1410 1791 2657">
     <span class='ocr_line' id='line_1_18' title="bbox 432 1410 1784 1466; baseline 0.001 -16"><span class='ocrx_word' id='word_1_147' title='bbox 432 1411 602 1451; x_wconf 90' lang='lat' dir='ltr'>XLVII.</span> <span class='ocrx_word' id='word_1_148' title='bbox 626 1412 773 1450; x_wconf 82' lang='lat' dir='ltr'>Contra</span> <span class='ocrx_word' id='word_1_149' title='bbox 788 1411 973 1464; x_wconf 88' lang='lat' dir='ltr'>scriptum</span> <span class='ocrx_word' id='word_1_150' title='bbox 993 1419 1123 1451; x_wconf 84' lang='lat' dir='ltr'>autem</span> <span class='ocrx_word' id='word_1_151' title='bbox 1144 1413 1213 1465; x_wconf 85' lang='lat' dir='ltr'>qui</span> <span class='ocrx_word' id='word_1_152' title='bbox 1233 1412 1349 1457; x_wconf 90' lang='lat' dir='ltr'>dicet,</span> <span class='ocrx_word' id='word_1_153' title='bbox 1365 1410 1540 1466; x_wconf 70' lang='lat' dir='ltr'>primum</span> <span class='ocrx_word' id='word_1_154' title='bbox 1559 1425 1651 1450; x_wconf 89' lang='lat' dir='ltr'>eum</span> <span class='ocrx_word' id='word_1_155' title='bbox 1667 1411 1784 1451; x_wconf 90' lang='lat' dir='ltr'>indu-</span> 
     </span>
     <span class='ocr_line' id='line_1_19' title="bbox 384 1478 1783 1531; baseline 0 -15"><span class='ocrx_word' id='word_1_156' title='bbox 384 1488 447 1517; x_wconf 87' lang='lat' dir='ltr'>cet</span> <span class='ocrx_word' id='word_1_157' title='bbox 466 1478 612 1523; x_wconf 90' lang='lat' dir='ltr'>locum,</span> <span class='ocrx_word' id='word_1_158' title='bbox 640 1491 706 1531; x_wconf 91' lang='lat' dir='ltr'>per</span> <span class='ocrx_word' id='word_1_159' title='bbox 721 1492 841 1530; x_wconf 91' lang='lat' dir='ltr'>quem</span> <span class='ocrx_word' id='word_1_160' title='bbox 859 1478 1016 1530; x_wconf 83' lang='lat' dir='ltr'>aequitas</span> <span class='ocrx_word' id='word_1_161' title='bbox 1033 1478 1151 1517; x_wconf 82' lang='lat' dir='ltr'>causae</span> <span class='ocrx_word' id='word_1_162' title='bbox 1178 1479 1481 1517; x_wconf 88' lang='lat' dir='ltr'>demonstretur:</span> <span class='ocrx_word' id='word_1_163' title='bbox 1515 1487 1580 1516; x_wconf 91' lang='lat' dir='ltr'>aut</span> <span class='ocrx_word' id='word_1_164' title='bbox 1598 1478 1783 1524; x_wconf 84' lang='lat' dir='ltr'>ostendet,</span> 
     </span>
     <span class='ocr_line' id='line_1_20' title="bbox 387 1545 1786 1598; baseline 0.001 -16"><span class='ocrx_word' id='word_1_165' title='bbox 387 1559 467 1597; x_wconf 89' lang='lat' dir='ltr'>quo</span> <span class='ocrx_word' id='word_1_166' title='bbox 486 1546 628 1590; x_wconf 86' lang='lat' dir='ltr'>animo,</span> <span class='ocrx_word' id='word_1_167' title='bbox 651 1559 729 1596; x_wconf 88' lang='lat' dir='ltr'>quo</span> <span class='ocrx_word' id='word_1_168' title='bbox 749 1545 920 1589; x_wconf 77' lang='lat' dir='ltr'>consilio,</span> <span class='ocrx_word' id='word_1_169' title='bbox 946 1558 1021 1597; x_wconf 91' lang='lat' dir='ltr'>qua</span> <span class='ocrx_word' id='word_1_170' title='bbox 1043 1545 1089 1583; x_wconf 90' lang='lat' dir='ltr'>de</span> <span class='ocrx_word' id='word_1_171' title='bbox 1109 1545 1218 1583; x_wconf 85' lang='lat' dir='ltr'>causa</span> <span class='ocrx_word' id='word_1_172' title='bbox 1235 1545 1370 1584; x_wconf 88' lang='lat' dir='ltr'>fecerit</span> <span class='ocrx_word' id='word_1_173' title='bbox 1385 1564 1397 1590; x_wconf 68' lang='grc' dir='ltr'><strong><em>ς</em></strong></span> <span class='ocrx_word' id='word_1_174' title='bbox 1429 1555 1480 1590; x_wconf 91' lang='lat' dir='ltr'>et,</span> <span class='ocrx_word' id='word_1_175' title='bbox 1511 1558 1786 1598; x_wconf 79' lang='lat' dir='ltr'>quamcunque</span> 
     </span>
     <span class='ocr_line' id='line_1_21' title="bbox 386 1610 1786 1665; baseline 0.001 -17"><span class='ocrx_word' id='word_1_176' title='bbox 386 1611 537 1649; x_wconf 82' lang='lat' dir='ltr'>causam</span> <span class='ocrx_word' id='word_1_177' title='bbox 558 1611 729 1655; x_wconf 63' lang='lat' dir='ltr'>assumet,</span> <span class='ocrx_word' id='word_1_178' title='bbox 748 1610 1012 1665; x_wconf 83' lang='lat' dir='ltr'>affumptionis</span> <span class='ocrx_word' id='word_1_179' title='bbox 1030 1611 1199 1664; x_wconf 85' lang='lat' dir='ltr'>partibus</span> <span class='ocrx_word' id='word_1_180' title='bbox 1216 1612 1252 1650; x_wconf 91' lang='lat' dir='ltr'>se</span> <span class='ocrx_word' id='word_1_181' title='bbox 1267 1611 1459 1656; x_wconf 87' lang='lat' dir='ltr'>defendet,</span> <span class='ocrx_word' id='word_1_182' title='bbox 1482 1611 1527 1649; x_wconf 92' lang='lat' dir='ltr'>de</span> <span class='ocrx_word' id='word_1_183' title='bbox 1543 1611 1684 1664; x_wconf 88' lang='lat' dir='ltr'>quibus</span> <span class='ocrx_word' id='word_1_184' title='bbox 1700 1621 1786 1650; x_wconf 83' lang='lat' dir='ltr'>ante</span> 
     </span>
     <span class='ocr_line' id='line_1_22' title="bbox 387 1675 1785 1729; baseline 0.001 -14"><span class='ocrx_word' id='word_1_185' title='bbox 387 1678 536 1716; x_wconf 63' lang='lat' dir='ltr'>dietum</span> <span class='ocrx_word' id='word_1_186' title='bbox 556 1677 622 1714; x_wconf 87' lang='lat' dir='ltr'>est.</span> <span class='ocrx_word' id='word_1_187' title='bbox 671 1679 802 1729; x_wconf 85' lang='lat' dir='ltr'>Atque</span> <span class='ocrx_word' id='word_1_188' title='bbox 823 1675 897 1714; x_wconf 89' lang='lat' dir='ltr'>hoe</span> <span class='ocrx_word' id='word_1_189' title='bbox 914 1678 954 1715; x_wconf 91' lang='lat' dir='ltr'>in</span> <span class='ocrx_word' id='word_1_190' title='bbox 970 1677 1056 1715; x_wconf 89' lang='lat' dir='ltr'>loco</span> <span class='ocrx_word' id='word_1_191' title='bbox 1074 1690 1167 1715; x_wconf 88' lang='lat' dir='ltr'>cum</span> <span class='ocrx_word' id='word_1_192' title='bbox 1183 1678 1327 1716; x_wconf 85' lang='lat' dir='ltr'>diutius</span> <span class='ocrx_word' id='word_1_193' title='bbox 1348 1687 1608 1716; x_wconf 83' lang='lat' dir='ltr'>commoratus</span> <span class='ocrx_word' id='word_1_194' title='bbox 1625 1678 1679 1715; x_wconf 93' lang='lat' dir='ltr'>sui</span> <span class='ocrx_word' id='word_1_195' title='bbox 1696 1677 1785 1716; x_wconf 64' lang='lat' dir='ltr'>faeti</span> 
     </span>
     <span class='ocr_line' id='line_1_23' title="bbox 387 1743 1786 1795; baseline 0.001 -14"><span class='ocrx_word' id='word_1_196' title='bbox 387 1744 587 1787; x_wconf 84' lang='lat' dir='ltr'>rationem,</span> <span class='ocrx_word' id='word_1_197' title='bbox 620 1752 657 1780; x_wconf 89' lang='lat' dir='ltr'>et</span> <span class='ocrx_word' id='word_1_198' title='bbox 678 1743 897 1795; x_wconf 67' lang='lat' dir='ltr'>aequitatem</span> <span class='ocrx_word' id='word_1_199' title='bbox 917 1743 1034 1780; x_wconf 86' lang='lat' dir='ltr'>causae</span> <span class='ocrx_word' id='word_1_200' title='bbox 1053 1745 1305 1790; x_wconf 83' lang='lat' dir='ltr'>exornaverit,</span> <span class='ocrx_word' id='word_1_201' title='bbox 1337 1753 1422 1782; x_wconf 90' lang='lat' dir='ltr'>turn</span> <span class='ocrx_word' id='word_1_202' title='bbox 1443 1758 1488 1782; x_wconf 83' lang='lat' dir='ltr'>ex</span> <span class='ocrx_word' id='word_1_203' title='bbox 1507 1743 1566 1782; x_wconf 89' lang='lat' dir='ltr'>his</span> <span class='ocrx_word' id='word_1_204' title='bbox 1593 1744 1687 1782; x_wconf 89' lang='lat' dir='ltr'>locis</span> <span class='ocrx_word' id='word_1_205' title='bbox 1707 1743 1786 1782; x_wconf 88' lang='lat' dir='ltr'>fere</span> 
     </span>
     <span class='ocr_line' id='line_1_24' title="bbox 388 1808 1785 1863; baseline 0.001 -16"><span class='ocrx_word' id='word_1_206' title='bbox 388 1819 520 1847; x_wconf 84' lang='lat' dir='ltr'>contra</span> <span class='ocrx_word' id='word_1_207' title='bbox 554 1809 776 1847; x_wconf 83' lang='lat' dir='ltr'>adversarios</span> <span class='ocrx_word' id='word_1_208' title='bbox 808 1808 909 1846; x_wconf 89' lang='lat' dir='ltr'>dicet</span> <span class='ocrx_word' id='word_1_209' title='bbox 940 1818 1114 1861; x_wconf 87' lang='lat' dir='ltr'>oportere</span> <span class='ocrx_word' id='word_1_210' title='bbox 1146 1810 1271 1848; x_wconf 85' lang='lat' dir='ltr'>causas</span> <span class='ocrx_word' id='word_1_211' title='bbox 1302 1811 1422 1863; x_wconf 81' lang='lat' dir='ltr'>accipi</span> <span class='ocrx_word' id='word_1_212' title='bbox 1440 1828 1451 1855; x_wconf 85' lang='lat'>;</span> <span class='ocrx_word' id='word_1_213' title='bbox 1497 1810 1785 1856; x_wconf 86' lang='lat' dir='ltr'>demonstrabit,</span> 
     </span>
     <span class='ocr_line' id='line_1_25' title="bbox 386 1875 1788 1928; baseline 0 -15"><span class='ocrx_word' id='word_1_214' title='bbox 386 1876 536 1914; x_wconf 81' lang='lat' dir='ltr'>nullam</span> <span class='ocrx_word' id='word_1_215' title='bbox 557 1875 628 1912; x_wconf 86' lang='lat' dir='ltr'>effe</span> <span class='ocrx_word' id='word_1_216' title='bbox 647 1875 788 1927; x_wconf 84' lang='lat' dir='ltr'>legem,</span> <span class='ocrx_word' id='word_1_217' title='bbox 820 1889 903 1927; x_wconf 85' lang='lat' dir='ltr'>quae</span> <span class='ocrx_word' id='word_1_218' title='bbox 924 1875 1092 1927; x_wconf 83' lang='lat' dir='ltr'>aliquam</span> <span class='ocrx_word' id='word_1_219' title='bbox 1112 1889 1193 1914; x_wconf 87' lang='lat' dir='ltr'>rem</span> <span class='ocrx_word' id='word_1_220' title='bbox 1214 1877 1407 1921; x_wconf 88' lang='lat' dir='ltr'>inutilem,</span> <span class='ocrx_word' id='word_1_221' title='bbox 1427 1886 1491 1914; x_wconf 87' lang='lat' dir='ltr'>aut</span> <span class='ocrx_word' id='word_1_222' title='bbox 1511 1876 1686 1928; x_wconf 83' lang='lat' dir='ltr'>iniquam</span> <span class='ocrx_word' id='word_1_223' title='bbox 1707 1876 1788 1914; x_wconf 88' lang='lat' dir='ltr'>fieri</span> 
     </span>
     <span class='ocr_line' id='line_1_26' title="bbox 388 1939 1787 1996; baseline 0.001 -18"><span class='ocrx_word' id='word_1_224' title='bbox 388 1941 504 1984; x_wconf 85' lang='lat' dir='ltr'>velit;</span> <span class='ocrx_word' id='word_1_225' title='bbox 536 1941 667 1980; x_wconf 86' lang='lat' dir='ltr'>omnia</span> <span class='ocrx_word' id='word_1_226' title='bbox 698 1939 895 1993; x_wconf 81' lang='lat' dir='ltr'>supplicia,</span> <span class='ocrx_word' id='word_1_227' title='bbox 927 1954 1011 1992; x_wconf 76' lang='lat' dir='ltr'>quae</span> <span class='ocrx_word' id='word_1_228' title='bbox 1038 1955 1057 1978; x_wconf 87' lang='lat' dir='ltr'>a</span> <span class='ocrx_word' id='word_1_229' title='bbox 1086 1941 1235 1994; x_wconf 85' lang='lat' dir='ltr'>legibus</span> <span class='ocrx_word' id='word_1_230' title='bbox 1269 1942 1569 1995; x_wconf 86' lang='lat' dir='ltr'>proficiscantur,</span> <span class='ocrx_word' id='word_1_231' title='bbox 1602 1942 1725 1996; x_wconf 67' lang='lat' dir='ltr'>culpae</span> <span class='ocrx_word' id='word_1_232' title='bbox 1745 1955 1787 1980; x_wconf 80' lang='lat' dir='ltr'>ac</span> 
     </span>
     <span class='ocr_line' id='line_1_27' title="bbox 388 2006 1787 2061; baseline 0.001 -18"><span class='ocrx_word' id='word_1_233' title='bbox 388 2007 544 2044; x_wconf 80' lang='lat' dir='ltr'>malitiae</span> <span class='ocrx_word' id='word_1_234' title='bbox 575 2007 811 2044; x_wconf 80' lang='lat' dir='ltr'>vindicandae</span> <span class='ocrx_word' id='word_1_235' title='bbox 846 2006 955 2045; x_wconf 70' lang='lat' dir='ltr'>causfi</span> <span class='ocrx_word' id='word_1_236' title='bbox 988 2007 1192 2046; x_wconf 89' lang='lat' dir='ltr'>constituta</span> <span class='ocrx_word' id='word_1_237' title='bbox 1211 2009 1281 2046; x_wconf 86' lang='lat' dir='ltr'>effe</span> <span class='ocrx_word' id='word_1_238' title='bbox 1298 2028 1309 2053; x_wconf 76' lang='lat'><em>3</em></span> <span class='ocrx_word' id='word_1_239' title='bbox 1342 2009 1563 2061; x_wconf 87' lang='lat' dir='ltr'>scriptorem</span> <span class='ocrx_word' id='word_1_240' title='bbox 1590 2009 1730 2061; x_wconf 85' lang='lat' dir='ltr'>ipsum,</span> <span class='ocrx_word' id='word_1_241' title='bbox 1761 2008 1787 2045; x_wconf 86' lang='lat' dir='ltr'>fi</span> 
     </span>
     <span class='ocr_line' id='line_1_28' title="bbox 388 2071 1786 2126; baseline 0.001 -18"><span class='ocrx_word' id='word_1_242' title='bbox 388 2072 535 2117; x_wconf 77' lang='lat' dir='ltr'>existat,</span> <span class='ocrx_word' id='word_1_243' title='bbox 558 2071 702 2110; x_wconf 62' lang='lat' dir='ltr'>faetum</span> <span class='ocrx_word' id='word_1_244' title='bbox 724 2072 798 2110; x_wconf 91' lang='lat' dir='ltr'>hoc</span> <span class='ocrx_word' id='word_1_245' title='bbox 820 2073 1096 2125; x_wconf 85' lang='lat' dir='ltr'>probaturum;</span> <span class='ocrx_word' id='word_1_246' title='bbox 1120 2082 1157 2110; x_wconf 90' lang='lat' dir='ltr'>et</span> <span class='ocrx_word' id='word_1_247' title='bbox 1174 2074 1276 2111; x_wconf 86' lang='lat' dir='ltr'>idem</span> <span class='ocrx_word' id='word_1_248' title='bbox 1296 2075 1436 2126; x_wconf 81' lang='lat' dir='ltr'>ipsum,</span> <span class='ocrx_word' id='word_1_249' title='bbox 1454 2073 1480 2111; x_wconf 87' lang='lat' dir='ltr'>fi</span> <span class='ocrx_word' id='word_1_250' title='bbox 1497 2074 1531 2111; x_wconf 89' lang='lat' dir='ltr'>ei</span> <span class='ocrx_word' id='word_1_251' title='bbox 1548 2073 1631 2111; x_wconf 85' lang='lat' dir='ltr'>talis</span> <span class='ocrx_word' id='word_1_252' title='bbox 1651 2087 1705 2110; x_wconf 87' lang='lat' dir='ltr'>res</span> <span class='ocrx_word' id='word_1_253' title='bbox 1723 2086 1786 2110; x_wconf 80' lang='lat' dir='ltr'>ac·</span> 
     </span>
     <span class='ocr_line' id='line_1_29' title="bbox 389 2138 1788 2192; baseline 0 -16"><span class='ocrx_word' id='word_1_254' title='bbox 389 2138 548 2183; x_wconf 75' lang='lat' dir='ltr'>cidifl‘et,</span> <span class='ocrx_word' id='word_1_255' title='bbox 571 2138 763 2177; x_wconf 61' lang='lat' dir='ltr'>facturum</span> <span class='ocrx_word' id='word_1_256' title='bbox 784 2138 917 2183; x_wconf 74' lang='lat' dir='ltr'>fuifl&#39;e5</span> <span class='ocrx_word' id='word_1_257' title='bbox 948 2148 986 2176; x_wconf 89' lang='lat' dir='ltr'>et</span> <span class='ocrx_word' id='word_1_258' title='bbox 1001 2152 1043 2176; x_wconf 82' lang='lat' dir='ltr'>ea</span> <span class='ocrx_word' id='word_1_259' title='bbox 1062 2153 1101 2176; x_wconf 91' lang='lat' dir='ltr'>re</span> <span class='ocrx_word' id='word_1_260' title='bbox 1121 2139 1215 2192; x_wconf 82' lang='lat' dir='ltr'>legis</span> <span class='ocrx_word' id='word_1_261' title='bbox 1234 2139 1454 2192; x_wconf 83' lang='lat' dir='ltr'>scriptorem</span> <span class='ocrx_word' id='word_1_262' title='bbox 1470 2149 1575 2177; x_wconf 88' lang='lat' dir='ltr'>certo</span> <span class='ocrx_word' id='word_1_263' title='bbox 1590 2152 1637 2178; x_wconf 79' lang='lat' dir='ltr'>ex</span> <span class='ocrx_word' id='word_1_264' title='bbox 1656 2139 1788 2177; x_wconf 84' lang='lat' dir='ltr'>ordine</span> 
     </span>
     <span class='ocr_line' id='line_1_30' title="bbox 385 2205 1787 2258; baseline 0.001 -16"><span class='ocrx_word' id='word_1_265' title='bbox 385 2205 549 2257; x_wconf 79' lang='lat' dir='ltr'>judices,</span> <span class='ocrx_word' id='word_1_266' title='bbox 591 2215 692 2242; x_wconf 79' lang='lat' dir='ltr'>certa</span> <span class='ocrx_word' id='word_1_267' title='bbox 726 2215 833 2244; x_wconf 65' lang='lat' dir='ltr'>zetate</span> <span class='ocrx_word' id='word_1_268' title='bbox 867 2206 1044 2258; x_wconf 80' lang='lat' dir='ltr'>praeditos</span> <span class='ocrx_word' id='word_1_269' title='bbox 1083 2206 1325 2250; x_wconf 70' lang='lat' dir='ltr'>constitui-ise,</span> <span class='ocrx_word' id='word_1_270' title='bbox 1358 2214 1400 2243; x_wconf 85' lang='lat' dir='ltr'>ut</span> <span class='ocrx_word' id='word_1_271' title='bbox 1430 2205 1561 2251; x_wconf 70' lang='lat' dir='ltr'>essent,</span> <span class='ocrx_word' id='word_1_272' title='bbox 1604 2219 1680 2243; x_wconf 92' lang='lat' dir='ltr'>non</span> <span class='ocrx_word' id='word_1_273' title='bbox 1721 2207 1787 2258; x_wconf 90' lang='lat' dir='ltr'>qui</span> 
     </span>
     <span class='ocr_line' id='line_1_31' title="bbox 391 2271 1787 2325; baseline 0.001 -17"><span class='ocrx_word' id='word_1_274' title='bbox 391 2271 575 2324; x_wconf 87' lang='lat' dir='ltr'>scriptum</span> <span class='ocrx_word' id='word_1_275' title='bbox 598 2271 708 2309; x_wconf 86' lang='lat' dir='ltr'>suum</span> <span class='ocrx_word' id='word_1_276' title='bbox 730 2273 941 2315; x_wconf 79' lang='lat' dir='ltr'>recitarent,</span> <span class='ocrx_word' id='word_1_277' title='bbox 963 2271 1067 2323; x_wconf 90' lang='lat' dir='ltr'>quod</span> <span class='ocrx_word' id='word_1_278' title='bbox 1084 2272 1209 2323; x_wconf 84' lang='lat' dir='ltr'>quivis</span> <span class='ocrx_word' id='word_1_279' title='bbox 1230 2286 1323 2325; x_wconf 89' lang='lat' dir='ltr'>puer</span> <span class='ocrx_word' id='word_1_280' title='bbox 1343 2271 1465 2310; x_wconf 80' lang='lat' dir='ltr'>facere</span> <span class='ocrx_word' id='word_1_281' title='bbox 1485 2272 1618 2325; x_wconf 83' lang='lat' dir='ltr'>poffet,</span> <span class='ocrx_word' id='word_1_282' title='bbox 1640 2271 1700 2309; x_wconf 85' lang='lat' dir='ltr'>sed</span> <span class='ocrx_word' id='word_1_283' title='bbox 1720 2272 1787 2324; x_wconf 87' lang='lat' dir='ltr'>qui</span> 
     </span>
     <span class='ocr_line' id='line_1_32' title="bbox 390 2336 1789 2391; baseline 0.001 -17"><span class='ocrx_word' id='word_1_284' title='bbox 390 2337 664 2389; x_wconf 80' lang='lat' dir='ltr'>cogitationem</span> <span class='ocrx_word' id='word_1_285' title='bbox 685 2337 823 2389; x_wconf 82' lang='lat' dir='ltr'>affequi</span> <span class='ocrx_word' id='word_1_286' title='bbox 843 2336 1003 2390; x_wconf 82' lang='lat' dir='ltr'>poffent,</span> <span class='ocrx_word' id='word_1_287' title='bbox 1024 2346 1061 2374; x_wconf 88' lang='lat' dir='ltr'>et</span> <span class='ocrx_word' id='word_1_288' title='bbox 1081 2337 1318 2376; x_wconf 88' lang='lat' dir='ltr'>voluntatem</span> <span class='ocrx_word' id='word_1_289' title='bbox 1341 2339 1592 2391; x_wconf 80' lang='lat' dir='ltr'>interpretari.</span> <span class='ocrx_word' id='word_1_290' title='bbox 1635 2338 1789 2376; x_wconf 85' lang='lat' dir='ltr'>Deinde</span> 
     </span>
     <span class='ocr_line' id='line_1_33' title="bbox 391 2403 1788 2456; baseline 0.001 -16"><span class='ocrx_word' id='word_1_291' title='bbox 391 2403 505 2441; x_wconf 87' lang='lat' dir='ltr'>illum</span> <span class='ocrx_word' id='word_1_292' title='bbox 520 2404 755 2456; x_wconf 88' lang='lat' dir='ltr'>scriptorem,</span> <span class='ocrx_word' id='word_1_293' title='bbox 789 2404 813 2441; x_wconf 81' lang='lat' dir='ltr'>si</span> <span class='ocrx_word' id='word_1_294' title='bbox 832 2403 965 2456; x_wconf 85' lang='lat' dir='ltr'>scripta</span> <span class='ocrx_word' id='word_1_295' title='bbox 982 2404 1044 2441; x_wconf 86' lang='lat' dir='ltr'>sua</span> <span class='ocrx_word' id='word_1_296' title='bbox 1064 2404 1186 2441; x_wconf 84' lang='lat' dir='ltr'>stultis</span> <span class='ocrx_word' id='word_1_297' title='bbox 1204 2404 1428 2443; x_wconf 85' lang='lat' dir='ltr'>hominibus</span> <span class='ocrx_word' id='word_1_298' title='bbox 1445 2415 1483 2443; x_wconf 88' lang='lat' dir='ltr'>et</span> <span class='ocrx_word' id='word_1_299' title='bbox 1498 2405 1663 2444; x_wconf 83' lang='lat' dir='ltr'>barbaris</span> <span class='ocrx_word' id='word_1_300' title='bbox 1680 2405 1788 2456; x_wconf 86' lang='lat' dir='ltr'>judi-</span> 
     </span>
     <span class='ocr_line' id='line_1_34' title="bbox 391 2469 1788 2524; baseline 0.001 -18"><span class='ocrx_word' id='word_1_301' title='bbox 391 2469 502 2507; x_wconf 85' lang='lat' dir='ltr'>cibus</span> <span class='ocrx_word' id='word_1_302' title='bbox 519 2471 793 2513; x_wconf 83' lang='lat' dir='ltr'>committeret,</span> <span class='ocrx_word' id='word_1_303' title='bbox 809 2470 941 2508; x_wconf 80' lang='lat' dir='ltr'>omnia</span> <span class='ocrx_word' id='word_1_304' title='bbox 956 2470 1107 2507; x_wconf 67' lang='lat' dir='ltr'>summa</span> <span class='ocrx_word' id='word_1_305' title='bbox 1122 2470 1321 2523; x_wconf 66' lang='lat' dir='ltr'>diligentia</span> <span class='ocrx_word' id='word_1_306' title='bbox 1342 2471 1639 2524; x_wconf 85' lang='lat' dir='ltr'>perscripturum</span> <span class='ocrx_word' id='word_1_307' title='bbox 1655 2470 1763 2509; x_wconf 78' lang='lat' dir='ltr'>fuisse</span> <span class='ocrx_word' id='word_1_308' title='bbox 1775 2489 1788 2516; x_wconf 67' lang='grc' dir='ltr'><strong><em>ς</em></strong></span> 
     </span>
     <span class='ocr_line' id='line_1_35' title="bbox 392 2534 1791 2588; baseline 0.001 -17"><span class='ocrx_word' id='word_1_309' title='bbox 392 2547 495 2571; x_wconf 88' lang='lat' dir='ltr'>nunc</span> <span class='ocrx_word' id='word_1_310' title='bbox 516 2547 616 2579; x_wconf 89' lang='lat' dir='ltr'>vero,</span> <span class='ocrx_word' id='word_1_311' title='bbox 639 2534 743 2586; x_wconf 79' lang='lat' dir='ltr'>quod</span> <span class='ocrx_word' id='word_1_312' title='bbox 764 2535 1006 2588; x_wconf 83' lang='lat' dir='ltr'>intelligeret,</span> <span class='ocrx_word' id='word_1_313' title='bbox 1024 2534 1152 2587; x_wconf 85' lang='lat' dir='ltr'>quales</span> <span class='ocrx_word' id='word_1_314' title='bbox 1173 2536 1243 2573; x_wconf 86' lang='lat' dir='ltr'>viri</span> <span class='ocrx_word' id='word_1_315' title='bbox 1258 2536 1467 2587; x_wconf 89' lang='lat' dir='ltr'>judicaturi</span> <span class='ocrx_word' id='word_1_316' title='bbox 1486 2536 1616 2581; x_wconf 76' lang='lat' dir='ltr'>essent,</span> <span class='ocrx_word' id='word_1_317' title='bbox 1647 2536 1791 2574; x_wconf 90' lang='lat' dir='ltr'>idcirco</span> 
     </span>
     <span class='ocr_line' id='line_1_36' title="bbox 391 2600 1791 2657; baseline 0.001 -19"><span class='ocrx_word' id='word_1_318' title='bbox 391 2613 499 2646; x_wconf 85' lang='lat' dir='ltr'>cum,</span> <span class='ocrx_word' id='word_1_319' title='bbox 531 2614 615 2653; x_wconf 80' lang='lat' dir='ltr'>quae</span> <span class='ocrx_word' id='word_1_320' title='bbox 645 2601 842 2655; x_wconf 82' lang='lat' dir='ltr'>perspicua</span> <span class='ocrx_word' id='word_1_321' title='bbox 871 2601 1014 2640; x_wconf 87' lang='lat' dir='ltr'>videret</span> <span class='ocrx_word' id='word_1_322' title='bbox 1033 2600 1117 2648; x_wconf 78' lang='lat' dir='ltr'>effe,</span> <span class='ocrx_word' id='word_1_323' title='bbox 1140 2615 1217 2641; x_wconf 91' lang='lat' dir='ltr'>non</span> <span class='ocrx_word' id='word_1_324' title='bbox 1248 2602 1499 2657; x_wconf 77' lang='lat' dir='ltr'>adscripslffe:</span> <span class='ocrx_word' id='word_1_325' title='bbox 1531 2615 1655 2656; x_wconf 86' lang='lat' dir='ltr'>neque</span> <span class='ocrx_word' id='word_1_326' title='bbox 1685 2603 1791 2641; x_wconf 88' lang='lat' dir='ltr'>enim</span> 
     </span>
    </p>
   </div>
  </div>
 </body>
</html>
