2176 2912
630 146 950 186 LIBER
1025 145 1512 184 TERTIUS.
1697 157 1772 198 329

425 239 537 279 LIII.
556 240 663 278 Nam
682 248 720 276 et
739 237 994 277 commoratio
1015 251 1089 274 una
1107 237 1148 274 in
1169 250 1207 274 re
1233 238 1473 290 permultum
1496 246 1639 281 movet,
1662 246 1700 274 et
1722 237 1772 275 il-

369 308 494 346 lustris
514 305 744 358 explanatio,
773 317 992 356 rerumque,
1025 303 1127 356 quasi
1148 313 1339 356 gerantur,
1369 303 1437 341 sub
1458 303 1650 356 aspectum
1678 316 1774 355 pene

368 372 552 424 subjectio
563 390 574 416 5
608 384 692 422 quae
725 379 764 408 et
797 370 838 407 in
858 370 1082 422 exponenda
1102 382 1140 406 re
1160 368 1377 421 plurimum
1397 369 1508 413 valet,
1531 379 1568 407 et
1597 369 1642 406 ad
1664 368 1771 406 illus-

367 438 550 475 trandum
580 437 633 481 id,
666 436 772 489 quod
792 436 1012 488 exponitur,
1043 444 1081 474 et
1101 435 1147 473 ad
1167 434 1514 488 amplificandum3
1548 444 1591 473 ut
1611 435 1672 479 iis,
1703 435 1771 486 qui

365 503 538 548 audient,
568 503 681 548 illud,
713 501 819 555 quod
838 502 1080 554 augebimus,
1113 511 1305 553 quantum
1335 500 1485 539 efficere
1515 501 1637 538 oratio
1662 510 1772 552 pote-

368 570 433 614 rit,
457 578 609 608 tantum
628 569 700 606 effe
720 568 915 607 videatur:
946 577 985 606 et
1003 566 1097 605 huic
1117 567 1304 606 contraria
1330 566 1425 620 saepe
1444 566 1611 619 praecifio
1631 565 1707 610 est3
1739 575 1776 603 et

367 636 455 689 plus
489 636 536 673 ad
566 634 879 688 intelligendum,
915 647 1034 686 quam
1063 633 1218 678 dixeris,
1252 632 1478 686 significatio
1495 651 1506 676 3
1537 641 1575 670 et
1601 630 1776 670 distincte

367 702 520 741 concisa
539 702 715 746 brevitas,
737 710 775 739 et
794 700 1043 744 extenuatio;
1075 708 1113 738 et
1141 698 1235 737 huic
1261 700 1438 752 adjuncta
1458 698 1597 743 illufio,
1627 711 1649 736 a
1676 711 1775 751 prae-

365 771 490 822 ceptis
512 768 666 807 Caesaris
702 781 780 806 non
814 765 1045 805 abhorrens:
1077 775 1115 804 et
1145 767 1193 804 ab
1224 779 1263 804 re
1283 780 1361 805 non
1381 766 1495 819 longa
1514 764 1703 818 digreffio,
1735 765 1776 802 iu

367 849 444 888 qua
470 848 563 873 cum
592 833 711 872 fuerit
729 833 944 877 delectatio,
977 842 1063 870 tum
1083 832 1226 870 reditus
1248 833 1294 870 ad
1315 846 1396 870 rem
1422 840 1533 885 aptus
1553 841 1593 869 et
1611 831 1775 870 concin-

367 914 440 938 nus
461 900 532 938 effe
552 899 709 938 debebit
721 917 733 943 3
765 898 1051 951 propositioque
1071 897 1167 949 quid
1184 897 1228 935 sis
1248 898 1420 936 dicturus
1432 915 1445 942 ς
1467 906 1505 935 et
1524 897 1571 936 ab
1589 911 1649 942 eo,
1670 896 1777 949 quod

367 965 421 1004 est
450 966 612 1011 dietum,
646 965 830 1017 sejunctio
846 983 858 1010 3
890 973 928 1002 et
959 963 1102 1002 reditus
1123 963 1169 1001 ad
1190 963 1444 1017 propositum,
1473 972 1510 1001 et
1530 963 1680 1001 iteratio
1695 981 1707 1007 ς
1739 971 1778 1001 et

366 1033 524 1071 rationis
558 1042 646 1085 apta
675 1031 893 1070 conclusio:
927 1040 1014 1069 tum
1040 1031 1218 1083 augendi,
1240 1030 1490 1069 minuendive
1520 1029 1642 1074 causa,
1674 1028 1776 1067 veri-

367 1099 456 1136 tatis
478 1098 695 1151 superlatio,
728 1107 842 1149 atque
876 1098 1047 1148 trajectio
1060 1116 1072 1142 ;
1103 1106 1142 1135 et
1162 1097 1324 1150 rogatio,
1354 1105 1470 1149 atque
1495 1094 1589 1134 huic
1610 1094 1778 1133 finitima

368 1164 473 1218 quasi
504 1164 756 1216 percontatio,
791 1163 1053 1216 expositioque
1087 1163 1280 1202 sententiae
1306 1163 1379 1202 suae
1395 1181 1408 1208 ;
1449 1171 1536 1201 tum
1563 1161 1644 1206 illa,
1692 1174 1779 1214 quae

369 1231 539 1269 maxime
559 1231 663 1283 quasi
688 1230 821 1283 irrepit
842 1230 883 1267 in
901 1228 1114 1268 hominum
1135 1240 1298 1275 mentes,
1319 1229 1392 1268 alia
1411 1228 1574 1268 dicentis
1594 1241 1637 1266 ac
1656 1227 1777 1280 figni-

367 1297 518 1335 ficantis
539 1297 803 1341 diffimulatio,
839 1310 924 1348 quae
954 1295 1006 1333 est
1036 1296 1284 1349 perjucunda,
1315 1309 1408 1334 cum
1438 1295 1480 1333 in
1500 1294 1672 1333 oratione
1697 1305 1777 1331 non

365 1363 632 1407 contentione,
647 1363 708 1400 sed
729 1361 912 1406 sermone,
930 1363 1132 1399 tractatur:
1157 1361 1293 1400 deinde
1312 1361 1518 1404 dubitatio,
1541 1369 1627 1398 tum
1648 1358 1775 1397 distri-

366 1430 492 1475 butio,
516 1440 601 1468 tum
623 1430 805 1468 correctio
825 1428 883 1466 vel
905 1438 1004 1473 ante,
1030 1429 1089 1466 vel
1111 1428 1313 1481 postquam
1334 1427 1489 1472 dixeris,
1510 1425 1570 1464 vel
1591 1439 1683 1464 curn
1703 1425 1775 1467 ali-

366 1496 462 1549 quid
493 1510 514 1534 a
533 1495 653 1548 teipso
684 1496 829 1547 rejicias
846 1509 854 1532 :
886 1494 1135 1547 praemunitio
1155 1494 1207 1532 est
1227 1494 1344 1531 etiam
1363 1493 1409 1530 ad
1430 1493 1482 1537 id,
1514 1492 1620 1544 quod
1640 1505 1776 1544 aggre-

365 1563 483 1608 diare,
515 1572 553 1600 et
571 1562 724 1614 rejectio
744 1562 784 1599 in
804 1561 948 1599 alium:
980 1560 1300 1604 communicatio,
1319 1573 1404 1612 quae
1419 1558 1472 1596 est
1492 1558 1596 1610 quasi
1616 1571 1709 1596 cum
1728 1558 1776 1597 iis

367 1630 468 1683 ipfis,
489 1629 591 1682 apud
612 1642 707 1682 quos
729 1629 846 1673 dicas,
879 1627 1104 1666 deliberatio
1122 1642 1131 1665 ε
1164 1640 1320 1665 morum
1341 1640 1383 1664 ac
1403 1626 1490 1664 vitae
1510 1625 1694 1670 imitatio,
1716 1625 1776 1666 vel

366 1696 407 1733 in
428 1696 609 1748 personis,
631 1695 691 1732 vel
712 1695 787 1732 fine
805 1695 896 1737 illis,
920 1707 1106 1745 magnum
1128 1693 1325 1745 quoddam
1345 1701 1616 1730 ornamentum
1631 1691 1775 1729 oratio-

367 1761 443 1806 nis,
471 1771 509 1798 et
537 1770 672 1814 aptum
693 1762 740 1798 ad
770 1761 920 1798 animos
942 1759 1201 1798 conciliandos
1230 1760 1288 1797 vel
1310 1759 1492 1803 maxime,
1522 1757 1614 1810 saepe
1644 1766 1775 1796 autem

366 1828 485 1865 etiam
506 1827 552 1864 ad
573 1827 874 1865 commovendos
893 1841 902 1863 ;
935 1826 1179 1878 personarum
1201 1825 1287 1864 ficta
1308 1825 1494 1870 inductio,
1516 1824 1575 1862 vel
1603 1823 1774 1877 graviffi-

367 1908 479 1932 mum
500 1893 632 1931 lumen
653 1892 817 1945 augendi
835 1907 843 1929 :
868 1890 1085 1944 descriptio,
1107 1892 1242 1929 erroris
1263 1892 1450 1935 inductio,
1473 1891 1519 1928 ad
1539 1889 1773 1928 hilaritatem

369 1961 562 2014 impulsio,
595 1970 681 1997 ante
715 1959 946 2012 occupatio:
980 1968 1065 1996 tum
1087 1959 1164 1996 duo
1185 1959 1263 2003 illa,
1295 1972 1379 2010 quae
1411 1958 1579 1995 maxime
1598 1966 1771 2002 movent,

366 2027 593 2071 finnilitudo,
625 2037 662 2064 et
681 2025 933 2078 exemplum:
967 2025 1139 2077 digestio,
1171 2025 1441 2077 interpellatio,
1473 2023 1686 2068 contentio,
1712 2036 1773 2061 re,-

365 2095 535 2138 neemia,
558 2092 846 2131 commendatio
864 2107 872 2130 :
898 2106 971 2130 vox
992 2091 1166 2143 quaedaln
1188 2091 1321 2135 libera,
1341 2100 1454 2142 atque
1473 2090 1590 2127 etiam
1610 2089 1771 2127 effrena-

366 2161 454 2205 tior,
477 2160 640 2212 augendi
661 2158 791 2196 causa:
825 2158 1031 2202 iracundia,
1053 2158 1284 2210 objurgatio,
1312 2156 1522 2210 promiffio,
1541 2156 1770 2210 deprecatio,

364 2226 601 2264 obsecratio:
648 2226 854 2264 declinatio
886 2225 1008 2263 brevis
1040 2239 1059 2262 a
1091 2225 1295 2277 proposito,
1330 2238 1407 2262 non
1441 2233 1483 2261 ut
1513 2223 1681 2276 superior
1706 2223 1772 2260 illa

368 2292 568 2344 digreffio:
602 2292 791 2344 purgatio,
827 2292 1061 2336 conciliatio,
1094 2291 1207 2335 laesm,
1239 2291 1401 2343 optatio,
1433 2299 1547 2342 atque
1566 2289 1768 2327 execratio,

367 2359 444 2396 His
465 2357 544 2395 fere
564 2358 780 2396 luminibus
801 2358 989 2396 illustrant
1009 2357 1222 2395 orationem
1243 2357 1449 2395 sententiae.

423 2424 532 2462 LIV.
566 2424 763 2462 Orationis
794 2434 924 2462 autem
957 2424 1087 2477 ipsius,
1120 2433 1306 2475 tanquam
1324 2436 1537 2466 armorum,
1575 2420 1626 2458 est
1647 2418 1703 2456 vel
1725 2418 1772 2457 ad

366 2490 481 2529 usum
497 2491 763 2536 comminatio,
777 2499 815 2531 et
830 2490 932 2543 quasi
947 2490 1097 2544 petitio,
1112 2489 1170 2528 vel
1186 2489 1232 2527 ad
1248 2489 1482 2528 venustatem
1496 2486 1574 2539 ipsa
1585 2484 1770 2525 tractatio.

449 2558 600 2597 ToM.
631 2558 664 2597 Ι.
1223 2547 1308 2594 T't
