2176 2912
525 186 816 230 VARIAE
901 194 1461 247 LECTIONES.

270 283 326 342 1136
347 275 384 353 ²¹53
406 315 501 354 saepius
522 331 540 346 ω
559 327 568 346 1
595 321 623 347 d.

348 364 380 392 3¹
407 365 484 385 certo
508 357 652 387 discedant
673 373 690 388 ω
708 370 722 388 2
743 372 788 389 cur
802 370 869 391 certo
892 363 919 391 di
931 375 970 392 ce-

445 397 510 424 dant

347 444 385 472 34
405 434 471 464 item
495 449 512 464 ω
531 445 539 464 1
567 438 594 465 d.

267 482 322 511 ¹¹7
364 485 383 513 4
404 475 473 513 quid
489 475 507 503 fi
531 476 582 514 ipfi
605 478 695 508 velint
715 493 732 507 ω
758 490 767 508 1
793 483 972 521 quodsiipsi

442 515 540 544 vellent

346 563 384 583 zo
404 553 449 583 his
464 563 492 583 et
513 569 530 583 ω
550 565 559 584 1
586 559 614 586 d.

342 603 376 622 21
403 603 482 623 extra
512 595 647 634 scriptum
674 599 767 637 accipi
798 614 815 628 ω
845 610 855 629 1
891 611 967 631 emm

431 635 560 672 striptum
573 646 620 666 aut
635 641 859 678 contrafiriptum

342 683 379 701 22
400 684 464 712 pars
485 689 502 703 ω
519 686 535 704 2
552 684 618 714 pars
631 680 685 716 {jus

341 723 379 749 ²4
401 715 554 744 utiliffimas
575 730 592 744 ω
612 726 621 745 1
646 720 673 746 d.

337 762 371 790 3¹
398 755 524 783 ostendat
548 765 662 794 oportet
682 771 699 786 ω
722 768 748 794 1,
773 770 788 789 2
811 768 903 798 oportet
922 765 962 800 os-

439 797 529 823 tendat

339 842 376 869 32
399 843 459 863 earn
477 843 570 864 tamen
591 850 608 864 ω
627 846 635 865 1
661 849 714 867 eam
727 848 811 869 tamen
822 850 882 870 tunc

361 882 372 901 1
397 875 473 912 quod
501 875 637 913 scriptum
661 878 694 907 fit
715 893 732 907 ω
758 890 774 908 2
795 893 872 918 quam
898 884 964 920 quod

427 916 558 952 scriptum
570 918 604 953 5st

357 963 372 990 3
395 954 513 992 deroget
533 969 551 983 ω
570 965 578 983 1
605 957 710 995 derogat

355 1003 371 1031 5
395 993 501 1022 necess'e
524 995 590 1024 effet
618 1009 635 1024 ω
659 1007 674 1025 2
703 1000 789 1037 neceffi
812 1001 865 1038 effi!
878 1003 956 1040 judi-

432 1047 492 1063 care

259 872 315 900 118

337 1081 371 1101 12
393 1076 474 1103 autfi
498 1088 515 1103 ω
534 1085 559 1110 1,
582 1087 598 1105 2
620 1085 667 1106 aut

336 1122 373 1150 14
394 1115 590 1144 confirmatum
612 1130 630 1144 ω
646 1128 661 1145 2
683 1121 832 1156 corfirmata

335 1161 369 1191 15
392 1163 441 1183 aut
457 1156 519 1184 aliis
540 1169 557 1184 ω
576 1166 585 1184 1
612 1161 700 1186 autin
714 1159 777 1187 aliis

329 1207 371 1214 ¹—
391 1203 560 1233 coarguetur
581 1209 598 1224 ta
615 1208 630 1225 2
653 1209 810 1237 coargualul'

332 1242 370 1269 30
391 1235 484 1272 quivis
499 1246 570 1273 puer
592 1251 608 1264 ω
628 1247 638 1265 ι
663 1241 767 1277 quisque
777 1248 842 1278 puer

331 1282 369 1310 34
390 1284 465 1303 nunc
493 1285 560 1304 vero
588 1279 665 1314 quod
694 1279 869 1318 intelligeret
894 1296 912 1311 ω
937 1293 947 1312 1

428 1326 493 1344 nunc
507 1327 570 1344 vero
586 1319 640 1345 idco
654 1319 805 1357 intelligeret

252 1359 307 1390 ¹¹9
351 1362 365 1390 3
390 1353 443 1382 hoc
465 1369 482 1383 ω
500 1366 509 1384 1
536 1358 563 1384 d.

347 1403 367 1430 4
390 1401 486 1424 tumne
506 1396 671 1427 accusaretis
692 1412 710 1426 ω
729 1409 738 1427 1
764 1408 854 1431 tuncne
873 1414 948 1432 accu-

418 1437 513 1472 stzrent

326 1487 367 1495 -—
388 1474 442 1504 hoc
459 1477 506 1505 lex
531 1477 668 1516 nusquam
691 1481 803 1519 excepit
824 1495 841 1510 ω
857 1492 872 1510 2
893 1484 949 1513 haec

425 1516 466 1544 lex
479 1518 600 1555 nusquam
613 1523 741 1557 cxcr'fisur

345 1563 362 1591 7
385 1565 419 1582 ne
435 1556 463 1584 in
480 1557 606 1586 sermone
627 1572 643 1586 ω
662 1569 676 1587 2
699 1571 774 1598 neque
788 1564 817 1589 in
822 1563 934 1597 ſsrmone

343 1604 361 1631 9
384 1594 505 1632 spectare
526 1610 544 1624 ω
563 1607 571 1624 1
597 1604 728 1635 cxpeaeffare

326 1642 361 1662 ιο
383 1635 433 1672 qui
448 1636 534 1665 verba
554 1650 572 1665 ω
589 1647 603 1666 2
626 1642 670 1676 qui
683 1650 713 1667 ea
727 1640 813 1668 verba

325 1682 334 1700 1
346 1683 356 1702 1
382 1683 416 1702 ex
433 1675 565 1705 utilitatis
587 1690 604 1704 ω
620 1687 635 1705 2
659 1682 686 1707 in
701 1679 826 1710 militarit

322 1721 332 1740 1
343 1723 358 1750 3
381 1722 430 1742 aut
443 1724 573 1753 oportere
594 1729 611 1744 ω
629 1726 638 1744 1
664 1720 689 1746 d.

323 1761 357 1791 ¹5
379 1763 442 1791 quae
460 1763 556 1784 tenues
571 1764 598 1784 et
606 1756 732 1786 obscurae
750 1768 823 1792 notae
837 1761 888 1791 fint
899 1776 916 1790 ω
929 1772 938 1790 1

410 1795 442 1831 fi
452 1795 564 1831 obscurae
576 1798 704 1835 notaefint

321 1840 356 1870 ¹9
378 1835 505 1871 etjudex
519 1835 543 1864 is
557 1836 687 1866 videatur
708 1851 726 1866 ω
745 1848 754 1867 1
772 1847 796 1868 et
809 1849 837 1869 ut
852 1843 942 1870 videa-

416 1883 462 1902 tur

319 1921 354 1940 22
377 1912 471 1952 legem
492 1928 510 1943 ω
527 1925 542 1944 2
563 1916 627 1955 Iege:

319 1952 357 1980 26
379 1963 393 1980 a
409 1954 513 1992 scripto
534 1970 551 1984 ω
563 1967 579 1985 2
599 1957 741 1996 abscripto

317 2001 354 2028 27
376 2001 441 2022 cum
456 1995 612 2025 adversario
632 2011 649 2026 ω
669 2008 678 2026 1
702 2001 732 2027 de
746 2001 900 2037 adversario

318 2041 353 2068 3²
376 2034 411 2062 ad
435 2035 488 2063 suae
510 2038 598 2065 causa:
619 2051 636 2065 ω
656 2047 664 2066 1
691 2043 818 2069 videatur
837 2051 883 2071 aut
903 2046 942 2072 ad

407 2077 470 2111 ficae
483 2085 566 2109 causae

334 2122 354 2149 4
375 2113 454 2143 illam
469 2115 528 2152 ejus
545 2117 601 2145 vim
624 2132 641 2146 ω
657 2128 674 2148 2
696 2119 769 2149 illius
784 2126 843 2150 vim

336 2163 349 2191 ς
373 2153 430 2183 loci
444 2164 538 2184 autem
554 2166 717 2188 communes
732 2163 815 2190 certis
830 2175 847 2191 ω
860 2172 870 2190 1
889 2165 937 2193 loci

413 2204 496 2224 aldlssm
510 2208 644 2227 “Ommunel
658 2209 745 2229 caetct‘l

332 2231 350 2261 6
372 2242 506 2271 praeterea
528 2238 588 2274 ejus
615 2239 665 2276 qui
688 2250 704 2267 a
729 2241 833 2280 scripto
858 2244 935 2274 dicet

410 2274 488 2313 leges
510 2289 527 2304 ω
545 2286 555 2304 1
576 2285 707 2315 pra-terea
727 2284 773 2318 qui
785 2294 804 2311 a
810 2285 911 2322 firipto
923 2297 932 2314 .·

411 2316 476 2343 dicet
491 2316 553 2354 leges

312 2361 349 2381 2ο
370 2353 487 2384 cubaret
507 2369 526 2383 u
545 2365 554 2384 1
579 2358 733 2388 accubat-ent

311 2401 344 2421 21
368 2395 479 2431 praemii
494 2396 559 2426 loco
579 2410 597 2426 ω
616 2407 644 2434 1,
667 2409 683 2429 2
704 2403 733 2430 in
742 2406 850 2440 praemii
862 2403 912 2434 loco

238 2119 294 2141 120

1046 298 1075 326 p.
1118 289 1137 317 l.

1031 336 1086 356 120
1110 338 1148 366 ²4
1168 334 1335 363 contrariam
1352 336 1492 369 infirmare
1513 355 1530 369 ω
1548 351 1557 371 1

1207 376 1274 401 riam
1288 377 1419 412 itfirmare

1108 419 1144 445 27
1168 410 1220 438 hoc
1236 413 1272 440 est
1293 428 1310 442 ω
1327 425 1342 443 2
1365 419 1391 445 d.

1104 463 1144 470 ·—
1165 451 1200 478 ad
1218 452 1352 487 utiliores,
1369 457 1403 484 ad
1419 456 1598 497 honestiores,
1619 473 1652 493 ac
1668 475 1727 495 ma-

1203 491 1249 529 gis
1272 495 1431 524 necessarias
1455 509 1497 527 res
1519 514 1536 528 ω
1555 512 1563 530 1
1590 506 1629 532 ad
1639 506 1729 534 utilio·

1204 542 1253 564 res,
1274 534 1430 570 stepen-iores,
1452 539 1610 577 honestior-er,
1645 550 1729 584 magis

1205 574 1352 609 neseffirias
1366 586 1406 602 res

1104 619 1140 647 ²9
1163 609 1181 637 fi
1198 611 1293 648 plures
1315 627 1332 641 ω
1347 625 1364 643 2
1377 616 1502 653 fiplures
1513 629 1587 648 erunt

1104 658 1141 686 30
1164 651 1352 682 conservanda
1373 668 1389 682 ω
1409 665 1418 682 1
1444 660 1617 695 confirmanda

1024 696 1074 715 121
1125 698 1134 716 1
1161 700 1224 727 quae
1248 691 1460 730 diligentiffime
1486 697 1577 728 saneta
1601 702 1638 730 est
1667 717 1684 732 ω
1708 715 1723 733 2

1199 742 1258 768 quae
1271 734 1462 771 diligentiffi'ma
1475 746 1498 765 et
1505 740 1603 773 ‚sam‘la
1616 745 1651 779 qfi‘

1120 777 1137 809 7
1159 771 1274 808 propius
1297 785 1314 800 ω
1329 783 1345 801 2
1362 779 1490 811 promtius

1117 818 1136 846 9
1158 817 1252 838 utrum
1267 811 1370 842 habeat
1391 828 1408 842 ω
1427 826 1434 844 1
1460 826 1483 845 et
1499 827 1584 849 utrum
1597 822 1692 853 babeat

1101 857 1134 887 13
1158 859 1215 886 quo
1230 851 1347 880 sanetius
1369 867 1386 881 ω
1405 864 1413 883 1
1440 858 1588 894 etfhnfflus

1101 896 1137 925 14
1158 889 1244 926 ipsam
1268 904 1284 919 ω
1301 902 1317 920 2
1339 894 1419 930 ipstm

1098 938 1135 965 ²4
1157 931 1320 966 pervenitur
1340 947 1358 961 ω
1378 943 1385 961 1
1413 939 1520 966 venitur

1098 977 1132 1005 ²3
1155 971 1365 1010 gentiliumque
1387 987 1404 1002 ω
1423 985 1432 1003 1
1457 980 1626 1016 etgentilium

1096 1017 1132 1043 27
1154 1010 1202 1037 sua
1223 1023 1240 1037 ω
1257 1020 1272 1039 2
1294 1014 1322 1040 d.

1093 1062 1133 1069 —
1153 1048 1282 1079 intestato
1303 1065 1319 1079 ω
1335 1063 1351 1082 2
1373 1057 1505 1094 intestatus

1094 1097 1131 1125 29
1153 1089 1178 1116 ei
1194 1090 1285 1119 statim
1308 1106 1325 1120 ω
1344 1103 1369 1126 1,
1393 1107 1407 1124 2
1429 1100 1554 1135 etstatim

1094 1137 1131 1165 30
1153 1128 1266 1158 inducta
1281 1131 1343 1161 sunt
1365 1148 1382 1162 ω
1402 1145 1410 1163 1
1436 1140 1609 1176 ἰηιίὶέῖαβιητ

1093 1176 1129 1204 32
1152 1169 1248 1198 culeus
1264 1171 1292 1199 in
1307 1182 1391 1210 quem
1407 1178 1546 1215 conjectus
1561 1194 1579 1208 ω
1596 1191 1606 1210 1
1624 1183 1716 1214 culleus

1190 1212 1218 1238 in
1233 1222 1303 1249 quem
1312 1217 1440 1252 projeHus

1110 1257 1127 1285 9
1150 1257 1243 1278 autem
1265 1265 1282 1279 ω
1300 1263 1315 1280 2
1337 1255 1381 1284 hic

1091 1297 1127 1316 10
1149 1289 1245 1327 scripti
1265 1304 1282 1319 ω
1302 1301 1310 1320 1
1336 1295 1363 1323 d.

1091 1337 1127 1364 ¹4
1148 1332 1362 1366 percontatione
1383 1349 1400 1363 ω
1415 1346 1431 1364 2
1448 1345 1497 1375 per
1510 1345 1687 1374 contentionem

1089 1376 1121 1395 21
1144 1369 1302 1405 juridiciali
1325 1386 1342 1400 ω
1360 1384 1386 1409 1,
1403 1386 1419 1404 2
1441 1379 1468 1408 d.

1088 1407 1126 1435 26
1148 1409 1263 1438 affertur
1284 1425 1301 1439 ω
1318 1422 1342 1447 1,
1367 1425 1382 1443 2
1404 1418 1527 1454 afflretur

1088 1456 1124 1483 30
1145 1449 1410 1483 ratiocinationibus
1432 1470 1449 1484 ω
1466 1468 1479 1486 2
1501 1463 1647 1491 rationibus

1086 1496 1122 1524 3²
1143 1490 1298 1525 periclitari
1327 1496 1423 1524 omnia
1445 1498 1604 1534 jura—
1620 1503 1711 1535 smu'le

1184 1530 1236 1557 eii'e
1251 1531 1388 1562 videatur.
1412 1537 1515 1567 Multis
1531 1541 1708 1574 dissimilibus

1182 1583 1264 1591 ——
1278 1571 1420 1603 diffimilia
1444 1578 1624 1609 demonstrari
1645 1597 1663 1611 ω
1689 1595 1705 1613 2

1182 1609 1268 1637 multis
1293 1613 1322 1640 de
1334 1614 1467 1650 similibus
1479 1632 1560 1642 ῃ
1574 1623 1709 1658 dffmilia

1180 1651 1355 1688 demorgstrari.
1373 1657 1524 1692 periclitari
1525 1662 1597 1695 jura
1620 1667 1706 1692 omnia

1264 1692 1351 1728 simile
1363 1697 1406 1731 gffl'·
1418 1699 1545 1727 videatur

1101 1737 1119 1765 9
1142 1728 1188 1756 lex
1210 1742 1227 1756 ω
1246 1739 1271 1764 1,
1295 1741 1310 1759 2
1331 1732 1422 1773 lexest

1083 1776 1092 1794 1
1103 1776 1117 1794 2
1139 1776 1168 1796 et
1182 1778 1278 1798 eorum
1301 1785 1318 1799 ω
1335 1783 1349 1801 2
1371 1784 1394 1802 at
1409 1787 1463 1805 cum
1475 1788 1558 1807 eorum

1082 1815 1118 1842 14
1138 1808 1173 1836 ad
1190 1809 1215 1836 se
1236 1823 1253 1837 ω
1270 1821 1284 1838 2
1307 1814 1401 1849 adsest

1080 1848 1116 1874 28
1137 1847 1234 1878 iisdem
1249 1859 1344 1880 autem
1359 1864 1394 1883 ex
1409 1855 1477 1886 locis
1492 1872 1509 1886 ω
1527 1868 1537 1888 1
1556 1861 1642 1897 iisdem
1655 1864 1700 1893 hoc

1177 1900 1208 1916 tx
1223 1889 1282 1919 locis

1078 1936 1117 1964 34
1138 1929 1254 1965 quidem
1276 1945 1294 1959 ω
1313 1942 1323 1960 1
1348 1936 1375 1962 d.

999 1975 1055 2003 124
1098 1977 1113 1995 2
1137 1969 1282 1999 Aristoteli
1303 1986 1320 2000 ω
1337 1984 1351 2000 z
1373 1984 1401 2003 ur
1415 1979 1539 2014 aristoteli

1094 2015 1115 2044 4
1135 2016 1227 2036 autem
1251 2023 1267 2037 ω
1286 2021 1311 2045 1,
1336 2024 1351 2040 2
1373 2017 1400 2043 d.

1073 2062 1113 2069 —
1134 2057 1219 2086 quare
1234 2050 1263 2078 in
1278 2052 1332 2081 hoc
1347 2064 1461 2093 quoque
1483 2068 1585 2096 genere
1608 2063 1698 2092 causae

1173 2090 1300 2126 quaedam
1325 2106 1341 2120 ω
1360 2103 1368 2121 1
1395 2107 1473 2133 quare
1487 2099 1530 2126 hoc
1543 2112 1635 2139 quoque
1647 2113 1696 2139 ge·

1171 2141 1228 2157 nere
1248 2134 1332 2168 causae
1349 2137 1449 2171 scilicet
1462 2138 1657 2177 demorfstrativo
1670 2153 1695 2172 et

1170 2170 1341 2201 deliberativo
1356 2178 1474 2212 quaedam

1093 2208 1110 2237 6
1132 2217 1245 2239 omnem
1257 2213 1395 2242 rationem
1417 2230 1434 2243 ω
1454 2226 1463 2244 1
1488 2223 1626 2250 orationem
1646 2236 1662 2251 υ
1675 2234 1692 2253 2

1168 2262 1258 2279 omnem
1272 2259 1407 2283 oraliomm

1089 2297 1107 2325 7
1130 2291 1343 2330 uniuscujusque
1352 2296 1581 2328 constitutioniso
1592 2305 1692 2331 zum'us

1169 2334 1349 2368 conjiitutionis
1363 2338 1478 2374 (vasque

1087 2378 1106 2406 9
1128 2369 1226 2399 flerent
1247 2385 1264 2399 ω
1281 2381 1291 2400 1
1317 2375 1339 2400 d

1071 2417 1106 2445 ¹4
1126 2408 1254 2444 scientia,
1284 2413 1386 2442 veritas
1420 2417 1467 2445 est.
1503 2417 1592 2447 Aliud
1622 2432 1640 2449 ω
1668 2433 1685 2452 2

1158 2451 1271 2488 scientia
1284 2464 1316 2487 ac
1331 2458 1442 2486 veritas.
1464 2459 1498 2496 est
1510 2457 1589 2487 aliud

1582 352 1606 373 t!
1627 355 1730 376 comra-

1013 1255 1067 1281 122

1004 1735 1057 1763 123
