2176 2912
598 138 917 182 LIBER
991 133 1567 173 SECUNDUS.
1717 145 1793 185 275

437 239 525 289 Jam
544 232 786 286 vituperandi
805 236 993 283 praecepta
1014 225 1213 265 contrariis
1230 238 1277 262 ex
1298 224 1402 262 vitiis
1419 224 1601 262 sumenda
1616 223 1687 262 esse
1704 238 1791 277 per-

391 304 569 357 spicuum
588 300 653 338 est.
685 297 810 337 Simul
830 295 883 333 est
902 294 1000 332 illud
1017 302 1105 331 ante
1124 292 1272 336 oculos,
1295 304 1364 329 nec
1384 291 1534 328 bonum
1553 290 1681 328 virum
1702 304 1792 342 pro-

393 369 474 422 prie
494 376 530 405 et
551 365 699 418 copiose
729 362 874 401 laudari
904 360 980 398 fine
1009 360 1215 403 virtutum,
1247 370 1316 395 nec
1346 356 1572 408 improbum
1602 355 1724 393 notari
1753 367 1794 391 ac

392 433 597 485 vituperari
628 431 704 469 sine
734 429 933 471 vitiorum,
965 425 1202 478 cognitione,
1233 423 1318 461 satis
1339 422 1518 474 insignite
1537 430 1651 472 atque
1670 420 1796 472 aspere

393 499 508 552 posse.
552 500 684 550 Atque
703 495 764 534 his
784 494 879 533 locis
900 502 938 530 et
958 491 1151 536 laudandi,
1181 499 1220 528 et
1239 487 1480 541 vituperandi
1499 487 1593 540 saepe
1617 486 1727 523 nobis
1746 484 1797 522 est

394 565 584 603 utendum
606 564 646 600 in
667 562 777 601 omni
796 573 930 613 genere
950 557 1161 596 causarum.

451 632 630 674 Habetis,
660 630 706 667 de
725 626 963 666 inveniendis
983 624 1111 668 rebus,
1143 620 1476 675 disponendisque,
1508 617 1603 671 quid
1622 617 1797 655 sentiam.

395 699 622 751 Adjungam
654 697 771 734 etiam
791 694 837 732 de
858 692 1057 736 memoria,
1089 699 1132 728 ut
1161 689 1290 727 labore
1312 686 1487 726 Crassum
1507 685 1645 729 levem,
1676 694 1801 733 neque

397 766 433 803 ei
453 764 668 817 quidquam
702 761 819 805 aliud,
850 759 896 797 de
930 771 1008 811 quo
1035 756 1196 802 disserat,
1228 755 1460 806 relinquam,
1493 751 1562 790 nisi
1582 764 1637 796 ea,
1658 748 1800 803 quibus

399 830 482 869 haec
501 838 748 868 exornentur.
879 855 885 862 .

453 895 685 935 LXXXVI.
717 894 837 945 Perge
851 904 954 935 vero,
975 889 1105 941 inquit
1121 887 1284 926 Crassus.
1324 885 1509 924 Libenter
1523 883 1629 922 enim
1649 890 1687 919 te
1706 893 1801 933 cog-

400 963 531 1001 nitum
551 962 635 1014 jam
655 959 858 1004 artificem,
880 955 1162 1009 aliquandoque
1192 953 1392 991 evolutum
1415 950 1492 988 illis
1526 946 1803 1001 integumentis

401 1027 711 1067 dissimulationis
730 1035 818 1071 tuae,
840 1024 1106 1075 nudatumque
1133 1020 1318 1074 perspicio
1332 1038 1343 1064 3
1375 1027 1426 1062 et,
1445 1016 1551 1070 quod
1568 1013 1668 1053 mihi
1689 1011 1803 1056 nihil,

402 1104 468 1133 aut
485 1094 591 1146 quod
611 1107 688 1132 non
709 1093 882 1131 multum
903 1090 1103 1142 relinquis,
1124 1085 1399 1142 percommode
1419 1083 1527 1128 facis,
1558 1081 1687 1133 estque
1708 1077 1808 1118 mihi

403 1171 573 1215 gratum.
605 1161 694 1212 Jam
707 1159 802 1197 istuc
815 1166 1005 1211 quantum
1021 1157 1095 1194 tibi
1110 1169 1181 1208 ego
1194 1154 1432 1207 reliquerim,
1453 1150 1581 1202 inquit
1594 1146 1807 1190 Antonius,

404 1229 476 1266 erit
506 1228 547 1266 in
579 1237 644 1265 tua
674 1225 870 1279 potestate.
931 1224 968 1261 Si
988 1223 1093 1260 enim
1123 1235 1209 1259 vere
1229 1233 1337 1273 agere
1370 1217 1549 1260 volueris,
1585 1213 1717 1253 omnia
1736 1211 1809 1250 tibi

406 1294 597 1346 relinquo.
639 1294 705 1331 Sin
724 1291 968 1334 dissimulare,
991 1298 1048 1333 tu,
1079 1286 1411 1340 quemadmodum
1432 1282 1493 1321 his
1513 1280 1728 1324 satisfacias,
1749 1277 1808 1316 vi-

407 1361 529 1399 deris.>
545 1360 630 1405 Sed,
648 1369 691 1397 ut
710 1359 755 1397 ad
774 1372 855 1396 rem
875 1357 1040 1401 redeam,
1059 1369 1135 1394 non
1152 1355 1236 1393 sum
1255 1362 1360 1391 tanto
1376 1364 1462 1404 ego,
1479 1348 1622 1401 inquit,
1639 1345 1809 1398 ingenio,

407 1436 552 1480 quanto
580 1425 863 1465 Themistocles
884 1423 973 1468 fuit,
1006 1431 1049 1461 ut
1068 1421 1275 1459 oblivionis
1296 1427 1430 1462 artem,
1459 1429 1577 1468 quam
1598 1411 1810 1455 memoriae,

409 1494 546 1533 malim
561 1512 573 1538 ;
605 1493 844 1546 gratiamque
862 1490 985 1528 habeo
1006 1487 1198 1527 Simonidi
1217 1487 1276 1523 illi
1298 1486 1391 1528 Ceo,
1422 1496 1541 1535 quem
1563 1481 1735 1533 primum
1752 1477 1811 1515 fe-

409 1569 500 1599 runt
530 1569 650 1597 artem
685 1557 883 1596 memoriae
917 1552 1126 1608 protulisse.
1186 1552 1337 1590 Dicunt
1373 1549 1493 1592 enim,
1528 1560 1620 1584 cum
1646 1551 1815 1582 coenaret

411 1629 616 1665 Crannone
636 1627 675 1664 in
697 1624 891 1663 Thessalia
911 1621 1124 1660 Simonides
1145 1619 1246 1672 apud
1268 1621 1444 1670 Scopam,
1466 1614 1708 1652 fortunatum
1738 1611 1813 1649 ho—

404 1694 560 1731 minem
580 1702 618 1730 et
637 1692 826 1735 nobilem,
854 1687 1124 1738 cecinissetque
1146 1685 1185 1724 id
1206 1698 1375 1728 carmen,
1398 1681 1503 1735 quod
1522 1681 1561 1718 in
1583 1693 1674 1717 eum
1695 1677 1814 1729 scrip—

414 1758 523 1803 slffet,
557 1758 595 1794 in
617 1771 694 1809 quo
715 1757 839 1794 multa
858 1753 1017 1793 ornandi
1044 1752 1151 1790 causa
1177 1761 1376 1803 poetarum
1409 1761 1515 1786 more
1546 1747 1586 1784 in
1619 1744 1815 1785 Castorem

415 1824 552 1877 scripta
571 1833 608 1860 et
630 1823 831 1861 Pollucem
847 1819 1014 1863 fuissent,
1033 1818 1150 1856 nimis
1171 1817 1285 1854 illum
1302 1815 1448 1853 sordide
1462 1811 1652 1852 Simonidi
1668 1808 1814 1852 dixisse,

416 1891 451 1929 se
481 1889 690 1928 dimidium
720 1888 800 1940 ejus
821 1887 870 1931 ei,
902 1885 1006 1938 quod
1026 1885 1156 1937 pastus
1177 1882 1278 1926 esset,
1310 1895 1378 1934 pro
1399 1881 1467 1918 illo
1487 1878 1671 1922 carmine,
1703 1876 1816 1913 datu-

417 1970 528 1994 rum:
561 1954 754 2006 reliquum
787 1967 806 1990 a
826 1952 899 1990 suis
921 1949 1169 2002 Tyndaridis,
1203 1961 1298 1999 quos
1319 1959 1423 1997 aeque
1445 1943 1635 1986 laudasset,
1657 1950 1816 1994 peteret,

416 2024 443 2062 fi
477 2023 511 2060 ei
538 2022 740 2060 videretur.
792 2019 911 2058 Paulo
942 2018 1024 2071 post
1054 2016 1124 2054 effe
1144 2015 1275 2052 ferunt
1295 2013 1516 2051 nuntiatum
1539 2008 1742 2052 Simonidi,
1777 2016 1817 2044 ut

417 2089 601 2142 prodiret,
626 2089 784 2139 juvenes
805 2085 898 2123 stare
917 2084 1135 2136 adjanuam
1156 2081 1251 2118 duos
1271 2078 1469 2132 quosdam,
1506 2077 1573 2128 qui
1595 2088 1685 2112 eum
1707 2086 1817 2124 niag-

420 2168 558 2207 nopere
592 2162 791 2191 evocarent
809 2167 817 2189 ε
850 2149 1042 2189 surrexisse
1073 2148 1202 2192 illum,
1236 2144 1409 2199 prodisse,
1445 2141 1574 2180 vidisse
1603 2140 1816 2178 neminem

421 2220 512 2257 Hoc
533 2219 689 2256 interim
710 2217 827 2270 spatio
845 2216 1023 2255 conclave
1044 2213 1156 2258 illud,
1188 2212 1255 2250 ubi
1275 2210 1491 2263 epularetur
1512 2210 1663 2259 Scopas,
1686 2203 1819 2242 conci—

421 2284 535 2323 disse:
567 2298 608 2321 ea
628 2285 736 2322 ruina
754 2283 881 2336 ipsum
901 2281 1118 2335 oppressum
1143 2293 1234 2318 cum
1256 2278 1330 2316 suis
1351 2275 1544 2316 interiisse,
1598 2274 1709 2325 Qos
1729 2283 1818 2307 cum

422 2350 582 2389 humare
602 2350 742 2387 vellent
767 2350 836 2393 sui,
867 2362 990 2401 neque
1012 2347 1157 2401 possent
1176 2345 1338 2384 obtritos
1359 2341 1611 2382 internoscere
1632 2338 1712 2376 ullo
1732 2348 1820 2373 mo-

424 2417 474 2454 do
491 2435 501 2460 ;
535 2415 748 2454 Simonides
769 2415 911 2454 dicitur
933 2429 979 2453 ex
1000 2428 1045 2452 eo
1065 2412 1169 2465 quod
1193 2409 1440 2451 meminisset,
1476 2420 1553 2459 quo
1574 2417 1705 2442 eorum
1736 2401 1822 2438 loco

425 2482 586 2535 quisque
615 2480 816 2527 cubuisset,
847 2480 1124 2520 demonstrator
1143 2475 1438 2528 uniuscujusque
1464 2470 1668 2526 sepeliendi
1698 2465 1822 2506 fuisse.

1251 2543 1299 2581 M
1322 2556 1362 2581 m
1395 2553 1415 2578 2
