2176 2912
490 114 810 156 LIBER
883 110 1459 152 SECUNDUS.
1602 125 1678 167 253

285 211 331 256 is,
363 212 431 263 qui
450 209 661 263 appellatur
681 207 806 251 dicax,
843 204 918 243 hoc
938 217 1074 257 genere
1093 203 1264 243 maxime
1282 204 1438 242 excellit
1453 222 1465 250 ς
1496 204 1557 242 sed
1588 205 1682 244 risus

285 286 445 316 movent
465 276 537 313 alia
555 275 729 326 majores.
777 272 1026 324 Ambiguum
1048 283 1114 324 per
1133 270 1294 324 seipsum
1322 270 1504 323 probatur
1532 271 1572 308 id
1592 273 1682 324 qui-

285 343 387 387 dem,
409 351 452 379 ut
466 350 553 379 ante
572 340 667 384 dixi,
680 338 740 377 vel
760 338 929 376 maxime
946 352 954 375 :
977 336 1163 390 ingeniofi
1175 337 1282 374 enim
1296 335 1461 380 videtur,
1480 336 1559 373 vim
1577 337 1683 375 verbi

284 409 325 447 in
345 408 462 453 aliud,
483 417 598 459 atque
617 405 744 444 caeteri
764 405 968 457 accipiant,
990 402 1090 455 posse
1109 402 1247 441 ducere
1265 417 1273 441 z
1306 401 1368 440 sed
1388 402 1684 441 admirationem

284 475 421 527 magis,
451 487 570 527 quam
595 472 714 510 risum
735 480 879 516 movet,
911 470 978 508 nifi
999 469 1026 508 fi
1045 465 1200 522 quando
1221 468 1359 507 incidit
1378 468 1418 508 in
1438 467 1542 506 aliud
1561 482 1682 521 genus

284 540 452 580 ridiculi.

341 607 493 646 LXIII.
526 606 624 657 Qae
642 617 779 657 genera
798 615 1016 656 percurram
1035 602 1217 654 equidem
1235 616 1244 640 :
1276 601 1338 639 sed
1355 600 1457 639 scitis
1477 599 1547 638 effe
1562 600 1684 638 notis-

284 673 426 711 fimum
447 671 601 710 ridiculi
625 683 759 723 genus,
776 683 869 707 cum
889 668 993 707 aliud
1012 670 1268 721 expectamus,
1290 667 1395 705 aliud
1415 667 1569 705 dicitur.
1603 667 1684 704 Hic

287 738 565 790 nobismetipsis
597 737 720 775 noster
740 749 841 774 error
861 735 979 773 risum
1003 744 1146 773 movet.
1194 733 1312 785 Qod
1346 734 1372 771 fi
1393 733 1612 771 admixtum
1632 732 1686 770 est

284 806 402 844 etiam
422 805 665 856 ambiguum,
697 801 741 839 fit
760 793 883 839 salsius
898 819 908 845 3
942 810 985 838 ut
999 800 1100 852 apud
1116 801 1299 838 Naevium
1316 800 1467 837 videtur
1483 799 1553 837 effe
1569 798 1684 836 mise-

285 872 402 909 ricors
424 870 502 914 ille,
534 869 602 920 qui
616 868 843 920 judicatum‘
857 866 946 904 duci
967 866 1112 910 videns,
1134 874 1379 918 percontatur
1398 866 1464 909 ita,

422 935 565 988 anti
580 933 740 973 addzft'us
754 934 773 972 ?
803 933 894 971 mille
912 933 1102 971 nummzim.

285 1004 325 1042 Si
344 1001 540 1040 addidiffet
560 1000 845 1044 tantummodo,
874 1000 1005 1038 Ducas
1023 999 1127 1036 licet:
1160 998 1248 1037 effet
1268 997 1365 1036 illud
1393 1010 1512 1050 genus
1534 996 1687 1035 ridiculi

285 1078 418 1122 praeter
436 1067 764 1120 expediationem:
797 1066 858 1103 sed
878 1066 968 1117 quia
987 1064 1147 1110 addidit,

423 1133 535 1172 Nihil
548 1131 648 1176 addo,
679 1131 786 1169 ducas
804 1132 885 1169 licet
898 1146 912 1169 .·

285 1200 415 1238 addito
435 1199 633 1250 ambiguo,
651 1197 767 1236 altero
783 1210 920 1249 genere
936 1197 1102 1242 ridiculi,
1125 1196 1214 1241 fuit,
1229 1206 1272 1234 ut
1285 1194 1385 1234 mihi
1400 1195 1559 1248 quidem
1578 1194 1685 1233 vide-

286 1278 363 1312 tur,
386 1266 610 1305 salfiffimus.
644 1265 734 1302 Hoc
755 1273 839 1301 tum
857 1263 909 1301 est
929 1263 1247 1307 venustiffimum,
1266 1276 1359 1300 cum
1377 1263 1417 1299 in
1443 1262 1687 1299 altercatione

286 1335 465 1386 arripitur
477 1332 522 1370 ab
539 1331 744 1369 adversario
758 1330 931 1374 verbum,
946 1339 982 1367 et
1000 1343 1046 1367 ex
1059 1343 1116 1373 eo,
1135 1339 1176 1367 ut
1193 1343 1213 1367 a
1230 1328 1370 1367 Catulo
1384 1329 1422 1365 in
1439 1326 1683 1379 Philippum,

285 1400 326 1438 in
347 1412 437 1437 eum
457 1397 583 1450 ipsum
604 1396 763 1448 aliquid,
796 1397 863 1447 qui
882 1394 1075 1440 laceffivit,
1103 1395 1304 1447 infligitur.
1366 1393 1435 1431 Sed
1455 1407 1548 1430 cum
1577 1393 1687 1444 plura

286 1467 360 1504 fint
393 1464 566 1516 ambigui
599 1477 750 1515 genera,
781 1462 827 1499 de
859 1462 998 1513 quibus
1026 1461 1077 1498 est
1109 1461 1279 1498 doetrina
1298 1458 1473 1511 quaedam
1494 1458 1683 1503 subtilior,

285 1532 475 1570 attendere
510 1540 547 1568 et
581 1529 759 1581 aucupari
792 1527 904 1565 verba
923 1527 1142 1579 oportebit:
1176 1527 1215 1564 in
1236 1539 1326 1578 quo,
1357 1534 1398 1562 ut
1418 1538 1474 1568 ea,
1505 1538 1588 1576 quae
1615 1524 1688 1562 sint

287 1597 496 1650 frigidiora,
519 1596 699 1639 vitemus,
734 1594 896 1645 (etenim
917 1593 1128 1630 cavendum
1149 1593 1214 1637 est,
1236 1606 1282 1629 ne
1303 1590 1517 1628 arcefiitum
1537 1590 1687 1628 dietum

286 1664 459 1715 putetur)
491 1661 683 1714 permulta
703 1670 830 1698 tamen
851 1668 960 1697 acute
982 1659 1168 1696 dicemus.

345 1728 524 1767 Alterum
545 1740 664 1778 genus
685 1725 749 1769 est,
772 1725 876 1777 quod
904 1723 1018 1761 habet
1049 1737 1202 1775 parvam
1222 1723 1326 1761 verbi
1354 1721 1684 1765 immutationem,

287 1795 391 1847 quod
413 1794 452 1831 in
479 1794 586 1830 litera
606 1792 785 1844 positum,
813 1791 940 1827 Graeci
961 1800 1097 1827 vocant
1117 1784 1355 1840 mpovofaeoeoiou,
1384 1798 1427 1826 ut
1457 1787 1685 1832 Nobiliorem,

288 1861 494 1899 mobiliorem
511 1860 609 1896 Cato
625 1874 632 1895 :
666 1867 729 1895 aut
747 1866 788 1894 ut
805 1857 922 1900 idem,
944 1870 1035 1894 cum
1051 1855 1204 1893 cuidam
1226 1854 1386 1899 dixisset,
1410 1855 1546 1892 Eamus
1565 1853 1683 1891 deam-

287 1927 446 1965 bulatum
460 1942 472 1963 :
505 1935 542 1962 et
562 1925 640 1968 ille,
672 1922 772 1975 Qtid
786 1933 869 1975 opus
873 1923 959 1975 filit
981 1922 1066 1960 DE?
1087 1923 1194 1960 Immo
1215 1935 1313 1964 vero,
1338 1920 1478 1971 inquit,
1501 1918 1588 1972 quid
1601 1928 1685 1971 opus

281 1994 359 2041 filit
379 1993 445 2031 te?
476 2001 540 2029 aut
559 1991 728 2043 ejusdem
749 1989 936 2042 responsio
963 1988 1040 2033 illa,
1074 1988 1116 2026 Si
1134 1997 1175 2026 tu
1203 1996 1237 2025 et
1265 1985 1448 2040 advetsus,
1485 1995 1519 2024 et
1538 1984 1686 2039 αυεςχέις

286 2058 479 2112 impudicus
496 2074 540 2096 es.

348 2124 478 2161 Etiam
500 2122 759 2174 interpretatio
779 2120 947 2159 nominis
969 2119 1082 2159 habet
1102 2132 1276 2163 acumen,
1295 2131 1387 2155 cum
1408 2117 1453 2154 ad
1473 2116 1682 2155 ridiculum

287 2198 497 2232 convertaS,
538 2187 790 2238 quamobrem
821 2186 874 2223 ita
903 2186 989 2238 quis
1009 2194 1192 2228 vocetur;
1226 2193 1267 2221 ut
1291 2196 1362 2235 ego
1382 2195 1516 2234 nuper,
1549 2182 1682 2220 Num-

289 2254 416 2292 mium
429 2252 645 2296 divisorem,
661 2261 703 2289 ut
719 2252 1026 2304 Neoptolemum
1039 2251 1086 2288 ad
1103 2250 1279 2303 Trojam,
1297 2249 1345 2287 fic
1359 2248 1474 2286 illum
1491 2249 1530 2286 in
1546 2259 1684 2300 campo

289 2320 450 2363 Marno,
472 2332 613 2356 nomeu
634 2317 825 2356 inveniffe.

345 2384 493 2423 LXIV.
518 2385 647 2434 Atque
667 2382 747 2422 haec
768 2383 899 2422 omnia
918 2383 1034 2421 verbo
1051 2382 1310 2419 continentur.
1345 2381 1446 2432 Saepe
1466 2380 1582 2416 etiam
1598 2390 1681 2414 ver-

289 2451 347 2490 sus
370 2449 488 2488 facete
505 2449 774 2502 interponitur,
806 2448 863 2488 vel
885 2458 927 2487 ut
947 2448 1012 2494 est,
1043 2447 1101 2486 vel
1123 2446 1326 2500 paululum
1345 2446 1588 2488 immutatus,
1619 2450 1683 2480 aut
