2176 2912
896 226 1122 278 [131]

957 449 1065 484 DE

421 611 494 686 o
603 611 676 684 R
775 611 854 685 A
945 609 1035 684 T
1142 610 1397 722 oR
1505 612 1603 712 E,

488 841 592 879 AD
679 820 1536 902 Q-Fiz2122‘1*1{13M²

591 1037 913 1076 LIBER
996 1037 1413 1077 PRIMUS.

310 1257 341 1293 1,
498 1246 534 1284 O
550 1246 588 1284 G
604 1245 718 1284 ITA
731 1245 773 1283 N
787 1247 824 1283 T
840 1245 857 1283 I
887 1243 988 1283 mihi
1015 1245 1287 1297 saepenumerO,
1318 1256 1357 1285 et
1383 1248 1570 1286 memoria
1590 1257 1714 1286 vetera

356 1249 482 1384 C
512 1311 713 1364 repetenti,
745 1311 914 1364 perbeati
934 1310 1057 1355 fuiffe,
1091 1313 1241 1363 Qinte
1262 1311 1390 1357 frater,
1421 1313 1480 1351 illi
1512 1313 1632 1352 videri
1654 1314 1713 1351 so-

513 1378 607 1423 lent,
626 1378 694 1430 qui
717 1379 755 1415 in
776 1378 924 1430 optIma
944 1377 1154 1430 republica,
1177 1392 1269 1417 cum
1289 1387 1326 1416 et
1346 1377 1571 1424 honoribus,
1594 1388 1632 1417 et
1652 1393 1713 1417 re-

310 1457 398 1483 rum
428 1443 619 1497 gestarum
639 1444 760 1496 gloria
791 1443 983 1488 florerent,
1014 1457 1106 1481 eum
1126 1444 1212 1482 vitae
1232 1444 1387 1482 cursum
1418 1453 1544 1483 tenere
1574 1454 1714 1498 potue-

309 1520 412 1555 runt,
445 1519 487 1547 ut
508 1510 567 1547 vel
599 1510 639 1547 in
661 1509 817 1562 negotio
838 1509 913 1547 fine
933 1509 1120 1562 periculo,
1152 1510 1211 1547 vel
1232 1510 1272 1546 in
1292 1510 1373 1548 otio
1399 1524 1492 1548 cum
1512 1510 1713 1562 dignitate,

308 1576 379 1614 effe
399 1576 559 1629 poss‘ent.
620 1578 679 1614 Ac
710 1575 787 1613 fuit
818 1585 970 1628 tempus
992 1575 1104 1620 illud,
1135 1589 1228 1613 cum
1248 1575 1348 1614 mihi
1369 1590 1524 1629 quoque
1555 1577 1716 1615 initium

309 1642 586 1695 requiescendi,
603 1651 718 1694 atque
739 1642 915 1679 animum
933 1641 979 1679 ad
999 1641 1196 1693 utriusque
1213 1641 1384 1680 nostrum
1400 1642 1577 1694 praeclara
1596 1642 1718 1681 studia

310 1707 498 1746 referendi
518 1707 600 1746 fore
629 1707 793 1760 justum,
824 1717 861 1745 et
890 1721 1007 1761 prope
1037 1708 1084 1746 ab
1104 1708 1287 1746 omnibus
1314 1707 1533 1746 concessum
1553 1709 1714 1746 arbitra-

310 1787 381 1818 rer,
412 1775 438 1812 fi
470 1774 643 1812 infinitus
665 1773 872 1812 forenfium
894 1788 1022 1812 rerum
1042 1774 1162 1819 labor,
1192 1783 1230 1811 et
1250 1774 1474 1812 ambitionis
1494 1775 1713 1827 occupatio,

310 1839 470 1877 decursu
491 1839 700 1884 honorum,
731 1840 848 1877 etiam
869 1840 988 1877 aetatis
1009 1839 1125 1884 flexu,
1157 1839 1392 1878 constitisset.
1454 1840 1583 1891 Qam
1612 1840 1716 1892 spem

310 1905 593 1957 cogitationum
614 1914 651 1942 et
680 1905 927 1942 consiliorum
956 1918 1145 1949 meorum,
1178 1919 1269 1942 cum
1290 1919 1418 1957 graves
1440 1907 1715 1945 communium

313 1982 548 2024 temporum,
584 1980 668 2009 tum
700 1971 789 2008 varii
818 1971 932 2009 nostri
960 1971 1064 2009 casus
1096 1970 1330 2010 fefellerunt.
1391 1972 1497 2010 Nam
1519 1973 1586 2024 qui
1607 1972 1715 2011 locus

311 2038 451 2090 quietis
472 2048 509 2074 et
531 2037 816 2089 tranquillitatis
836 2037 1071 2090 pleniffimus
1093 2036 1173 2074 fore
1190 2037 1401 2082 videbatur,
1421 2038 1459 2075 in
1477 2051 1521 2075 eo
1539 2039 1716 2077 maximae

312 2104 431 2142 moles
464 2103 738 2149 molestiarum,
770 2114 807 2141 et
839 2104 1172 2141 turbulentiffimae
1205 2104 1444 2156 tempestates
1475 2104 1713 2143 exstiterunt.

311 2171 452 2222 Neque
482 2184 571 2208 vero
602 2171 713 2209 nobis
739 2171 1000 2223 cupientibus,
1033 2180 1146 2222 atque
1172 2172 1442 2223 exoptantibus
1474 2171 1619 2210 fructus
1646 2172 1715 2209 otii

312 2236 420 2273 datus
442 2235 494 2273 est
514 2236 558 2273 ad
580 2250 637 2274 eas
658 2246 767 2281 artes,
790 2237 932 2288 quibus
953 2250 972 2273 a
992 2238 1118 2288 pueris
1139 2236 1257 2274 dediti
1279 2235 1440 2281 fuimus,
1456 2237 1713 2281 celebrandas,

314 2303 412 2339 inter
433 2301 574 2353 nosque
606 2302 835 2340 recolendas.
897 2303 1001 2340 Nam
1026 2303 1148 2355 prima
1168 2311 1274 2339 aetate
1296 2303 1505 2341 incidimus
1534 2304 1572 2341 in
1594 2303 1715 2355 ipsam

314 2368 641 2419 perturbationem
674 2369 884 2421 disciplinfe
917 2370 1051 2407 veteris
1072 2388 1081 2413 ;
1120 2379 1156 2406 ct
1189 2369 1387 2407 consulatu
1416 2370 1640 2408 devenimus
1676 2370 1714 2406 in

315 2434 486 2471 medium
509 2447 635 2472 rerum
657 2436 834 2473 omnium
857 2446 1064 2479 certamen,
1086 2446 1200 2487 atque
1220 2436 1438 2480 discrimen,
1460 2446 1496 2473 et
1516 2436 1590 2473 hoc
1613 2445 1713 2473 tem-

315 2512 385 2550 pus
406 2513 522 2537 omne
543 2500 625 2552 post
644 2500 885 2539 consulatum
906 2502 1121 2552 objecimus
1144 2501 1189 2537 iis
1221 2501 1414 2550 fluetibus)
1447 2503 1528 2553 qui,
1560 2513 1626 2552 per
1646 2511 1714 2537 nos

314 2578 337 2601 a
367 2566 569 2604 communi
610 2566 710 2619 peste
744 2566 902 2621 depulfi‚
949 2568 988 2604 in
1023 2567 1273 2618 nosmetipsos
1312 2566 1583 2605 redundarunt.
1644 2564 1716 2603 Sed

1161 2633 1196 2669 R
1230 2644 1250 2669 2
