2176 2912
321 259 352 287 p.

324 298 358 326 4¹

330 1253 368 1281 42

330 1852 367 1881 43

576 153 867 192 VARIAE
954 151 1509 191 LECTIONES.

413 249 434 277 l.
1079 259 1108 286 p.

425 297 440 327 ς
463 296 491 317 et
506 302 521 317 κ
537 291 565 317 d.
1080 298 1117 325 43

404 344 444 351 ·—-
465 337 494 357 et
507 329 543 357 ad
557 343 639 350 —
652 338 793 356 rumorem
808 328 835 364 ψ
849 330 876 356 a'.

426 369 444 396 6
466 376 556 406 agunt
571 369 595 396 L
609 370 642 396 M
654 369 712 395 We
727 376 803 403 agent

426 417 442 445 7
465 408 585 436 audiunt
601 409 622 436 B
639 408 662 436 L
679 408 711 435 Μ
728 408 762 434 W
778 412 789 435 θ
813 409 918 436 audient
940 421 955 435 κ
977 419 1026 436 au-

505 449 582 475 dian!

404 502 445 509 ·-
465 487 525 515 veri
540 487 655 525 quidem
672 486 768 514 similis
781 486 809 522 ψ
823 488 974 526 veris-‘mile

409 536 444 554 ιο
467 535 534 555 tunc
551 529 570 555 B
588 530 629 554 ita
652 528 781 564 (aprima
794 530 882 563 manu)
899 538 982 556 tamen
999 530 1028 563 (a

498 566 625 604 secunda)
652 567 686 594 Μ
712 565 739 601 ψ
763 577 846 596 tamen
860 583 876 596 κ
891 577 974 596 tamen
992 571 1028 604 (in
1083 576 1121 604 44

505 619 590 646 marg.
605 615 665 634 tunc
677 609 780 640 tamen)

410 655 441 675 11
467 648 587 684 postulat
604 647 623 674 B
642 646 662 673 Ι,
679 647 713 674 M
728 647 765 674 W
780 651 802 680 a,
817 647 949 685 ›apostulet

411 696 443 723 ¹3
469 695 497 714 et
510 687 618 715 causam
634 687 746 724 agendo
759 689 807 714 ed.

405 741 447 748 —
467 726 549 754 leniri
566 728 598 755 M
613 727 691 754 lenire
705 727 745 762 (s.
757 727 788 761 l.)
806 727 843 753 W
857 731 868 754 θ
883 726 960 755 lenire

412 776 446 801 ¹4
468 766 578 794 causam
595 767 628 794 M
643 779 658 793 κ
672 768 764 804 causas

413 815 445 842 ¹7
469 815 533 834 cum
559 808 579 835 B
604 807 628 834 L
644 807 676 834 M
692 811 703 833 θ
723 818 778 834 cum
792 817 839 835 aut
855 808 892 835 W
908 818 962 835 cum
985 807 1035 835 vel

508 855 555 875 aut

414 888 446 913 18
470 895 534 914 cum
553 887 818 920 BLMWo,xd.

412 934 449 953 20
471 926 572 954 docere
587 927 607 954 Β
623 928 706 954 doceri

405 980 445 987 —·
466 966 601 994 acciderit
616 967 636 994 B
653 967 676 994 L
694 967 793 994 accidit

410 1015 445 1043 23
470 1014 529 1034 tum
545 1010 556 1034 θ
571 1008 598 1034 d.

409 1046 446 1073 26
469 1046 586 1083 seipsum
603 1050 623 1077 θ,
640 1059 666 1079 ιι,
681 1044 707 1081 ψ
721 1047 804 1084 ipfitm

409 1094 446 1121 27
471 1095 499 1114 ut
516 1086 569 1113 hoc
584 1090 595 1113 θ
609 1094 637 1114 ut
651 1088 679 1113 in
694 1087 738 1114 boc

411 1127 446 1152 28
469 1125 609 1154 contraria
623 1139 638 1152 κ
651 1127 785 1153 confraria
790 1125 844 1162 fita

412 1174 449 1203 29
470 1166 572 1194 leviter
585 1170 596 1193 θ
609 1165 701 1193 leniter

409 1219 451 1226 --
471 1205 518 1233 sua
533 1206 567 1233 M
581 1207 704 1234 commcda
709 1206 764 1242 sua

432 1255 448 1274 2
471 1245 609 1283 quiddam
625 1246 663 1272 W
680 1247 802 1283 quoddam

432 1295 446 1323 3
471 1286 632 1323 designatur
647 1286 679 1313 M
697 1287 734 1312 W
750 1290 761 1313 θ
776 1287 916 1323 destinatur

413 1334 447 1353 1-2
471 1325 685 1363 Clytaemnestra
700 1326 721 1354 B
738 1325 919 1364 Clytcmnestra

414 1374 447 1403 13
471 1373 499 1393 et
514 1366 544 1394 id
559 1366 582 1394 L
599 1368 626 1393 d.

414 1414 450 1441 ¹4
472 1405 665 1434 controverfiae
681 1420 695 1433 κ
710 1408 740 1433 in
753 1406 925 1444 controverfia

412 1453 422 1472 ι
431 1455 446 1482 7
467 1445 645 1474 distributam
660 1445 694 1473 M
705 1447 902 1483 distributarum
915 1444 1031 1482 (sup.l.)

508 1499 524 1513 κ
539 1486 737 1523 distributurum

413 1524 449 1553 26
471 1525 531 1562 ipsa
545 1526 579 1554 M
594 1528 621 1554 d.
1089 1534 1124 1563 45

410 1574 446 1600 27
469 1566 599 1602 permiste
615 1567 653 1592 W
662 1568 792 1603 permixte

410 1606 447 1633 28
470 1606 651 1642 ampleffitur
664 1619 681 1633 κ
694 1606 866 1643 compleffitur

411 1652 450 1681 30
472 1645 591 1681 Trojani
607 1646 639 1673 M
656 1644 769 1681 Tuscani

409 1698 451 1705 —
471 1694 561 1722 genus
576 1699 592 1713 κ
602 1697 683 1724 genus
695 1687 730 1721 {st

412 1733 446 1761 3¹
471 1724 617 1753 inducitur
631 1725 657 1759 ψ
673 1727 802 1753 indicitur

409 1777 451 1785 —
471 1764 646 1802 praescriptio
668 1765 692 1792 L
716 1765 754 1792 W
768 1768 791 1798 θ,
815 1777 831 1791 ιι
853 1763 985 1802 descriptio
1008 1761 1035 1798 ψ

507 1806 658 1842 perstriptio

436 1852 445 1871 ι
471 1844 582 1881 generis
597 1845 630 1872 M
641 1847 730 1882 generi
744 1843 784 1880 (s.
800 1843 832 1877 l.)

430 1894 450 1921 4
471 1883 562 1912 secum
580 1885 599 1912 B
617 1885 640 1912 L
658 1885 785 1922 Wsicuti
799 1887 820 1918 θ,
835 1896 851 1911 κ
866 1884 893 1912 ἄ,

409 1937 451 1945 —-
472 1923 552 1952 ficuti
567 1924 588 1952 B
605 1924 628 1952 L
645 1925 682 1951 W
697 1926 726 1952 d.

433 1974 448 2002 ς
472 1964 550 2001 quod
565 1978 581 1991 ιι
595 1966 694 2002 quid-m
705 1963 731 1999 ψ
746 1965 772 1994 d.

410 2017 451 2026 ·—
471 2004 600 2033 incident
612 2018 629 2032 κ
643 2006 760 2033 incIdunt

433 2053 452 2081 9
474 2043 556 2081 plura
569 2058 585 2072 ιι
594 2044 677 2082 plura
692 2041 836 2081 ‹velplures

416 2092 446 2112 ιι
472 2084 615 2112 ostendere
630 2084 693 2112 satis
709 2084 746 2112 est
763 2098 779 2111 κ
793 2084 867 2119 satis
881 2080 1036 2120 ‹ss'confido-

512 2136 574 2153 rare
587 2123 635 2153 vel
646 2126 766 2161 ostendere

417 2173 428 2192 1
437 2173 451 2201 3
475 2172 586 2192 utamur
602 2178 617 2192 ιι
629 2172 722 2192 utatur

417 2213 454 2240 ¹4
475 2204 564 2242 potest
580 2205 613 2231 M
627 2206 721 2241 poterit

418 2253 451 2282 ις
474 2244 618 2282 pertinent
634 2243 655 2271 B
670 2243 695 2270 L
718 2243 752 2271 M
766 2243 805 2271 W
817 2247 840 2277 ο,
865 2256 894 2278 κ,
917 2239 943 2279 ψ
955 2243 1038 2279 perti·-

515 2292 590 2311 ”fans

418 2333 454 2353 22
478 2324 509 2351 sit
525 2328 546 2356 θ,
563 2337 587 2355 κ,
603 2322 674 2360 absit
689 2323 734 2351 hoc
746 2324 814 2351 modo

419 2373 454 2400 23
480 2364 544 2391 Hoc
561 2362 645 2389 trodo
659 2366 681 2395 θ,
695 2377 720 2395 ιι,
735 2363 761 2397 ψ
776 2365 804 2392 d.

417 2418 457 2428 —
478 2403 554 2441 apud
569 2403 594 2440 ψ
610 2411 694 2432 autem
708 2404 779 2441 apud

1163 298 1201 324 24
1222 299 1284 326 quae
1300 289 1333 316 M
1347 290 1414 326 quod

1161 330 1198 356 26
1221 329 1291 366 quid
1307 329 1339 356 M
1356 330 1423 366 qued

1165 377 1199 404 27
1223 369 1262 396 ita
1277 377 1370 396 narrat
1385 382 1401 396 r.
1415 371 1554 396 enarravit

1165 417 1201 444 30
1224 408 1354 436 Liberius
1365 423 1404 429 —
1416 408 1532 445 potestas
1548 408 1569 435 B
1585 407 1619 435 M
1633 408 1672 435 W
1686 410 1708 441 θ,
1724 420 1740 436 κ
1754 408 1784 436 d.

1162 462 1202 467 -—
1224 448 1341 484 potestas
1357 448 1380 475 L
1391 450 1500 484 polestas
1514 457 1538 475 e!
1551 457 1633 475 cetera

1165 496 1196 524 3¹
1223 496 1335 524 operam
1353 487 1389 514 do
1406 488 1427 514 L
1441 488 1476 512 MV
1491 489 1615 525 operando

1162 542 1202 548 —
1222 525 1291 564 quid
1306 526 1339 553 M
1354 527 1391 553 W
1405 528 1469 564 quod

1188 576 1196 595 ι
1223 574 1251 594 et
1266 580 1281 593 κ
1296 567 1322 594 d.

1185 617 1200 634 2
1223 605 1356 634 omnibus
1371 619 1386 633 κ
1401 609 1429 634 in
1443 605 1556 633 omnibus

1184 657 1203 683 4
1223 646 1437 674 confirmatione
1452 659 1468 673 κ
1482 646 1663 681 consternatione

1163 702 1204 708 —
1223 685 1281 722 ipse
1296 699 1312 713 »ι
1325 685 1350 715 d.

1185 726 1202 754 6
1223 726 1259 752 est
1275 725 1298 752 L
1312 734 1396 754 autem
1410 725 1444 761 est

1185 775 1203 803 9
1225 774 1281 793 non
1297 765 1319 793 L
1327 766 1358 802 fi

1169 815 1205 834 10
1224 813 1288 833 ante
1304 805 1463 842 permistam
1478 813 1505 833 et
1521 803 1665 833 confusam
1681 817 1695 830 κ
1712 810 1789 841 atque

1261 846 1407 883 permistam
1430 846 1492 879 (sed
1509 848 1538 872 in
1553 855 1637 882 marg.
1653 852 1713 872 ante
1727 852 1789 881 per·

1266 887 1364 922 mistam
1379 892 1458 922 atque
1471 886 1617 922 ronfusam)

1171 935 1204 962 13
1229 925 1337 952 Omnes
1352 934 1395 952 res
1417 924 1645 962 argumentando
1666 922 1694 960 ψ
1712 926 1790 952 omni:

1267 976 1306 992 res

1172 1015 1181 1032 ι
1192 1015 1204 1042 3
1227 1004 1350 1042 personis
1365 1018 1381 1032 κ
1391 1007 1502 1042 persimit
1516 1005 1615 1042 quidem

1173 1054 1182 1072 1
1191 1047 1206 1073 8
1229 1046 1313 1072 datur
1325 1049 1337 1072 θ
1350 1045 1477 1073 tribuitur
1491 1057 1507 1072 κ
1521 1043 1678 1072 attribuitur

1170 1094 1206 1113 20
1226 1094 1389 1112 enumerare
1405 1098 1421 1111 κ
1435 1094 1567 1112 numerare

1170 1133 1202 1152 21
1229 1124 1283 1152 Hae
1299 1123 1325 1159 ψ
1339 1124 1456 1152 Natura

1170 1174 1204 1202 23
1229 1172 1412 1192 numerantur
1427 1178 1442 1191 κ
1457 1171 1605 1192 numeratur

1170 1214 1204 1242 25
1229 1204 1334 1232 Graius
1349 1204 1388 1231 W
1403 1203 1430 1238 ψ
1442 1205 1549 1232 Graecus

1170 1245 1206 1272 26
1229 1244 1332 1282 quibus
1357 1242 1574 1281 consanguineis
1597 1242 1621 1270 L
1643 1240 1687 1270 vel
1698 1240 1792 1279 quibus

1269 1285 1454 1321 consanguineis
1468 1284 1503 1311 M
1517 1292 1540 1311 et
1553 1285 1739 1320 consanguineis

1171 1325 1206 1352 28
1230 1331 1258 1352 et
1273 1323 1299 1359 ψ
1314 1336 1349 1352 an

1171 1373 1207 1401 32
1229 1363 1339 1401 pudens
1356 1364 1376 1391 Β
1391 1375 1426 1392 an
1440 1366 1578 1401 iasamus,
1591 1363 1704 1399 prudens
1717 1363 1794 1399 sefa-

1267 1413 1344 1436 tems,
1369 1415 1404 1432 an
1430 1406 1556 1442 itffacetus
1574 1403 1684 1439 prudens
1709 1402 1743 1429 M
1765 1399 1794 1436 ψ

1264 1445 1376 1481 prudens

1171 1494 1206 1521 33
1230 1483 1480 1512 considerabuntur
1494 1481 1515 1510 B
1530 1483 1718 1520 considerantur

1195 1533 1205 1551 ι
1231 1533 1315 1561 quem
1330 1528 1352 1557 θ,
1366 1537 1383 1551 κ
1397 1535 1456 1561 quos

1192 1573 1207 1591 2
1230 1573 1300 1601 quos
1316 1563 1350 1590 M
1366 1572 1388 1591 et
1403 1573 1462 1600 quos

1189 1613 1210 1639 4
1229 1602 1350 1631 artificio
1364 1602 1392 1635 ψ
1404 1601 1541 1640 αντξβτίψ

1191 1653 1206 1681 5
1230 1643 1263 1670 ad
1269 1642 1404 1670 ministret
1418 1642 1456 1668 W
1468 1643 1635 1678 administrat

1192 1683 1210 1711 6
1234 1682 1324 1710 servus
1341 1683 1364 1710 1.
1381 1683 1530 1717 xserevusne

1194 1731 1210 1758 8
1234 1722 1331 1759 quales
1346 1721 1451 1749 liberos
1466 1721 1569 1748 habeat
1584 1718 1612 1754 ψ
1627 1720 1653 1746 d.

1171 1777 1211 1784 -
1232 1763 1276 1790 Ac
1292 1762 1325 1789 M
1340 1763 1376 1789 At
1394 1764 1425 1799 (a
1435 1763 1512 1798 prim.
1528 1760 1578 1794 m.)
1595 1759 1648 1787 Aut
1665 1756 1795 1795 (aſsam

1272 1802 1315 1830 An

1172 1856 1210 1863 —
1232 1849 1373 1879 quaeretur
1385 1855 1402 1868 κ
1418 1843 1547 1879 quaeritur

1170 1896 1212 1903 —
1232 1882 1317 1910 etiam
1335 1883 1368 1910 M
1382 1885 1410 1909 in

1177 1931 1212 1950 lo
1234 1929 1327 1949 autem
1345 1922 1365 1948 B
1381 1921 1415 1948 M
1430 1921 1469 1947 W
1485 1927 1568 1947 autem
1583 1919 1650 1947 hunc
1662 1921 1684 1951 θ,
1701 1931 1716 1945 κ
1732 1918 1798 1946 hunc

1177 1970 1208 1989 11
1236 1969 1267 1990 ut
1282 1962 1302 1989 B
1320 1961 1357 1987 W
1373 1965 1384 1988 θ
1399 1968 1446 1988 unt

1176 2010 1210 2029 12
1234 2000 1364 2038 quamvis
1378 2014 1393 2028 x
1409 1999 1520 2037 cujusvis
1545 2001 1591 2033 (in
1605 2009 1690 2035 marg.
1706 2008 1797 2035 quam·

1276 2042 1341 2074 vis)

1178 2090 1188 2108 l
1198 2090 1211 2117 3
1236 2088 1336 2108 natura
1351 2084 1362 2107 θ
1376 2088 1498 2107 naturam

1179 2130 1210 2158 ¹3
1236 2120 1422 2148 commutatio
1437 2120 1458 2147 B
1473 2130 1504 2147 ac
1519 2121 1678 2146 commutatio

1179 2161 1214 2188 16
1237 2160 1351 2188 morbus
1368 2164 1378 2187 θ
1394 2160 1419 2186 d.

1172 2216 1214 2224 —
1235 2200 1415 2238 reperiuntur
1433 2199 1452 2226 B
1468 2201 1646 2236 repperiuntur
1661 2197 1790 2234 (fimper)

1179 2250 1211 2278 ¹7
1236 2249 1328 2268 autem
1345 2240 1366 2267 B
1381 2254 1397 2266 κ
1413 2241 1441 2268 d.

1180 2282 1214 2309 18
1238 2281 1382 2307 voluntate
1397 2279 1424 2314 ψ
1438 2278 1573 2316 voluptate

1180 2329 1215 2358 19
1236 2321 1361 2357 poetices
1376 2319 1397 2346 B
1413 2320 1451 2346 W
1465 2324 1488 2353 0,
1503 2319 1640 2355 »factrice

1179 2369 1216 2389 22
1237 2360 1288 2398 ipsl
1304 2359 1389 2397 Bstbi
1402 2372 1418 2387 κ
1430 2362 1458 2388 eL
