2176 2912
594 138 870 179 LIBER
938 133 1440 173 SECUNDUS.
1639 147 1718 189 257

323 242 440 295 irgsc'me
456 241 476 280 ?
505 248 613 279 tanta
631 238 802 277 malorum
832 234 876 289 est
894 231 1082 272 multitudo
1102 233 1248 277 civium,
1274 242 1315 270 ut
1347 232 1416 270 tibi
1431 246 1490 285 ego
1509 232 1572 270 hoc
1591 246 1651 270 con
1677 249 1720 271 r-

322 323 421 353 mem,
436 308 480 359 st
494 308 618 345 Romae
635 303 817 357 masfiris,
849 312 884 340 te
906 301 1035 355 paucis
1067 301 1172 338 annis
1201 299 1252 338 ad
1271 299 1444 337 maximas
1466 299 1635 351 pecunias
1663 299 1722 352 effe

321 383 529 413 venturum.
590 372 635 409 In
656 369 731 408 hoc
750 382 887 422 genere
908 367 1078 406 Fannius
1100 366 1138 404 in
1173 365 1374 404 annalibus
1395 364 1469 402 suis
1491 363 1721 402 Africanum

320 438 427 478 hunc
455 438 713 477 AEmilianum
743 436 839 474 dicit
871 434 1006 478 fuiffe,
1043 442 1081 470 et
1117 446 1218 479 eum,
1239 433 1377 469 Graeco
1411 430 1528 469 verbo
1558 431 1722 483 appellat

321 501 427 560 εἶξωνοι
445 521 453 543 ;
486 504 562 549 sed,
586 503 643 542 uti
663 502 806 546 ferunt,
838 501 906 553 qui
927 500 1066 538 melius
1087 498 1168 537 haec
1191 506 1347 542 norunt,
1373 499 1566 535 Socratem
1586 496 1723 548 opinor

320 573 362 609 In
392 570 464 609 hac
485 571 606 609 ironia
633 567 982 618 diffimulantiaque
1001 566 1116 618 longe
1136 566 1277 618 lepore,
1306 573 1343 601 et
1363 562 1604 602 humanitate
1633 576 1721 601 om-

323 639 436 677 nibus
458 636 677 691 praestitiffe.
710 636 845 673 Genus
866 634 918 672 est
938 633 1173 686 perelegans,
1199 641 1236 670 et
1256 645 1347 669 cum
1368 631 1550 684 gravitate
1570 629 1721 674 salsum,

324 718 493 757 cumque
514 702 685 742 oratoriis
706 701 955 744 dictionibus,
988 708 1074 736 tum
1096 698 1249 736 urbanis
1273 697 1527 741 sermonibus,
1563 709 1720 734 accom-

321 772 538 808 modatum.
571 770 623 807 Et
643 767 799 806 hercule
832 766 963 804 omnia
996 764 1092 809 haec,
1114 778 1199 816 quae
1226 777 1246 801 a
1272 777 1335 801 me
1355 763 1401 801 de
1420 762 1568 800 facetiis
1588 762 1721 815 dispu-

321 845 463 881 tantur,
495 849 573 873 non
593 835 735 885 majora
754 831 963 884 forenfium
991 831 1202 874 actionum,
1224 843 1341 881 quam
1362 829 1543 867 omnium
1577 829 1721 866 sermo-

320 916 430 946 num,
453 901 701 939 condimenta
720 898 820 936 sunt.
854 898 959 935 Nam
977 897 1083 948 quod
1101 895 1202 948 apud
1220 896 1410 933 Catonem
1427 894 1492 939 est,
1515 894 1584 946 qui
1600 895 1723 932 multa

321 968 467 1012 retulit,
487 981 535 1005 ex
555 965 697 1019 quibus
718 978 738 1002 a
757 977 819 1002 me
839 962 1009 1015 exempli
1030 961 1137 1000 causa
1161 961 1285 999 multa
1304 969 1515 1013 ponuntur,
1537 973 1603 1012 per
1623 959 1723 998 mihi

320 1034 459 1072 scitum
479 1033 643 1076 videtur,
667 1033 714 1069 C.
736 1030 960 1068 Publicium
982 1028 1139 1066 solitum
1161 1028 1299 1072 dicere,
1316 1028 1364 1065 P.
1380 1026 1589 1066 Memmium
1608 1026 1725 1066 cuivis

321 1100 473 1153 tempori
488 1099 654 1137 hominem
676 1097 734 1151 effi>
746 1116 757 1142 3
790 1097 840 1134 fic
861 1095 1032 1148 profecto
1052 1108 1109 1132 res
1130 1095 1166 1132 se
1185 1093 1315 1139 habet,
1336 1094 1489 1131 nullum
1510 1102 1552 1131 ut
1573 1093 1617 1131 fit
1637 1093 1725 1132 vitae

322 1176 489 1219 tempus,
511 1166 551 1203 in
571 1177 650 1217 quo
671 1177 748 1201 non
767 1163 896 1200 deceat
916 1162 1088 1214 leporem
1108 1160 1470 1212 humanitatemque
1489 1159 1639 1199 versari.

378 1232 450 1270 Sed
472 1231 584 1269 redeo
604 1230 650 1268 ad
670 1239 815 1268 caetera.
849 1227 916 1266 Est
943 1226 1036 1265 huic
1058 1227 1274 1265 finitimum
1295 1226 1602 1271 diffimulationi,
1630 1239 1726 1265 cum

320 1298 478 1337 honesto
498 1297 614 1335 verbo
634 1296 767 1334 vitiosa
798 1308 854 1333 res
885 1293 1099 1347 appellatur
1114 1311 1126 1338 3
1159 1302 1203 1330 ut
1234 1306 1326 1330 cum
1347 1291 1553 1330 Africanus
1581 1291 1724 1330 Censor

321 1365 424 1404 tribu
446 1364 625 1403 movebat
640 1376 730 1401 eum
744 1362 1026 1405 centurionem,
1045 1360 1113 1412 qui
1129 1359 1169 1397 in
1186 1359 1295 1397 Pauli
1312 1372 1441 1411 pugna
1457 1372 1533 1396 non
1549 1357 1722 1403 affuerat,

320 1446 412 1470 curn
434 1431 500 1469 ille
519 1431 554 1469 se
574 1430 753 1468 custodiae
773 1428 881 1467 causa
900 1428 1042 1466 diceret
1062 1427 1102 1464 in
1121 1425 1247 1464 castris
1268 1425 1493 1470 remanfiffe,
1516 1433 1722 1477 quaereret-

322 1511 396 1551 que
416 1511 486 1536 cur
505 1497 552 1535 ab
569 1510 614 1534 eo
634 1504 828 1534 notaretur
842 1512 854 1539 3
878 1495 962 1532 Non
981 1489 1072 1537 amo,
1094 1491 1235 1543 inquit,
1257 1491 1403 1529 nimium
1422 1490 1620 1543 diligentes.

365 1565 543 1602 Acutum
562 1563 679 1600 etiam
699 1560 798 1599 illud
817 1559 883 1605 est,
905 1572 997 1597 cum
1018 1571 1065 1597 ex
1089 1557 1242 1595 alterius
1263 1557 1433 1595 oratione
1450 1556 1553 1594 aliud
1573 1556 1723 1609 excipi-

321 1642 357 1667 as
377 1638 490 1681 atque
511 1628 577 1666 ille
596 1627 680 1666 vult
696 1645 708 1672 3
731 1635 774 1664 ut
796 1625 994 1664 Salinatori
1015 1623 1232 1668 Maximus,
1255 1635 1362 1668 cum,
1384 1623 1555 1660 Tarento
1574 1621 1723 1667 amifl‘o,

321 1707 447 1732 arcem
469 1702 597 1731 tamen
617 1692 753 1731 Livius
774 1689 998 1734 retinuisset,
1032 1688 1233 1740 multaque
1259 1701 1306 1726 ex
1337 1688 1380 1726 ea
1399 1687 1528 1740 praelia
1547 1687 1724 1740 praeclara

321 1758 479 1804 fecisset,
501 1772 592 1796 cum
612 1758 762 1809 aliquot
781 1756 864 1809 post
883 1767 1001 1793 annos
1020 1754 1222 1792 Maximus
1243 1753 1282 1791 id
1302 1753 1492 1806 oppidum
1514 1752 1721 1806 recepiffet,

320 1835 545 1878 rogaretque
565 1837 655 1862 eum
677 1823 875 1866 Salinator,
898 1830 941 1858 ut
962 1819 1210 1870 meminisset,
1233 1832 1347 1872 opera
1366 1820 1429 1857 sua
1449 1819 1484 1857 se
1504 1821 1723 1858 Tarentum

321 1891 520 1944 recepisse,
553 1889 700 1944 Qidni,
718 1889 860 1942 inquit,
878 1887 1092 1926 meminerim
1106 1886 1125 1925 ἒ
1155 1899 1336 1938 nunquam
1356 1901 1415 1938 ego
1435 1885 1638 1938 recepssem,
1660 1885 1728 1937 nisi

321 1969 363 1998 tu
375 1957 588 2011 perdiffiſjes.

377 2025 472 2063 Sunt
492 2023 609 2061 etiam
640 2022 706 2060 illa
727 2020 969 2065 subabsurda,
1001 2019 1062 2057 sed
1086 2032 1131 2057 eo
1151 2017 1232 2071 ipso
1254 2018 1412 2056 nomine
1433 2017 1526 2070 saepe
1546 2016 1721 2063 ridicula,

322 2104 399 2129 non
419 2090 541 2129 solum
563 2089 696 2128 mimis
717 2087 964 2142 perappofita,
984 2086 1046 2124 sed
1065 2085 1181 2123 etiam
1200 2084 1489 2137 quodammodo
1510 2084 1620 2122 nobis
1636 2102 1650 2129 5

1064 2153 1178 2190 Homo
1182 2151 1336 2203 fiztmcs,

458 2221 647 2274 Pqstquam
666 2235 740 2259 rem
759 2219 889 2258 habere
908 2219 1028 2272 capit,
1049 2217 1094 2270 ιγ]
1112 2228 1288 2256 mortuus.

1061 2284 1161 2336 Qcid
1175 2284 1219 2337 est
1245 2283 1316 2322 tibi

458 2352 530 2407 Ista
548 2353 674 2390 mulier
690 2353 709 2391 ἓ
742 2354 853 2391 Uxor.
886 2352 1015 2390 Similis
1035 2351 1164 2389 medius
1169 2349 1297 2402 fidius.
1357 2357 1395 2386 et

459 2417 637 2469 Qcamdiu
656 2417 706 2456 ad
719 2417 935 2470 aquasficit‚
957 2430 1138 2469 nunquam
1158 2415 1202 2468 ιβ
1222 2423 1395 2453 mortuus.

377 2483 567 2522 LXVIII.
601 2484 735 2522 Genus
755 2481 831 2521 hoc
852 2482 987 2528 levius,
1009 2491 1061 2527 et,
1085 2490 1126 2521 ut
1146 2480 1242 2525 dixi,
1264 2479 1501 2523 mimicum,
1524 2476 1585 2515 sed
1604 2474 1721 2513 habet

404 2551 589 2589 T0M.1.
1299 2545 1365 2582 -K
1394 2544 1419 2581 k
