2176 2912
460 214 536 255 352
799 202 930 240 DE
1043 204 1515 243 CLARIS

454 294 587 344 Atque
606 291 671 330 hic
693 292 841 338 Livius,
859 294 926 345 qui
951 294 1100 346 primus
1121 293 1307 339 fabulam,
1331 297 1378 334 C.
1404 296 1557 340 Clodio,
1583 295 1685 333 Caeci
1706 294 1801 340 filio,
1822 305 1860 333 et

455 359 518 396 M.
543 359 742 397 Tuditano
769 359 1018 404 Consulibus,
1046 360 1192 405 docuit,
1225 375 1324 399 anno
1344 362 1423 414 ipso
1444 371 1649 413 antequam
1671 370 1780 399 natus
1807 360 1860 398 est

453 425 633 469 Ennius3
665 425 748 477 post
778 426 948 464 Romam
981 427 1178 464 conditam
1198 437 1326 465 autem
1360 428 1648 479 quartodecimo
1679 438 1715 465 et
1741 428 1859 479 quin-

454 491 680 542 gentefimo‚
714 500 756 528 ut
775 490 840 528 hic
860 492 926 536 ait,
945 506 1063 544 quem
1084 506 1151 530 nos
1173 493 1367 544 sequimur
1384 512 1394 538 ;
1426 494 1478 531 est
1498 495 1602 531 enim
1623 495 1721 531 inter
1740 494 1859 545 scrip-

457 565 557 594 tOI‘CS
591 557 637 594 de
671 571 832 595 numero
863 571 1050 595 annosum
1086 560 1349 597 COHtI‘OVCl‘sla.
1411 560 1553 597 ACClUS
1586 569 1714 598 aUtCm
1750 573 1770 596 a
1805 561 1888 611 Q
1959 577 1962 579 ⁴

457 623 638 661 Maximo
659 622 841 675 quintum
860 624 1027 661 Consule
1047 634 1205 676 captum
1223 626 1394 663 Tarento
1409 625 1551 677 scripfit
1572 627 1731 663 Livium
1752 626 1860 663 annis

456 704 563 734 xxx,
595 690 796 742 postquam
827 703 917 727 eum
938 689 1109 727 fabulam
1131 690 1297 728 docuisse
1316 700 1353 728 et
1374 692 1529 729 Atticus
1551 691 1695 736 scribit,
1728 700 1766 729 et
1793 705 1860 729 nos

456 756 496 794 in
528 756 695 807 antiquis
717 756 1005 793 commentariis
1037 756 1270 794 invenimus.
1332 757 1513 795 Docuiffe
1540 766 1667 795 autem
1689 757 1861 795 fabulam

456 822 563 859 annis
596 821 678 873 post
700 835 762 865 XI,
796 822 842 859 C.
868 822 1063 866 Cornelio,
1097 823 1357 874 QMinucio
1379 823 1627 868 Consulibus,
1664 823 1765 861 ludis
1788 824 1860 874 Ju-

456 887 632 931 ventatis‚
665 901 760 939 quos
797 888 982 926 Salinator
1003 888 1152 926 Senenfi
1184 889 1315 940 praelio
1336 899 1498 927 voverat.
1559 890 1605 926 In
1637 903 1715 941 quo
1735 898 1860 927 tantus

456 966 558 990 error
571 953 684 990 Accii
704 952 794 997 fuit,
817 962 874 997 ut,
896 952 956 990 his
979 953 1227 998 Consulibus,
1252 968 1305 992 XL
1330 968 1446 992 annos
1472 963 1581 992 natus
1603 955 1754 992 Ennius
1774 954 1859 992 fue-

456 1019 533 1062 rit;
565 1019 629 1056 cui
650 1019 675 1056 fi
697 1018 851 1070 aequalis
872 1017 988 1056 fuerit
1009 1019 1158 1063 Livius,
1181 1020 1310 1057 minor
1331 1019 1407 1057 fuit
1426 1020 1623 1072 aliquanto
1640 1021 1670 1057 is
1692 1020 1759 1071 qui
1780 1020 1860 1072 pri-

457 1098 544 1122 mus
579 1084 751 1123 fabulam
787 1085 906 1130 dedit,
938 1099 1055 1138 quam
1091 1086 1132 1130 ii,
1167 1087 1235 1138 qui
1256 1087 1396 1124 multas
1432 1086 1639 1124 docuerant
1673 1095 1760 1139 ante
1791 1085 1862 1124 hos

459 1151 659 1196 Consules,
691 1161 728 1189 et
745 1152 917 1196 Plautus,
948 1161 986 1189 et
1007 1153 1181 1190 Naevius.

512 1219 624 1256 XIX.
648 1219 746 1256 Haec
767 1218 793 1255 fi
814 1219 943 1255 minus
964 1228 1050 1270 apta
1068 1218 1247 1256 videntur
1267 1218 1360 1256 huic
1381 1218 1560 1264 sermoni,
1583 1220 1714 1263 Brute,
1730 1219 1864 1257 Attico

457 1283 609 1335 afligna,
638 1284 706 1335 qui
738 1296 801 1321 me
826 1283 1082 1321 inflammavit
1113 1283 1238 1322 studio
1265 1284 1471 1322 illustrium
1503 1283 1711 1322 hominum
1739 1293 1863 1322 aetates

457 1358 495 1387 et
516 1358 689 1402 tempora
709 1349 970 1401 persequendi.
1004 1351 1090 1402 Ego
1110 1363 1211 1395 vero,
1235 1351 1363 1402 inquit
1384 1352 1540 1396 Brutus,
1557 1360 1594 1388 et
1613 1350 1779 1388 delector
1798 1350 1864 1387 ista

459 1416 562 1468 quafi
584 1416 777 1454 notatione
813 1424 1050 1468 temporum,
1082 1425 1120 1454 et
1153 1416 1198 1454 ad
1218 1416 1272 1462 id,
1303 1417 1407 1468 quod
1429 1416 1637 1461 instituisti,
1669 1426 1864 1454 oratorum

458 1496 595 1535 genera
626 1482 856 1535 distinguere
877 1483 1065 1528 aetatibus,
1097 1483 1207 1521 istam
1226 1483 1470 1537 diligentiam
1499 1483 1570 1521 effe
1590 1483 1863 1521 accommoda—

460 1558 541 1587 tam
561 1557 668 1600 putO.

516 1615 648 1659 Reete,
680 1615 854 1666 inquam,
888 1616 1017 1659 Brute,
1042 1616 1239 1667 intelligis.
1284 1617 1415 1667 Atque
1437 1616 1586 1653 utinam
1607 1623 1779 1653 extarent
1799 1615 1865 1653 illa

460 1681 642 1726 carmina,
674 1695 759 1733 quae
794 1680 929 1718 multis
961 1681 1095 1718 seculis
1131 1690 1216 1718 ante
1248 1681 1352 1719 suam
1387 1690 1536 1719 aetatem
1567 1682 1606 1718 in
1637 1681 1759 1733 epulis
1794 1680 1866 1718 effe

460 1748 641 1785 cantitata
669 1761 688 1784 a
709 1747 865 1799 singulis
901 1747 1071 1784 convivis
1103 1747 1148 1784 de
1180 1747 1372 1784 clarorum
1398 1748 1571 1785 virorum
1601 1747 1792 1790 laudibus,
1824 1747 1864 1783 in

462 1813 692 1865 Originibus
706 1813 890 1865 scriptum
907 1812 1063 1863 reliquit
1078 1814 1175 1850 Cato
1191 1811 1197 1848 Ι
1223 1813 1374 1850 Tamen
1392 1812 1511 1857 illius,
1527 1827 1644 1865 quem
1662 1813 1701 1850 in
1715 1812 1864 1850 vatibus

460 1888 499 1916 et
530 1879 672 1931 Faunis
699 1888 895 1916 enumerat
926 1879 1090 1923 Ennius,
1123 1878 1272 1916 bellum
1305 1879 1512 1923 Punicum,
1545 1878 1647 1930 quafi
1684 1878 1864 1929 Myronis

458 1958 569 1996 opus,
600 1945 773 1984 delecstat.
820 1945 876 1982 Sit
897 1945 1047 1982 Ennius
1070 1944 1167 1989 sane,
1199 1953 1241 1982 ut
1261 1944 1312 1981 est
1332 1953 1446 1988 certe,
1479 1943 1706 1997 perfectior3
1738 1944 1820 1995 qui,
1839 1943 1865 1980 fi

461 2010 590 2055 illum,
622 2019 665 2048 ut
685 2010 850 2055 fimulat,
881 2019 1158 2055 contemneret,
1196 2024 1287 2055 non,
1324 2010 1455 2047 omnia
1490 2010 1590 2046 bella
1623 2009 1864 2061 persequens,

461 2077 635 2130 primum
655 2077 752 2114 illud
774 2077 969 2115 Punicum
996 2077 1228 2114 acerrimum
1249 2076 1397 2114 bellurn
1431 2075 1651 2127 reliquisset.
1699 2075 1769 2113 Sed
1787 2074 1865 2127 ipse

461 2143 571 2187 dicit,
593 2156 661 2180 cur
680 2143 720 2180 id
741 2141 855 2180 faciat
870 2161 882 2188 3
916 2143 1104 2195 Scripst’re,
1137 2143 1278 2194 inquit,
1299 2142 1365 2180 alii
1380 2156 1454 2179 rem
1476 2141 1655 2192 Veyfibu'5
1688 2150 1725 2179 et
1751 2142 1865 2179 lucu-

461 2208 564 2246 lente
584 2208 742 2260 quidem
764 2208 1003 2260 scripserunt,
1035 2207 1179 2246 etiamfi
1201 2208 1345 2251 minus,
1377 2221 1495 2259 quarn
1518 2216 1573 2251 tu,
1598 2207 1730 2258 polite.
1778 2208 1865 2245 Nec
1919 2201 1924 2204 ⁸

462 2287 550 2311 vero
571 2273 643 2310 tibi
663 2272 773 2310 aliter
791 2272 910 2310 videri
931 2273 1043 2310 debet
1060 2291 1070 2317 ;
1103 2273 1171 2324 qui
1190 2286 1211 2310 a
1232 2272 1368 2311 Naevio
1386 2272 1445 2310 vel
1466 2272 1652 2326 sumpsisti
1671 2272 1807 2317 multa,
1839 2272 1865 2311 fi

463 2337 617 2382 fateris,
649 2337 722 2382 vel,
746 2337 770 2374 fi
793 2351 919 2390 negas,
951 2337 1174 2390 surripuisti.

521 2405 625 2443 Cum
659 2402 733 2442 hoc
766 2405 913 2442 Catone
934 2403 1152 2455 grandiores
1188 2412 1280 2442 natu
1300 2403 1456 2442 fuerunt
1480 2405 1527 2442 C.
1552 2403 1782 2448 Flaminius,
1815 2403 1864 2441 C.

465 2470 600 2516 Varro,
647 2470 712 2523 Q
740 2470 955 2515 Maximus,
988 2471 1056 2524 Q
1075 2469 1277 2516 Metellus,
1310 2471 1353 2510 Ρ.
1376 2470 1583 2516 Lentulus,
1621 2471 1666 2509 P.
1701 2467 1865 2514 Crassus,
