2176 2912
597 156 915 196 LIBER
991 154 1565 195 SECUNDUS.
1709 172 1784 214 223

391 248 627 288 Gracchum.
672 248 780 299 Qid
800 246 891 285 facit
911 247 1061 285 causam
1078 248 1091 284 ?
1123 247 1228 299 quod
1248 247 1468 300 reipublicae
1487 249 1607 293 causa,
1629 263 1721 288 cum
1741 265 1789 290 ex

388 314 708 352 senatusconsulto
728 314 774 351 ad
801 327 904 351 arma
925 313 1086 351 vocaffet
1104 329 1112 352 :
1146 313 1221 352 hoc
1243 314 1349 358 tolle,
1376 314 1484 352 causa
1503 329 1579 353 non
1601 317 1683 355 erit.
1735 320 1789 356 At

387 380 427 417 id
443 380 568 432 ipsum
590 389 701 432 negat
722 388 854 417 contra
873 379 975 432 leges
995 379 1139 417 lieuiffe
1160 380 1319 418 Decius.
1371 381 1511 417 Veniet
1531 381 1649 433 igitur
1665 383 1702 420 in
1719 384 1787 434 ju-

386 445 548 490 dicium,
570 446 795 483 Licueritne
815 459 862 482 ex
882 445 1217 490 senatusconsulto,
1247 445 1433 484 servandae
1460 447 1678 499 reipublicae
1695 461 1786 485 cau-

385 510 433 549 sa.
471 511 671 563 Perspicua
692 511 777 549 sunt
798 510 878 549 haec
900 512 1074 564 quidem,
1097 521 1133 549 et
1154 513 1192 550 in
1214 512 1361 565 vulgari
1382 512 1583 565 prudentia
1602 513 1694 558 fita3
1727 514 1787 551 sed

384 577 450 614 illa
470 578 684 629 quaerenda,
709 592 793 629 quae
813 578 860 615 ab
880 578 1093 616 accusatore
1112 587 1150 616 et
1171 577 1377 624 defensore,
1399 589 1637 631 argumenta,
1666 580 1711 617 ad
1733 580 1785 624 id,

383 643 488 694 quod
508 644 548 681 in
563 643 761 695 judicium
782 644 898 689 venit,
922 644 1139 696 spectanti-a,
1157 644 1320 682 debeant
1340 644 1478 683 afferri.

438 709 590 747 XXXI.
623 711 756 761 Atque
776 708 840 746 hic
861 709 958 746 illud
979 710 1186 748 videndum
1207 710 1272 755 est,
1299 711 1339 748 in
1360 724 1439 762 quo
1460 711 1633 749 summus
1655 711 1706 749 est
1724 725 1786 749 er-

383 787 445 812 ror
465 774 622 812 istorum
645 775 926 830 magistrorum,
960 776 1005 812 ad
1026 790 1123 828 quos
1145 777 1283 814 liberos
1305 777 1448 814 nostros
1470 777 1678 822 mittimus,
1708 791 1785 815 uon

381 853 459 891 quo
480 839 554 878 hoc
571 840 728 892 quidem
751 840 796 877 ad
817 840 1025 878 dicendum
1046 855 1276 894 magnopere
1296 843 1497 893 pertineat,
1510 842 1570 880 sed
1592 852 1719 880 tamen
1742 854 1785 880 ut

380 905 554 950 videatis,
587 919 703 958 quam
738 905 782 942 fit
815 920 935 958 genus
967 905 1042 944 hoc
1063 921 1212 952 eorum,
1248 908 1316 959 qui
1336 908 1403 945 fibi
1430 909 1570 945 eruditi
1592 909 1782 954 videntur,

380 970 511 1017 hebes,
533 982 647 1024 atque
668 972 907 1025 impolitum.
949 974 1201 1012 Constituunt
1221 975 1326 1011 enim
1347 975 1385 1011 in
1407 975 1612 1027 partiendis
1641 977 1783 1012 oratio-

380 1051 477 1076 num
495 1039 620 1076 modis
641 1039 717 1076 duo
733 1053 869 1091 genera
888 1040 1097 1078 causarum.
1142 1042 1279 1078 Unum
1300 1041 1508 1093 appellant,
1531 1042 1570 1079 in
1599 1056 1678 1094 quo
1708 1042 1782 1079 fine

379 1103 547 1156 personis
587 1113 700 1156 atque
729 1106 969 1157 temporibus
1001 1106 1047 1143 de
1077 1107 1247 1144 universo
1273 1121 1409 1159 genere
1435 1117 1654 1159 quaerzitur5
1686 1109 1781 1146 alte-

379 1183 481 1214 rum,
496 1170 601 1222 quod
616 1170 781 1222 personis
799 1171 925 1215 certis,
940 1181 977 1209 et
998 1173 1237 1224 temporibus
1258 1173 1483 1211 definiatur:
1507 1174 1628 1225 ignari
1649 1188 1781 1211 omnes

378 1237 646 1274 controverslaS
667 1236 713 1277 ad
746 1237 906 1274 univerfi
926 1239 1074 1289 generis
1104 1239 1185 1276 vim
1206 1248 1243 1276 et
1274 1248 1449 1276 naturam
1470 1239 1613 1277 referri.
1674 1241 1783 1277 Nam

377 1302 418 1340 in
435 1316 478 1340 ea
497 1302 574 1355 ipsa
593 1302 714 1347 causa,
747 1303 793 1340 de
813 1317 889 1355 qua
922 1314 1007 1341 ante
1028 1305 1122 1349 dixi,
1155 1304 1253 1342 nihil
1278 1306 1441 1357 pertinet
1468 1306 1513 1343 ad
1534 1307 1691 1343 oratoris
1719 1307 1779 1344 lo-

377 1381 441 1406 cos
464 1369 616 1421 Opimii
636 1369 806 1421 persona,
839 1369 938 1407 nihil
961 1371 1088 1408 Decii.
1135 1372 1195 1408 De
1215 1371 1296 1423 ipso
1323 1372 1427 1408 enim
1450 1372 1623 1409 universo
1643 1386 1780 1424 genere

376 1432 529 1472 infinita
548 1434 704 1486 quaestio
724 1434 789 1479 est,
821 1449 917 1472 num
937 1449 1051 1487 poena
1070 1436 1241 1472 videatur
1261 1435 1332 1472 effe
1352 1436 1590 1481 afficiendus,
1622 1439 1689 1488 qui
1718 1438 1776 1474 ci-

375 1512 464 1538 vem
496 1513 542 1538 ex
577 1498 899 1537 senatusconsulto
933 1500 1062 1552 patriae
1091 1500 1355 1538 conservandae
1383 1501 1490 1539 causa
1527 1502 1782 1547 interemerit,

375 1578 469 1604 cum
488 1565 528 1604 id
548 1580 614 1619 per
648 1565 748 1618 leges
780 1579 856 1604 non
878 1566 1024 1604 liceret.
1083 1566 1206 1605 Nulla
1226 1567 1392 1619 denique
1412 1567 1464 1605 est
1483 1568 1604 1612 causa,
1632 1568 1672 1606 in
1704 1582 1779 1620 qua

374 1631 429 1675 id,
461 1632 564 1684 quod
584 1632 623 1669 in
639 1632 835 1683 judicium
856 1632 974 1676 venit,
1006 1646 1053 1670 ex
1079 1645 1231 1670 reorum
1263 1633 1444 1684 personis,
1476 1647 1518 1670 ac
1541 1647 1617 1671 non
1638 1648 1685 1672 ex
1705 1648 1775 1686 ge-

381 1711 519 1735 nerum
539 1698 708 1750 ipsorum
731 1698 900 1736 universa
915 1698 1184 1750 disputatione,
1206 1709 1407 1751 quaeratur.
1469 1701 1576 1752 Qin
1597 1701 1713 1738 etiam
1735 1702 1777 1738 in

374 1763 421 1799 iis
442 1763 542 1815 ipfis,
577 1763 642 1800 ubi
663 1763 708 1800 de
727 1762 826 1800 facto
846 1764 1070 1815 ambigitur,
1094 1764 1299 1816 Ceperitne
1320 1775 1451 1803 contra
1470 1766 1572 1818 leges
1592 1767 1774 1819 pecunias

374 1829 419 1866 P.
455 1829 613 1873 Decius,
645 1839 868 1881 argumenta
899 1839 935 1866 et
969 1830 1182 1867 criminum
1216 1839 1253 1867 et
1287 1830 1513 1870 defenfionis
1549 1841 1774 1870 revocentur

373 1903 522 1947 oportet
551 1894 597 1932 ad
616 1908 752 1947 genus,
785 1904 821 1932 et
842 1895 886 1932 ad
917 1904 1089 1933 naturam
1111 1895 1348 1934 universam:
1381 1898 1485 1948 quod
1511 1897 1773 1950 sumptuosUS,

373 1961 419 1998 de
440 1961 612 1998 luxuria:
647 1961 751 2013 quod
782 1961 895 1999 alieni
927 1972 1122 2014 appetens,
1156 1962 1201 2000 de
1222 1963 1401 2001 avaritia:
1435 1963 1540 2015 quod
1559 1964 1770 2009 seditiosus,

371 2026 418 2064 de
439 2026 668 2064 turbulentis
690 2036 726 2064 et
747 2027 857 2064 malis
878 2027 1026 2065 civibus
1045 2043 1053 2065 :
1086 2028 1190 2080 quod
1218 2041 1237 2065 a
1258 2029 1391 2066 multis
1413 2030 1596 2081 arguitur,
1628 2030 1674 2067 de
1701 2043 1771 2082 ge-

371 2105 460 2130 nere
481 2092 633 2130 testium
652 2107 660 2130 :
692 2095 912 2145 contriique‚
935 2107 1018 2145 quae
1039 2107 1107 2146 pro
1129 2107 1190 2132 reo
1209 2094 1398 2139 dicentur,
1419 2096 1550 2133 omnia
1568 2095 1771 2134 necessarie>

371 2170 393 2194 a
412 2166 583 2209 tempore
603 2167 716 2210 atque
735 2158 895 2197 homine
926 2160 971 2197 ad
992 2173 1222 2198 communes
1253 2175 1379 2199 rerum
1400 2170 1439 2199 et
1457 2175 1641 2214 generum
1661 2161 1768 2199 sum—

371 2236 452 2260 mas
475 2223 728 2261 revolventur.

427 2289 557 2339 Atque
577 2286 657 2325 haec
677 2287 830 2326 forsitan
857 2289 1023 2335 homini,
1055 2305 1131 2329 non
1163 2291 1307 2337 omnia,
1339 2305 1423 2344 quae
1454 2293 1540 2330 sunt
1567 2294 1606 2331 in
1635 2301 1767 2330 natura

371 2367 513 2397 rerum,
555 2353 726 2391 celeriter
759 2355 889 2393 animo
922 2356 1280 2408 comprehendenti,
1325 2359 1516 2409 permulta
1553 2359 1773 2401 videantur,

371 2433 455 2472 quae
485 2419 638 2458 veniant
669 2421 708 2458 in
737 2420 932 2472 judicium
968 2432 1067 2469 tum,
1104 2437 1196 2461 cum
1230 2423 1278 2461 de
1310 2423 1411 2462 facto
1444 2434 1656 2477 quaeratur:
1702 2422 1764 2460 sed
