<?xml version="1.0" encoding="UTF-8"?>
<!DOCTYPE html PUBLIC "-//W3C//DTD XHTML 1.0 Transitional//EN"
    "http://www.w3.org/TR/xhtml1/DTD/xhtml1-transitional.dtd">
<html xmlns="http://www.w3.org/1999/xhtml" xml:lang="en" lang="en">
 <head>
  <title>
</title>
<meta http-equiv="Content-Type" content="text/html;charset=utf-8" />
  <meta name='ocr-system' content='tesseract 3.04.00' />
  <meta name='ocr-capabilities' content='ocr_page ocr_carea ocr_par ocr_line ocrx_word'/>
</head>
<body>
  <div class='ocr_page' id='page_1' title='image "./operacumindicibu01ciceuoft_0187.png"; bbox 0 0 2176 2912; ppageno 0'>
   <div class='ocr_carea' id='block_1_1' title="bbox 600 230 1712 283">
    <p class='ocr_par' dir='ltr' id='par_1_1' title="bbox 600 230 1712 283">
     <span class='ocr_line' id='line_1_1' title="bbox 600 230 1712 283; baseline -0.001 -13"><span class='ocrx_word' id='word_1_1' title='bbox 600 230 926 270; x_wconf 90' lang='lat' dir='ltr'><strong>LIBER</strong></span> <span class='ocrx_word' id='word_1_2' title='bbox 1002 231 1422 269; x_wconf 84' lang='lat' dir='ltr'>PRIMUS.</span> <span class='ocrx_word' id='word_1_3' title='bbox 1637 244 1712 283; x_wconf 88' lang='lat'>177</span> 
     </span>
    </p>
   </div>
   <div class='ocr_carea' id='block_1_2' title="bbox 310 322 1715 2610">
    <p class='ocr_par' dir='ltr' id='par_1_2' title="bbox 310 322 1713 952">
     <span class='ocr_line' id='line_1_2' title="bbox 312 322 1711 375; baseline -0.001 -13"><span class='ocrx_word' id='word_1_4' title='bbox 312 333 468 368; x_wconf 87' lang='lat' dir='ltr'>teneret,</span> <span class='ocrx_word' id='word_1_5' title='bbox 499 322 620 375; x_wconf 87' lang='lat' dir='ltr'>iisque</span> <span class='ocrx_word' id='word_1_6' title='bbox 651 332 832 368; x_wconf 89' lang='lat' dir='ltr'>uteretur,</span> <span class='ocrx_word' id='word_1_7' title='bbox 875 322 981 361; x_wconf 86' lang='lat' dir='ltr'>hunc</span> <span class='ocrx_word' id='word_1_8' title='bbox 1016 323 1237 375; x_wconf 72' lang='lat' dir='ltr'>reipublicae</span> <span class='ocrx_word' id='word_1_9' title='bbox 1269 324 1468 366; x_wconf 56' lang='lat' dir='ltr'>rectorem,</span> <span class='ocrx_word' id='word_1_10' title='bbox 1500 331 1537 360; x_wconf 88' lang='lat' dir='ltr'>et</span> <span class='ocrx_word' id='word_1_11' title='bbox 1563 323 1711 360; x_wconf 79' lang='lat' dir='ltr'>consilii</span> 
     </span>
     <span class='ocr_line' id='line_1_3' title="bbox 310 388 1709 442; baseline -0.001 -15"><span class='ocrx_word' id='word_1_12' title='bbox 310 390 458 442; x_wconf 86' lang='lat' dir='ltr'>publici</span> <span class='ocrx_word' id='word_1_13' title='bbox 479 390 686 434; x_wconf 65' lang='lat' dir='ltr'>auctorem,</span> <span class='ocrx_word' id='word_1_14' title='bbox 708 389 778 427; x_wconf 82' lang='lat' dir='ltr'>effe</span> <span class='ocrx_word' id='word_1_15' title='bbox 794 388 1040 433; x_wconf 84' lang='lat' dir='ltr'>habendum;</span> <span class='ocrx_word' id='word_1_16' title='bbox 1073 388 1396 441; x_wconf 78' lang='lat' dir='ltr'>praedicaremque</span> <span class='ocrx_word' id='word_1_17' title='bbox 1417 389 1461 426; x_wconf 92' lang='lat' dir='ltr'>P.</span> <span class='ocrx_word' id='word_1_18' title='bbox 1482 388 1709 431; x_wconf 84' lang='lat' dir='ltr'><strong>Lentulum,</strong></span> 
     </span>
     <span class='ocr_line' id='line_1_4' title="bbox 311 453 1710 507; baseline -0.001 -16"><span class='ocrx_word' id='word_1_19' title='bbox 311 455 527 507; x_wconf 82' lang='lat' dir='ltr'>principem</span> <span class='ocrx_word' id='word_1_20' title='bbox 559 453 687 499; x_wconf 87' lang='lat' dir='ltr'>illum,</span> <span class='ocrx_word' id='word_1_21' title='bbox 737 464 776 492; x_wconf 90' lang='lat' dir='ltr'>et</span> <span class='ocrx_word' id='word_1_22' title='bbox 806 454 903 492; x_wconf 90' lang='lat' dir='ltr'><strong>Tib.</strong></span> <span class='ocrx_word' id='word_1_23' title='bbox 927 453 1154 492; x_wconf 83' lang='lat' dir='ltr'>Gracchum</span> <span class='ocrx_word' id='word_1_24' title='bbox 1193 463 1352 507; x_wconf 86' lang='lat' dir='ltr'>patrem,</span> <span class='ocrx_word' id='word_1_25' title='bbox 1395 463 1434 491; x_wconf 90' lang='lat' dir='ltr'>et</span> <span class='ocrx_word' id='word_1_26' title='bbox 1468 455 1536 505; x_wconf 83' lang='lat' dir='ltr'>Q</span> <span class='ocrx_word' id='word_1_27' title='bbox 1564 453 1710 491; x_wconf 81' lang='lat' dir='ltr'>Metel—</span> 
     </span>
     <span class='ocr_line' id='line_1_5' title="bbox 311 519 1712 565; baseline 0.001 -8"><span class='ocrx_word' id='word_1_28' title='bbox 311 520 409 565; x_wconf 88' lang='lat' dir='ltr'>lum,</span> <span class='ocrx_word' id='word_1_29' title='bbox 432 530 469 558; x_wconf 89' lang='lat' dir='ltr'>et</span> <span class='ocrx_word' id='word_1_30' title='bbox 492 521 534 558; x_wconf 84' lang='lat' dir='ltr'>P.</span> <span class='ocrx_word' id='word_1_31' title='bbox 550 519 795 565; x_wconf 87' lang='lat' dir='ltr'>Africanum,</span> <span class='ocrx_word' id='word_1_32' title='bbox 816 530 854 558; x_wconf 91' lang='lat' dir='ltr'>et</span> <span class='ocrx_word' id='word_1_33' title='bbox 871 521 919 559; x_wconf 88' lang='lat' dir='ltr'>C.</span> <span class='ocrx_word' id='word_1_34' title='bbox 936 520 1118 565; x_wconf 70' lang='lat' dir='ltr'>Laelium,</span> <span class='ocrx_word' id='word_1_35' title='bbox 1133 529 1170 558; x_wconf 89' lang='lat' dir='ltr'>et</span> <span class='ocrx_word' id='word_1_36' title='bbox 1190 519 1490 558; x_wconf 89' lang='lat' dir='ltr'>innumerabiles</span> <span class='ocrx_word' id='word_1_37' title='bbox 1508 519 1600 557; x_wconf 86' lang='lat' dir='ltr'>alios</span> <span class='ocrx_word' id='word_1_38' title='bbox 1618 532 1712 558; x_wconf 91' lang='lat' dir='ltr'>cum</span> 
     </span>
     <span class='ocr_line' id='line_1_6' title="bbox 311 585 1711 637; baseline -0.001 -14"><span class='ocrx_word' id='word_1_39' title='bbox 311 599 356 623; x_wconf 84' lang='lat' dir='ltr'>ex</span> <span class='ocrx_word' id='word_1_40' title='bbox 379 586 500 624; x_wconf 88' lang='lat' dir='ltr'>nostra</span> <span class='ocrx_word' id='word_1_41' title='bbox 518 585 686 631; x_wconf 85' lang='lat' dir='ltr'>civitate,</span> <span class='ocrx_word' id='word_1_42' title='bbox 719 596 803 624; x_wconf 88' lang='lat' dir='ltr'>tum</span> <span class='ocrx_word' id='word_1_43' title='bbox 835 600 881 624; x_wconf 84' lang='lat' dir='ltr'>ex</span> <span class='ocrx_word' id='word_1_44' title='bbox 902 586 1058 624; x_wconf 81' lang='lat' dir='ltr'>caeteris.</span> <span class='ocrx_word' id='word_1_45' title='bbox 1098 587 1163 624; x_wconf 89' lang='lat' dir='ltr'>Sin</span> <span class='ocrx_word' id='word_1_46' title='bbox 1192 595 1320 624; x_wconf 88' lang='lat' dir='ltr'>autem</span> <span class='ocrx_word' id='word_1_47' title='bbox 1341 595 1584 637; x_wconf 63' lang='lat' dir='ltr'>quaereretur,</span> <span class='ocrx_word' id='word_1_48' title='bbox 1606 585 1711 636; x_wconf 81' lang='lat' dir='ltr'>quis-</span> 
     </span>
     <span class='ocr_line' id='line_1_7' title="bbox 313 651 1710 703; baseline 0 -15"><span class='ocrx_word' id='word_1_49' title='bbox 313 665 400 689; x_wconf 89' lang='lat' dir='ltr'>nam</span> <span class='ocrx_word' id='word_1_50' title='bbox 414 651 706 703; x_wconf 85' lang='lat' dir='ltr'>jurisconsultus</span> <span class='ocrx_word' id='word_1_51' title='bbox 726 665 812 690; x_wconf 90' lang='lat' dir='ltr'>vere</span> <span class='ocrx_word' id='word_1_52' title='bbox 833 652 1095 690; x_wconf 84' lang='lat' dir='ltr'>nominaretur</span> <span class='ocrx_word' id='word_1_53' title='bbox 1111 670 1122 696; x_wconf 72' lang='lat'><em>3</em></span> <span class='ocrx_word' id='word_1_54' title='bbox 1154 665 1244 689; x_wconf 91' lang='lat' dir='ltr'>eum</span> <span class='ocrx_word' id='word_1_55' title='bbox 1265 651 1447 696; x_wconf 86' lang='lat' dir='ltr'>dicerem,</span> <span class='ocrx_word' id='word_1_56' title='bbox 1475 651 1543 703; x_wconf 90' lang='lat' dir='ltr'>qui</span> <span class='ocrx_word' id='word_1_57' title='bbox 1564 651 1710 702; x_wconf 83' lang='lat' dir='ltr'>legum,</span> 
     </span>
     <span class='ocr_line' id='line_1_8' title="bbox 313 717 1713 769; baseline -0.001 -14"><span class='ocrx_word' id='word_1_58' title='bbox 313 727 350 755; x_wconf 92' lang='lat' dir='ltr'>et</span> <span class='ocrx_word' id='word_1_59' title='bbox 381 717 666 755; x_wconf 73' lang='lat' dir='ltr'>consuetudinis</span> <span class='ocrx_word' id='word_1_60' title='bbox 698 718 794 769; x_wconf 85' lang='lat' dir='ltr'>ejus,</span> <span class='ocrx_word' id='word_1_61' title='bbox 825 730 900 769; x_wconf 89' lang='lat' dir='ltr'>qua</span> <span class='ocrx_word' id='word_1_62' title='bbox 933 718 1070 769; x_wconf 90' lang='lat' dir='ltr'>privati</span> <span class='ocrx_word' id='word_1_63' title='bbox 1100 717 1141 754; x_wconf 88' lang='lat' dir='ltr'>in</span> <span class='ocrx_word' id='word_1_64' title='bbox 1175 718 1327 755; x_wconf 85' lang='lat' dir='ltr'>civitate</span> <span class='ocrx_word' id='word_1_65' title='bbox 1360 726 1572 761; x_wconf 88' lang='lat' dir='ltr'>uterentur,</span> <span class='ocrx_word' id='word_1_66' title='bbox 1601 726 1638 754; x_wconf 93' lang='lat' dir='ltr'>et</span> <span class='ocrx_word' id='word_1_67' title='bbox 1667 717 1713 754; x_wconf 84' lang='lat' dir='ltr'>ad</span> 
     </span>
     <span class='ocr_line' id='line_1_9' title="bbox 313 782 1710 836; baseline 0 -16"><span class='ocrx_word' id='word_1_68' title='bbox 313 783 633 835; x_wconf 82' lang='lat' dir='ltr'>respondendum,</span> <span class='ocrx_word' id='word_1_69' title='bbox 664 793 702 821; x_wconf 92' lang='lat' dir='ltr'>et</span> <span class='ocrx_word' id='word_1_70' title='bbox 721 784 767 821; x_wconf 90' lang='lat' dir='ltr'>ad</span> <span class='ocrx_word' id='word_1_71' title='bbox 787 784 993 836; x_wconf 86' lang='lat' dir='ltr'>agendum,</span> <span class='ocrx_word' id='word_1_72' title='bbox 1023 793 1061 820; x_wconf 89' lang='lat' dir='ltr'>et</span> <span class='ocrx_word' id='word_1_73' title='bbox 1092 784 1138 821; x_wconf 86' lang='lat' dir='ltr'>ad</span> <span class='ocrx_word' id='word_1_74' title='bbox 1170 783 1396 828; x_wconf 83' lang='lat' dir='ltr'>cavendum,</span> <span class='ocrx_word' id='word_1_75' title='bbox 1428 784 1571 835; x_wconf 84' lang='lat' dir='ltr'>peritus</span> <span class='ocrx_word' id='word_1_76' title='bbox 1598 782 1710 827; x_wconf 72' lang='lat' dir='ltr'>efl&#39;et5</span> 
     </span>
     <span class='ocr_line' id='line_1_10' title="bbox 312 848 1711 901; baseline 0.001 -15"><span class='ocrx_word' id='word_1_77' title='bbox 312 858 350 886; x_wconf 90' lang='lat' dir='ltr'>et</span> <span class='ocrx_word' id='word_1_78' title='bbox 369 863 416 887; x_wconf 84' lang='lat' dir='ltr'>ex</span> <span class='ocrx_word' id='word_1_79' title='bbox 436 863 480 887; x_wconf 89' lang='lat' dir='ltr'>eo</span> <span class='ocrx_word' id='word_1_80' title='bbox 500 862 635 901; x_wconf 80' lang='lat' dir='ltr'>genere</span> <span class='ocrx_word' id='word_1_81' title='bbox 655 851 739 888; x_wconf 86' lang='lat' dir='ltr'>Sex.</span> <span class='ocrx_word' id='word_1_82' title='bbox 762 848 928 894; x_wconf 87' lang='lat' dir='ltr'>AElium‚</span> <span class='ocrx_word' id='word_1_83' title='bbox 960 849 1022 887; x_wconf 89' lang='lat' dir='ltr'>M.</span> <span class='ocrx_word' id='word_1_84' title='bbox 1045 849 1274 894; x_wconf 85' lang='lat' dir='ltr'>Manilium,</span> <span class='ocrx_word' id='word_1_85' title='bbox 1307 850 1351 888; x_wconf 88' lang='lat' dir='ltr'>P.</span> <span class='ocrx_word' id='word_1_86' title='bbox 1374 850 1561 887; x_wconf 89' lang='lat' dir='ltr'>Mucium</span> <span class='ocrx_word' id='word_1_87' title='bbox 1582 850 1711 887; x_wconf 88' lang='lat' dir='ltr'>nomi-</span> 
     </span>
     <span class='ocr_line' id='line_1_11' title="bbox 312 927 455 952; baseline 0.014 -2"><span class='ocrx_word' id='word_1_88' title='bbox 312 927 455 952; x_wconf 79' lang='lat' dir='ltr'>narem.</span> 
     </span>
    </p>

    <p class='ocr_par' dir='ltr' id='par_1_3' title="bbox 311 979 1714 1493">
     <span class='ocr_line' id='line_1_12' title="bbox 362 979 1713 1033; baseline -0.001 -15"><span class='ocrx_word' id='word_1_89' title='bbox 362 980 512 1018; x_wconf 91' lang='lat' dir='ltr'>XLIX.</span> <span class='ocrx_word' id='word_1_90' title='bbox 527 982 673 1033; x_wconf 88' lang='lat' dir='ltr'>Atque,</span> <span class='ocrx_word' id='word_1_91' title='bbox 688 990 732 1019; x_wconf 91' lang='lat' dir='ltr'>ut</span> <span class='ocrx_word' id='word_1_92' title='bbox 745 981 828 1033; x_wconf 83' lang='lat' dir='ltr'>jam</span> <span class='ocrx_word' id='word_1_93' title='bbox 848 979 894 1018; x_wconf 92' lang='lat' dir='ltr'>ad</span> <span class='ocrx_word' id='word_1_94' title='bbox 907 979 1046 1018; x_wconf 88' lang='lat' dir='ltr'>leviora</span> <span class='ocrx_word' id='word_1_95' title='bbox 1065 981 1207 1019; x_wconf 88' lang='lat' dir='ltr'>artium</span> <span class='ocrx_word' id='word_1_96' title='bbox 1228 980 1350 1018; x_wconf 80' lang='lat' dir='ltr'>studia</span> <span class='ocrx_word' id='word_1_97' title='bbox 1364 980 1531 1024; x_wconf 87' lang='lat' dir='ltr'>veniam,</span> <span class='ocrx_word' id='word_1_98' title='bbox 1549 980 1575 1018; x_wconf 87' lang='lat' dir='ltr'>fi</span> <span class='ocrx_word' id='word_1_99' title='bbox 1593 979 1713 1017; x_wconf 84' lang='lat' dir='ltr'>musl-</span> 
     </span>
     <span class='ocr_line' id='line_1_13' title="bbox 311 1046 1711 1100; baseline -0.001 -16"><span class='ocrx_word' id='word_1_100' title='bbox 311 1059 393 1090; x_wconf 80' lang='lat' dir='ltr'>cus,</span> <span class='ocrx_word' id='word_1_101' title='bbox 409 1046 434 1084; x_wconf 89' lang='lat' dir='ltr'><strong>fi</strong></span> <span class='ocrx_word' id='word_1_102' title='bbox 454 1048 744 1099; x_wconf 86' lang='lat' dir='ltr'>grammaticus,</span> <span class='ocrx_word' id='word_1_103' title='bbox 763 1048 788 1085; x_wconf 92' lang='lat' dir='ltr'><strong>fi</strong></span> <span class='ocrx_word' id='word_1_104' title='bbox 802 1057 912 1100; x_wconf 88' lang='lat' dir='ltr'>poeta</span> <span class='ocrx_word' id='word_1_105' title='bbox 931 1056 1134 1099; x_wconf 85' lang='lat' dir='ltr'>quaeratur,</span> <span class='ocrx_word' id='word_1_106' title='bbox 1154 1047 1292 1100; x_wconf 88' lang='lat' dir='ltr'>poffim</span> <span class='ocrx_word' id='word_1_107' title='bbox 1312 1047 1489 1085; x_wconf 87' lang='lat' dir='ltr'>fimiliter</span> <span class='ocrx_word' id='word_1_108' title='bbox 1507 1046 1711 1099; x_wconf 83' lang='lat' dir='ltr'>explicare,</span> 
     </span>
     <span class='ocr_line' id='line_1_14' title="bbox 311 1111 1714 1166; baseline 0 -17"><span class='ocrx_word' id='word_1_109' title='bbox 311 1111 407 1163; x_wconf 92' lang='lat' dir='ltr'>quid</span> <span class='ocrx_word' id='word_1_110' title='bbox 425 1125 558 1150; x_wconf 85' lang='lat' dir='ltr'>eorum</span> <span class='ocrx_word' id='word_1_111' title='bbox 579 1113 740 1164; x_wconf 83' lang='lat' dir='ltr'>quisque</span> <span class='ocrx_word' id='word_1_112' title='bbox 770 1112 1006 1166; x_wconf 89' lang='lat' dir='ltr'>profiteatur,</span> <span class='ocrx_word' id='word_1_113' title='bbox 1037 1121 1075 1150; x_wconf 89' lang='lat' dir='ltr'>et</span> <span class='ocrx_word' id='word_1_114' title='bbox 1096 1127 1174 1165; x_wconf 94' lang='lat' dir='ltr'>quo</span> <span class='ocrx_word' id='word_1_115' title='bbox 1195 1127 1272 1151; x_wconf 90' lang='lat' dir='ltr'>non</span> <span class='ocrx_word' id='word_1_116' title='bbox 1293 1112 1458 1165; x_wconf 85' lang='lat' dir='ltr'>amplius</span> <span class='ocrx_word' id='word_1_117' title='bbox 1491 1113 1537 1150; x_wconf 87' lang='lat' dir='ltr'>ab</span> <span class='ocrx_word' id='word_1_118' title='bbox 1559 1125 1714 1164; x_wconf 87' lang='lat' dir='ltr'>quoque</span> 
     </span>
     <span class='ocr_line' id='line_1_15' title="bbox 311 1176 1713 1232; baseline 0.001 -18"><span class='ocrx_word' id='word_1_119' title='bbox 311 1177 356 1214; x_wconf 89' lang='lat' dir='ltr'>s1t</span> <span class='ocrx_word' id='word_1_120' title='bbox 375 1177 660 1229; x_wconf 88' lang='lat' dir='ltr'>postulandum.</span> <span class='ocrx_word' id='word_1_121' title='bbox 703 1178 931 1231; x_wconf 82' lang='lat' dir='ltr'>Philosophi</span> <span class='ocrx_word' id='word_1_122' title='bbox 951 1178 1115 1230; x_wconf 87' lang='lat' dir='ltr'>denique</span> <span class='ocrx_word' id='word_1_123' title='bbox 1134 1178 1263 1232; x_wconf 87' lang='lat' dir='ltr'>ipfius,</span> <span class='ocrx_word' id='word_1_124' title='bbox 1297 1179 1365 1231; x_wconf 89' lang='lat' dir='ltr'>qui</span> <span class='ocrx_word' id='word_1_125' title='bbox 1386 1179 1431 1216; x_wconf 89' lang='lat' dir='ltr'>de</span> <span class='ocrx_word' id='word_1_126' title='bbox 1452 1176 1515 1216; x_wconf 86' lang='lat' dir='ltr'>sua</span> <span class='ocrx_word' id='word_1_127' title='bbox 1535 1179 1572 1215; x_wconf 88' lang='lat' dir='ltr'>vi</span> <span class='ocrx_word' id='word_1_128' title='bbox 1592 1192 1634 1216; x_wconf 90' lang='lat' dir='ltr'>ac</span> <span class='ocrx_word' id='word_1_129' title='bbox 1656 1177 1713 1215; x_wconf 85' lang='lat' dir='ltr'>sa-</span> 
     </span>
     <span class='ocr_line' id='line_1_16' title="bbox 311 1243 1712 1296; baseline 0.001 -16"><span class='ocrx_word' id='word_1_130' title='bbox 311 1243 455 1296; x_wconf 81' lang='lat' dir='ltr'>pientia</span> <span class='ocrx_word' id='word_1_131' title='bbox 475 1256 572 1280; x_wconf 88' lang='lat' dir='ltr'>unus</span> <span class='ocrx_word' id='word_1_132' title='bbox 591 1244 722 1281; x_wconf 89' lang='lat' dir='ltr'>omnia</span> <span class='ocrx_word' id='word_1_133' title='bbox 742 1257 838 1296; x_wconf 90' lang='lat' dir='ltr'>pene</span> <span class='ocrx_word' id='word_1_134' title='bbox 858 1243 1072 1296; x_wconf 87' lang='lat' dir='ltr'>profitetur,</span> <span class='ocrx_word' id='word_1_135' title='bbox 1089 1244 1142 1281; x_wconf 91' lang='lat' dir='ltr'>est</span> <span class='ocrx_word' id='word_1_136' title='bbox 1157 1254 1287 1282; x_wconf 88' lang='lat' dir='ltr'>tamen</span> <span class='ocrx_word' id='word_1_137' title='bbox 1303 1244 1478 1296; x_wconf 86' lang='lat' dir='ltr'>quaedam</span> <span class='ocrx_word' id='word_1_138' title='bbox 1495 1244 1712 1296; x_wconf 85' lang='lat' dir='ltr'>descriptio,</span> 
     </span>
     <span class='ocr_line' id='line_1_17' title="bbox 312 1309 1713 1362; baseline 0.001 -16"><span class='ocrx_word' id='word_1_139' title='bbox 312 1318 355 1347; x_wconf 90' lang='lat' dir='ltr'>ut</span> <span class='ocrx_word' id='word_1_140' title='bbox 375 1309 421 1354; x_wconf 86' lang='lat' dir='ltr'>is,</span> <span class='ocrx_word' id='word_1_141' title='bbox 444 1309 511 1361; x_wconf 90' lang='lat' dir='ltr'>qui</span> <span class='ocrx_word' id='word_1_142' title='bbox 532 1309 677 1347; x_wconf 84' lang='lat' dir='ltr'>studeat</span> <span class='ocrx_word' id='word_1_143' title='bbox 697 1311 877 1348; x_wconf 90' lang='lat' dir='ltr'>omnium</span> <span class='ocrx_word' id='word_1_144' title='bbox 898 1323 1025 1348; x_wconf 89' lang='lat' dir='ltr'>rerum</span> <span class='ocrx_word' id='word_1_145' title='bbox 1054 1310 1288 1355; x_wconf 86' lang='lat' dir='ltr'>divinarum,</span> <span class='ocrx_word' id='word_1_146' title='bbox 1320 1320 1434 1362; x_wconf 89' lang='lat' dir='ltr'>atque</span> <span class='ocrx_word' id='word_1_147' title='bbox 1455 1309 1713 1348; x_wconf 82' lang='lat' dir='ltr'>humanarum</span> 
     </span>
     <span class='ocr_line' id='line_1_18' title="bbox 312 1374 1713 1427; baseline 0.001 -16"><span class='ocrx_word' id='word_1_148' title='bbox 312 1374 407 1418; x_wconf 87' lang='lat' dir='ltr'>vim,</span> <span class='ocrx_word' id='word_1_149' title='bbox 440 1383 629 1419; x_wconf 87' lang='lat' dir='ltr'>naturam,</span> <span class='ocrx_word' id='word_1_150' title='bbox 662 1375 861 1427; x_wconf 87' lang='lat' dir='ltr'>causasque</span> <span class='ocrx_word' id='word_1_151' title='bbox 883 1374 997 1419; x_wconf 84' lang='lat' dir='ltr'>noffe,</span> <span class='ocrx_word' id='word_1_152' title='bbox 1032 1383 1070 1412; x_wconf 86' lang='lat' dir='ltr'>et</span> <span class='ocrx_word' id='word_1_153' title='bbox 1090 1388 1250 1413; x_wconf 89' lang='lat' dir='ltr'>omnem</span> <span class='ocrx_word' id='word_1_154' title='bbox 1284 1375 1382 1413; x_wconf 89' lang='lat' dir='ltr'>bene</span> <span class='ocrx_word' id='word_1_155' title='bbox 1412 1374 1564 1413; x_wconf 88' lang='lat' dir='ltr'>vivendi</span> <span class='ocrx_word' id='word_1_156' title='bbox 1595 1374 1713 1412; x_wconf 90' lang='lat' dir='ltr'>ratio-</span> 
     </span>
     <span class='ocr_line' id='line_1_19' title="bbox 313 1438 1335 1493; baseline 0.001 -16"><span class='ocrx_word' id='word_1_157' title='bbox 313 1452 403 1477; x_wconf 89' lang='lat' dir='ltr'>nem</span> <span class='ocrx_word' id='word_1_158' title='bbox 424 1449 550 1477; x_wconf 90' lang='lat' dir='ltr'>tenere</span> <span class='ocrx_word' id='word_1_159' title='bbox 570 1449 606 1477; x_wconf 91' lang='lat' dir='ltr'>et</span> <span class='ocrx_word' id='word_1_160' title='bbox 626 1440 812 1492; x_wconf 87' lang='lat' dir='ltr'>persequi,</span> <span class='ocrx_word' id='word_1_161' title='bbox 836 1440 994 1478; x_wconf 89' lang='lat' dir='ltr'>nomine</span> <span class='ocrx_word' id='word_1_162' title='bbox 1013 1438 1089 1477; x_wconf 92' lang='lat' dir='ltr'>hoc</span> <span class='ocrx_word' id='word_1_163' title='bbox 1110 1440 1335 1493; x_wconf 87' lang='lat' dir='ltr'>appelletur.</span> 
     </span>
    </p>

    <p class='ocr_par' dir='ltr' id='par_1_4' title="bbox 312 1503 1715 2017">
     <span class='ocr_line' id='line_1_20' title="bbox 369 1503 1713 1558; baseline -0.001 -14"><span class='ocrx_word' id='word_1_164' title='bbox 369 1506 571 1544; x_wconf 85' lang='lat' dir='ltr'>Oratorem</span> <span class='ocrx_word' id='word_1_165' title='bbox 593 1516 736 1551; x_wconf 89' lang='lat' dir='ltr'>autem,</span> <span class='ocrx_word' id='word_1_166' title='bbox 759 1507 942 1558; x_wconf 87' lang='lat' dir='ltr'>quoniam</span> <span class='ocrx_word' id='word_1_167' title='bbox 970 1506 1016 1543; x_wconf 87' lang='lat' dir='ltr'>de</span> <span class='ocrx_word' id='word_1_168' title='bbox 1035 1519 1080 1543; x_wconf 89' lang='lat' dir='ltr'>eo</span> <span class='ocrx_word' id='word_1_169' title='bbox 1099 1506 1322 1558; x_wconf 67' lang='lat' dir='ltr'>quaerimus,</span> <span class='ocrx_word' id='word_1_170' title='bbox 1354 1505 1534 1557; x_wconf 89' lang='lat' dir='ltr'>equidem</span> <span class='ocrx_word' id='word_1_171' title='bbox 1555 1518 1633 1543; x_wconf 89' lang='lat' dir='ltr'>non</span> <span class='ocrx_word' id='word_1_172' title='bbox 1654 1503 1713 1542; x_wconf 85' lang='lat' dir='ltr'>fa-</span> 
     </span>
     <span class='ocr_line' id='line_1_21' title="bbox 312 1571 1715 1624; baseline 0 -14"><span class='ocrx_word' id='word_1_173' title='bbox 312 1571 373 1610; x_wconf 91' lang='lat' dir='ltr'>cio</span> <span class='ocrx_word' id='word_1_174' title='bbox 398 1571 578 1617; x_wconf 90' lang='lat' dir='ltr'>eundem,</span> <span class='ocrx_word' id='word_1_175' title='bbox 601 1585 720 1624; x_wconf 88' lang='lat' dir='ltr'>quem</span> <span class='ocrx_word' id='word_1_176' title='bbox 742 1572 919 1616; x_wconf 83' lang='lat' dir='ltr'>Craffus;</span> <span class='ocrx_word' id='word_1_177' title='bbox 951 1572 1019 1624; x_wconf 87' lang='lat' dir='ltr'>qui</span> <span class='ocrx_word' id='word_1_178' title='bbox 1040 1571 1140 1609; x_wconf 87' lang='lat' dir='ltr'>mihi</span> <span class='ocrx_word' id='word_1_179' title='bbox 1161 1572 1260 1609; x_wconf 84' lang='lat' dir='ltr'>visus</span> <span class='ocrx_word' id='word_1_180' title='bbox 1281 1571 1333 1609; x_wconf 91' lang='lat' dir='ltr'>est</span> <span class='ocrx_word' id='word_1_181' title='bbox 1353 1584 1513 1609; x_wconf 89' lang='lat' dir='ltr'>omnem</span> <span class='ocrx_word' id='word_1_182' title='bbox 1533 1571 1715 1610; x_wconf 85' lang='lat' dir='ltr'>omnium</span> 
     </span>
     <span class='ocr_line' id='line_1_22' title="bbox 312 1636 1713 1690; baseline -0.001 -15"><span class='ocrx_word' id='word_1_183' title='bbox 312 1651 440 1675; x_wconf 90' lang='lat' dir='ltr'>rerum</span> <span class='ocrx_word' id='word_1_184' title='bbox 460 1646 575 1689; x_wconf 87' lang='lat' dir='ltr'>atque</span> <span class='ocrx_word' id='word_1_185' title='bbox 605 1638 746 1675; x_wconf 86' lang='lat' dir='ltr'>artium</span> <span class='ocrx_word' id='word_1_186' title='bbox 770 1637 969 1675; x_wconf 88' lang='lat' dir='ltr'>scientiam</span> <span class='ocrx_word' id='word_1_187' title='bbox 989 1636 1315 1690; x_wconf 87' lang='lat' dir='ltr'>comprehendere</span> <span class='ocrx_word' id='word_1_188' title='bbox 1346 1650 1425 1675; x_wconf 90' lang='lat' dir='ltr'>uno</span> <span class='ocrx_word' id='word_1_189' title='bbox 1444 1637 1602 1674; x_wconf 81' lang='lat' dir='ltr'>oratoris</span> <span class='ocrx_word' id='word_1_190' title='bbox 1624 1637 1713 1674; x_wconf 87' lang='lat' dir='ltr'>offi-</span> 
     </span>
     <span class='ocr_line' id='line_1_23' title="bbox 313 1702 1712 1756; baseline -0.001 -15"><span class='ocrx_word' id='word_1_191' title='bbox 313 1704 387 1748; x_wconf 86' lang='lat' dir='ltr'>cio,</span> <span class='ocrx_word' id='word_1_192' title='bbox 419 1716 461 1741; x_wconf 90' lang='lat' dir='ltr'>ac</span> <span class='ocrx_word' id='word_1_193' title='bbox 483 1704 640 1741; x_wconf 85' lang='lat' dir='ltr'>nomine</span> <span class='ocrx_word' id='word_1_194' title='bbox 659 1719 667 1741; x_wconf 91' lang='lat'>:</span> <span class='ocrx_word' id='word_1_195' title='bbox 700 1713 813 1756; x_wconf 87' lang='lat' dir='ltr'>atque</span> <span class='ocrx_word' id='word_1_196' title='bbox 833 1717 923 1741; x_wconf 90' lang='lat' dir='ltr'>eum</span> <span class='ocrx_word' id='word_1_197' title='bbox 944 1712 1040 1755; x_wconf 88' lang='lat' dir='ltr'>puto</span> <span class='ocrx_word' id='word_1_198' title='bbox 1059 1702 1144 1747; x_wconf 84' lang='lat' dir='ltr'>effe,</span> <span class='ocrx_word' id='word_1_199' title='bbox 1179 1704 1247 1755; x_wconf 91' lang='lat' dir='ltr'>qui</span> <span class='ocrx_word' id='word_1_200' title='bbox 1266 1712 1305 1740; x_wconf 88' lang='lat' dir='ltr'>et</span> <span class='ocrx_word' id='word_1_201' title='bbox 1335 1703 1458 1740; x_wconf 88' lang='lat' dir='ltr'>verbis</span> <span class='ocrx_word' id='word_1_202' title='bbox 1480 1702 1525 1740; x_wconf 91' lang='lat' dir='ltr'>ad</span> <span class='ocrx_word' id='word_1_203' title='bbox 1552 1702 1712 1740; x_wconf 90' lang='lat' dir='ltr'>audien-</span> 
     </span>
     <span class='ocr_line' id='line_1_24' title="bbox 314 1767 1713 1819; baseline -0.001 -14"><span class='ocrx_word' id='word_1_204' title='bbox 314 1768 408 1805; x_wconf 91' lang='lat' dir='ltr'>dum</span> <span class='ocrx_word' id='word_1_205' title='bbox 434 1768 631 1819; x_wconf 81' lang='lat' dir='ltr'>jucundis,</span> <span class='ocrx_word' id='word_1_206' title='bbox 662 1778 700 1806; x_wconf 88' lang='lat' dir='ltr'>et</span> <span class='ocrx_word' id='word_1_207' title='bbox 729 1768 924 1806; x_wconf 85' lang='lat' dir='ltr'>sententiis</span> <span class='ocrx_word' id='word_1_208' title='bbox 956 1768 1002 1806; x_wconf 89' lang='lat' dir='ltr'>ad</span> <span class='ocrx_word' id='word_1_209' title='bbox 1033 1768 1276 1819; x_wconf 84' lang='lat' dir='ltr'>probandum</span> <span class='ocrx_word' id='word_1_210' title='bbox 1307 1767 1623 1812; x_wconf 82' lang='lat' dir='ltr'>accommodatis,</span> <span class='ocrx_word' id='word_1_211' title='bbox 1655 1767 1713 1805; x_wconf 88' lang='lat' dir='ltr'>uti</span> 
     </span>
     <span class='ocr_line' id='line_1_25' title="bbox 314 1833 1712 1887; baseline 0 -16"><span class='ocrx_word' id='word_1_212' title='bbox 314 1833 425 1887; x_wconf 88' lang='lat' dir='ltr'>poffit</span> <span class='ocrx_word' id='word_1_213' title='bbox 445 1834 483 1870; x_wconf 86' lang='lat' dir='ltr'>in</span> <span class='ocrx_word' id='word_1_214' title='bbox 505 1834 621 1871; x_wconf 83' lang='lat' dir='ltr'>caufis</span> <span class='ocrx_word' id='word_1_215' title='bbox 642 1833 867 1877; x_wconf 86' lang='lat' dir='ltr'>forenfibus,</span> <span class='ocrx_word' id='word_1_216' title='bbox 890 1843 1003 1885; x_wconf 87' lang='lat' dir='ltr'>atque</span> <span class='ocrx_word' id='word_1_217' title='bbox 1023 1834 1315 1872; x_wconf 85' lang='lat' dir='ltr'>communibus.</span> <span class='ocrx_word' id='word_1_218' title='bbox 1348 1835 1469 1872; x_wconf 89' lang='lat' dir='ltr'>Hunc</span> <span class='ocrx_word' id='word_1_219' title='bbox 1489 1847 1559 1886; x_wconf 87' lang='lat' dir='ltr'>ego</span> <span class='ocrx_word' id='word_1_220' title='bbox 1580 1834 1712 1887; x_wconf 87' lang='lat' dir='ltr'>appel-</span> 
     </span>
     <span class='ocr_line' id='line_1_26' title="bbox 315 1898 1711 1952; baseline 0 -14"><span class='ocrx_word' id='word_1_221' title='bbox 315 1900 352 1938; x_wconf 89' lang='lat' dir='ltr'>lo</span> <span class='ocrx_word' id='word_1_222' title='bbox 372 1908 575 1943; x_wconf 88' lang='lat' dir='ltr'>oratorem,</span> <span class='ocrx_word' id='word_1_223' title='bbox 599 1913 765 1952; x_wconf 86' lang='lat' dir='ltr'>eumque</span> <span class='ocrx_word' id='word_1_224' title='bbox 796 1898 866 1937; x_wconf 83' lang='lat' dir='ltr'>effe</span> <span class='ocrx_word' id='word_1_225' title='bbox 897 1908 1072 1951; x_wconf 81' lang='lat' dir='ltr'>praeterea</span> <span class='ocrx_word' id='word_1_226' title='bbox 1103 1899 1331 1938; x_wconf 64' lang='lat' dir='ltr'>instructum</span> <span class='ocrx_word' id='word_1_227' title='bbox 1351 1913 1458 1944; x_wconf 87' lang='lat' dir='ltr'>voce,</span> <span class='ocrx_word' id='word_1_228' title='bbox 1487 1910 1525 1937; x_wconf 88' lang='lat' dir='ltr'>et</span> <span class='ocrx_word' id='word_1_229' title='bbox 1552 1901 1711 1945; x_wconf 65' lang='lat' dir='ltr'>actione,</span> 
     </span>
     <span class='ocr_line' id='line_1_27' title="bbox 314 1965 824 2017; baseline -0.002 -14"><span class='ocrx_word' id='word_1_230' title='bbox 314 1974 351 2003; x_wconf 91' lang='lat' dir='ltr'>et</span> <span class='ocrx_word' id='word_1_231' title='bbox 371 1965 498 2017; x_wconf 89' lang='lat' dir='ltr'>lepore</span> <span class='ocrx_word' id='word_1_232' title='bbox 519 1965 700 2016; x_wconf 85' lang='lat' dir='ltr'>quodam,</span> <span class='ocrx_word' id='word_1_233' title='bbox 723 1965 824 2002; x_wconf 83' lang='lat' dir='ltr'>volo.</span> 
     </span>
    </p>

    <p class='ocr_par' dir='ltr' id='par_1_5' title="bbox 314 2028 1713 2610">
     <span class='ocr_line' id='line_1_28' title="bbox 360 2028 1712 2068; baseline 0.001 -1"><span class='ocrx_word' id='word_1_234' title='bbox 360 2029 508 2068; x_wconf 77' lang='lat' dir='ltr'>Crassus</span> <span class='ocrx_word' id='word_1_235' title='bbox 529 2043 616 2066; x_wconf 86' lang='lat' dir='ltr'>vero</span> <span class='ocrx_word' id='word_1_236' title='bbox 632 2028 733 2067; x_wconf 87' lang='lat' dir='ltr'>mihi</span> <span class='ocrx_word' id='word_1_237' title='bbox 754 2029 877 2067; x_wconf 88' lang='lat' dir='ltr'>noster</span> <span class='ocrx_word' id='word_1_238' title='bbox 898 2029 996 2066; x_wconf 81' lang='lat' dir='ltr'>visus</span> <span class='ocrx_word' id='word_1_239' title='bbox 1017 2029 1069 2067; x_wconf 90' lang='lat' dir='ltr'>est</span> <span class='ocrx_word' id='word_1_240' title='bbox 1088 2030 1244 2067; x_wconf 81' lang='lat' dir='ltr'>oratoris</span> <span class='ocrx_word' id='word_1_241' title='bbox 1265 2028 1487 2068; x_wconf 80' lang='lat' dir='ltr'>facultatem</span> <span class='ocrx_word' id='word_1_242' title='bbox 1509 2043 1586 2067; x_wconf 89' lang='lat' dir='ltr'>non</span> <span class='ocrx_word' id='word_1_243' title='bbox 1607 2029 1712 2068; x_wconf 83' lang='lat' dir='ltr'>illius</span> 
     </span>
     <span class='ocr_line' id='line_1_29' title="bbox 314 2095 1710 2147; baseline 0 -15"><span class='ocrx_word' id='word_1_244' title='bbox 314 2096 402 2133; x_wconf 88' lang='lat' dir='ltr'>artis</span> <span class='ocrx_word' id='word_1_245' title='bbox 435 2095 624 2140; x_wconf 74' lang='lat' dir='ltr'>terminis,</span> <span class='ocrx_word' id='word_1_246' title='bbox 656 2095 717 2133; x_wconf 87' lang='lat' dir='ltr'>sed</span> <span class='ocrx_word' id='word_1_247' title='bbox 748 2096 893 2147; x_wconf 84' lang='lat' dir='ltr'>ingenii</span> <span class='ocrx_word' id='word_1_248' title='bbox 929 2095 983 2132; x_wconf 90' lang='lat' dir='ltr'>sui</span> <span class='ocrx_word' id='word_1_249' title='bbox 1011 2095 1168 2140; x_wconf 81' lang='lat' dir='ltr'>finibus,</span> <span class='ocrx_word' id='word_1_250' title='bbox 1200 2095 1397 2133; x_wconf 78' lang='lat' dir='ltr'>immensls</span> <span class='ocrx_word' id='word_1_251' title='bbox 1428 2109 1538 2147; x_wconf 88' lang='lat' dir='ltr'>pene,</span> <span class='ocrx_word' id='word_1_252' title='bbox 1569 2096 1710 2133; x_wconf 90' lang='lat' dir='ltr'>descri-</span> 
     </span>
     <span class='ocr_line' id='line_1_30' title="bbox 314 2162 1710 2215; baseline 0 -15"><span class='ocrx_word' id='word_1_253' title='bbox 314 2163 413 2200; x_wconf 90' lang='lat' dir='ltr'>bere.</span> <span class='ocrx_word' id='word_1_254' title='bbox 473 2162 579 2200; x_wconf 84' lang='lat' dir='ltr'>Nam</span> <span class='ocrx_word' id='word_1_255' title='bbox 611 2172 648 2199; x_wconf 92' lang='lat' dir='ltr'>et</span> <span class='ocrx_word' id='word_1_256' title='bbox 679 2163 881 2200; x_wconf 79' lang='lat' dir='ltr'>civitatum</span> <span class='ocrx_word' id='word_1_257' title='bbox 912 2163 1161 2214; x_wconf 82' lang='lat' dir='ltr'>regendarum</span> <span class='ocrx_word' id='word_1_258' title='bbox 1183 2163 1321 2200; x_wconf 77' lang='lat' dir='ltr'>oratori</span> <span class='ocrx_word' id='word_1_259' title='bbox 1350 2162 1607 2215; x_wconf 85' lang='lat' dir='ltr'>gubernacula</span> <span class='ocrx_word' id='word_1_260' title='bbox 1627 2163 1710 2200; x_wconf 90' lang='lat' dir='ltr'>sen-</span> 
     </span>
     <span class='ocr_line' id='line_1_31' title="bbox 314 2226 1708 2279; baseline 0.001 -16"><span class='ocrx_word' id='word_1_261' title='bbox 314 2227 432 2264; x_wconf 86' lang='lat' dir='ltr'>tentia</span> <span class='ocrx_word' id='word_1_262' title='bbox 451 2226 513 2264; x_wconf 86' lang='lat' dir='ltr'>sua</span> <span class='ocrx_word' id='word_1_263' title='bbox 533 2227 714 2272; x_wconf 64' lang='lat' dir='ltr'>tradidit,</span> <span class='ocrx_word' id='word_1_264' title='bbox 746 2227 785 2264; x_wconf 80' lang='lat' dir='ltr'>in</span> <span class='ocrx_word' id='word_1_265' title='bbox 807 2241 885 2279; x_wconf 91' lang='lat' dir='ltr'>quo</span> <span class='ocrx_word' id='word_1_266' title='bbox 916 2241 980 2279; x_wconf 90' lang='lat' dir='ltr'>per</span> <span class='ocrx_word' id='word_1_267' title='bbox 1000 2226 1100 2264; x_wconf 81' lang='lat' dir='ltr'>mihi</span> <span class='ocrx_word' id='word_1_268' title='bbox 1121 2227 1266 2265; x_wconf 88' lang='lat' dir='ltr'>mirum</span> <span class='ocrx_word' id='word_1_269' title='bbox 1286 2227 1411 2265; x_wconf 89' lang='lat' dir='ltr'>visum</span> <span class='ocrx_word' id='word_1_270' title='bbox 1431 2227 1498 2272; x_wconf 87' lang='lat' dir='ltr'>est,</span> <span class='ocrx_word' id='word_1_271' title='bbox 1530 2228 1708 2271; x_wconf 82' lang='lat' dir='ltr'>Scaevola,</span> 
     </span>
     <span class='ocr_line' id='line_1_32' title="bbox 316 2292 1710 2346; baseline 0.001 -17"><span class='ocrx_word' id='word_1_272' title='bbox 316 2304 351 2329; x_wconf 87' lang='lat' dir='ltr'>te</span> <span class='ocrx_word' id='word_1_273' title='bbox 371 2292 445 2329; x_wconf 90' lang='lat' dir='ltr'>hoc</span> <span class='ocrx_word' id='word_1_274' title='bbox 467 2292 525 2329; x_wconf 90' lang='lat' dir='ltr'>illi</span> <span class='ocrx_word' id='word_1_275' title='bbox 545 2293 765 2337; x_wconf 89' lang='lat' dir='ltr'>concedere,</span> <span class='ocrx_word' id='word_1_276' title='bbox 798 2306 889 2330; x_wconf 86' lang='lat' dir='ltr'>cum</span> <span class='ocrx_word' id='word_1_277' title='bbox 911 2293 1106 2346; x_wconf 79' lang='lat' dir='ltr'>saepiffime</span> <span class='ocrx_word' id='word_1_278' title='bbox 1127 2294 1198 2331; x_wconf 90' lang='lat' dir='ltr'>tibi</span> <span class='ocrx_word' id='word_1_279' title='bbox 1231 2294 1376 2331; x_wconf 82' lang='lat' dir='ltr'>senatus</span> <span class='ocrx_word' id='word_1_280' title='bbox 1398 2293 1562 2331; x_wconf 88' lang='lat' dir='ltr'>breviter</span> <span class='ocrx_word' id='word_1_281' title='bbox 1581 2294 1710 2345; x_wconf 87' lang='lat' dir='ltr'>impo-</span> 
     </span>
     <span class='ocr_line' id='line_1_33' title="bbox 318 2349 1708 2411; baseline 0.001 -17"><span class='ocrx_word' id='word_1_282' title='bbox 318 2359 459 2411; x_wconf 89' lang='lat' dir='ltr'>liteque</span> <span class='ocrx_word' id='word_1_283' title='bbox 483 2358 625 2395; x_wconf 84' lang='lat' dir='ltr'>dicenti</span> <span class='ocrx_word' id='word_1_284' title='bbox 644 2360 824 2397; x_wconf 84' lang='lat' dir='ltr'>maximis</span> <span class='ocrx_word' id='word_1_285' title='bbox 855 2359 898 2397; x_wconf 88' lang='lat' dir='ltr'>fit</span> <span class='ocrx_word' id='word_1_286' title='bbox 919 2360 964 2397; x_wconf 90' lang='lat' dir='ltr'>de</span> <span class='ocrx_word' id='word_1_287' title='bbox 995 2360 1108 2397; x_wconf 83' lang='lat' dir='ltr'>rebus</span> <span class='ocrx_word' id='word_1_288' title='bbox 1136 2359 1309 2398; x_wconf 80' lang='lat' dir='ltr'>assensus.</span> <span class='ocrx_word' id='word_1_289' title='bbox 1341 2361 1405 2398; x_wconf 93' lang='lat' dir='ltr'>M.</span> <span class='ocrx_word' id='word_1_290' title='bbox 1427 2373 1515 2397; x_wconf 89' lang='lat' dir='ltr'>vero</span> <span class='ocrx_word' id='word_1_291' title='bbox 1536 2349 1708 2402; x_wconf 65' lang='lat' dir='ltr'>Scaurus,</span> 
     </span>
     <span class='ocr_line' id='line_1_34' title="bbox 317 2423 1711 2478; baseline 0 -19"><span class='ocrx_word' id='word_1_292' title='bbox 317 2437 434 2475; x_wconf 86' lang='lat' dir='ltr'>quem</span> <span class='ocrx_word' id='word_1_293' title='bbox 456 2437 533 2460; x_wconf 90' lang='lat' dir='ltr'>non</span> <span class='ocrx_word' id='word_1_294' title='bbox 564 2423 676 2476; x_wconf 90' lang='lat' dir='ltr'>longe</span> <span class='ocrx_word' id='word_1_295' title='bbox 696 2425 773 2462; x_wconf 88' lang='lat' dir='ltr'>ruri</span> <span class='ocrx_word' id='word_1_296' title='bbox 803 2425 904 2477; x_wconf 84' lang='lat' dir='ltr'>apud</span> <span class='ocrx_word' id='word_1_297' title='bbox 925 2425 958 2462; x_wconf 89' lang='lat' dir='ltr'>se</span> <span class='ocrx_word' id='word_1_298' title='bbox 979 2425 1049 2463; x_wconf 79' lang='lat' dir='ltr'>effe</span> <span class='ocrx_word' id='word_1_299' title='bbox 1069 2425 1195 2470; x_wconf 83' lang='lat' dir='ltr'>audio,</span> <span class='ocrx_word' id='word_1_300' title='bbox 1224 2426 1281 2463; x_wconf 90' lang='lat' dir='ltr'>vir</span> <span class='ocrx_word' id='word_1_301' title='bbox 1300 2425 1472 2478; x_wconf 67' lang='lat' dir='ltr'>regendae</span> <span class='ocrx_word' id='word_1_302' title='bbox 1493 2425 1711 2477; x_wconf 65' lang='lat' dir='ltr'>reipublicae</span> 
     </span>
     <span class='ocr_line' id='line_1_35' title="bbox 319 2488 1713 2543; baseline -0.002 -16"><span class='ocrx_word' id='word_1_303' title='bbox 319 2488 596 2533; x_wconf 65' lang='lat' dir='ltr'>[cientiffimus‚</span> <span class='ocrx_word' id='word_1_304' title='bbox 628 2489 653 2526; x_wconf 84' lang='lat' dir='ltr'>fi</span> <span class='ocrx_word' id='word_1_305' title='bbox 675 2490 848 2534; x_wconf 88' lang='lat' dir='ltr'>audierit,</span> <span class='ocrx_word' id='word_1_306' title='bbox 879 2490 976 2528; x_wconf 83' lang='lat' dir='ltr'>hanc</span> <span class='ocrx_word' id='word_1_307' title='bbox 1003 2491 1267 2529; x_wconf 63' lang='lat' dir='ltr'>auctoritatem</span> <span class='ocrx_word' id='word_1_308' title='bbox 1287 2491 1479 2543; x_wconf 87' lang='lat' dir='ltr'>gravitatis</span> <span class='ocrx_word' id='word_1_309' title='bbox 1509 2500 1547 2527; x_wconf 89' lang='lat' dir='ltr'>et</span> <span class='ocrx_word' id='word_1_310' title='bbox 1565 2488 1713 2527; x_wconf 79' lang='lat' dir='ltr'>consilii</span> 
     </span>
     <span class='ocr_line' id='line_1_36' title="bbox 318 2554 1709 2610; baseline -0.002 -17"><span class='ocrx_word' id='word_1_311' title='bbox 318 2555 372 2593; x_wconf 91' lang='lat' dir='ltr'>sui</span> <span class='ocrx_word' id='word_1_312' title='bbox 393 2554 576 2592; x_wconf 86' lang='lat' dir='ltr'>vindicari</span> <span class='ocrx_word' id='word_1_313' title='bbox 597 2569 616 2592; x_wconf 87' lang='lat' dir='ltr'>a</span> <span class='ocrx_word' id='word_1_314' title='bbox 637 2565 686 2600; x_wconf 92' lang='lat' dir='ltr'>te,</span> <span class='ocrx_word' id='word_1_315' title='bbox 711 2555 849 2601; x_wconf 83' lang='lat' dir='ltr'>Craffe,</span> <span class='ocrx_word' id='word_1_316' title='bbox 871 2556 976 2610; x_wconf 93' lang='lat' dir='ltr'>quod</span> <span class='ocrx_word' id='word_1_317' title='bbox 995 2570 1079 2594; x_wconf 86' lang='lat' dir='ltr'>eam</span> <span class='ocrx_word' id='word_1_318' title='bbox 1099 2557 1255 2595; x_wconf 81' lang='lat' dir='ltr'>oratoris</span> <span class='ocrx_word' id='word_1_319' title='bbox 1276 2555 1469 2609; x_wconf 69' lang='lat' dir='ltr'>p&#39;ropriam</span> <span class='ocrx_word' id='word_1_320' title='bbox 1489 2554 1559 2592; x_wconf 82' lang='lat' dir='ltr'>effe</span> <span class='ocrx_word' id='word_1_321' title='bbox 1580 2554 1680 2591; x_wconf 82' lang='lat' dir='ltr'>dicas</span> <span class='ocrx_word' id='word_1_322' title='bbox 1698 2571 1709 2598; x_wconf 68' lang='lat'>5</span> 
     </span>
    </p>
   </div>
   <div class='ocr_carea' id='block_1_3' title="bbox 372 2622 1195 2660">
    <p class='ocr_par' dir='ltr' id='par_1_6' title="bbox 372 2622 1195 2660">
     <span class='ocr_line' id='line_1_37' title="bbox 372 2622 1195 2660; baseline 0.007 -1"><span class='ocrx_word' id='word_1_323' title='bbox 372 2622 507 2660; x_wconf 80' lang='lat' dir='ltr'>ToM.</span> <span class='ocrx_word' id='word_1_324' title='bbox 540 2622 570 2660; x_wconf 94' lang='lat' dir='ltr'>I.</span> <span class='ocrx_word' id='word_1_325' title='bbox 1161 2622 1195 2660; x_wconf 89' lang='lat' dir='ltr'>Z</span> 
     </span>
    </p>
   </div>
  </div>
 </body>
</html>
