2176 2912
426 226 504 267 334
782 211 897 251 DE
976 210 1478 250 ORATORE

424 315 611 345 contuens
642 304 803 358 aliquid,
846 306 1121 358 pronuntiaret.
1182 305 1311 357 Qare
1345 305 1549 343 oculorum
1592 301 1644 340 est
1688 313 1828 353 magna

425 372 660 411 moderatio:
693 385 783 410 nam
813 372 888 410 oris
921 385 998 409 non
1019 371 1071 409 est
1101 371 1270 409 nimium
1297 371 1480 409 mutanda
1500 369 1652 422 species,
1684 381 1731 405 ne
1760 376 1826 405 aut

425 438 472 476 ad
489 438 666 491 ineptias,
698 447 762 475 aut
791 438 837 475 ad
865 439 1091 489 pravitatem
1111 438 1294 490 aliquam,
1317 436 1542 474 deferamur.
1584 434 1703 472 Oculi
1723 433 1824 477 sunt,

422 517 596 556 quorum
632 512 717 542 tum
748 504 975 548 intentione,
1013 513 1098 541 tum
1129 502 1357 547 remissione,
1394 512 1479 540 tum
1510 501 1699 553 conjectU,
1740 508 1826 536 tum
1867 540 1871 542 ,

427 569 631 614 hilaritate,
661 578 792 607 motus
826 570 1047 608 animorum
1067 568 1324 620 significemus
1355 577 1440 620 apte
1471 580 1562 604 cum
1582 578 1718 618 genere
1747 563 1827 617 ipso

427 636 623 674 orationis.
656 635 724 673 Est
743 635 847 672 enim
867 635 965 672 aetio
981 634 1083 686 quafi
1104 634 1225 671 sermo
1245 633 1414 685 corporis
1428 650 1439 677 3
1469 645 1546 683 quo
1562 630 1684 683 magis
1706 629 1827 668 menti

425 715 640 754 congruens
661 700 733 738 effe
749 700 875 738 debet.
905 700 1057 738 Oculos
1074 708 1204 737 autem
1219 707 1353 736 natura
1367 697 1493 742 nobis,
1511 706 1555 734 ut
1570 709 1671 748 equo
1687 705 1725 734 et
1744 695 1826 733 leo·-

427 768 468 806 ni
489 767 594 811 setas,
625 766 800 810 caudam,
831 778 951 810 aures,
974 765 1020 803 ad
1039 774 1168 803 motus
1189 765 1406 802 animorum
1427 761 1683 807 declarandos,
1706 761 1826 799 dedit.

428 834 558 884 Qare
577 833 616 869 in
636 831 708 870 hac
729 831 852 870 nostra
870 831 1016 869 afflone
1032 830 1243 869 secundum
1262 843 1398 868 vocem
1414 829 1543 867 vultus
1564 828 1663 866 valet
1680 843 1688 866 :
1711 828 1742 865 is
1759 840 1826 864 au-

424 908 509 937 tem
528 898 651 936 oculis
671 898 918 950 gubernatur.
950 898 1082 950 Atque
1101 897 1142 935 in
1158 896 1204 934 iis
1224 896 1421 940 omnibus,
1443 909 1528 947 quae
1546 895 1634 933 sunt
1653 893 1826 937 aetionis,

428 964 524 1003 inest
543 964 719 1016 quaedam
745 964 801 1002 vis
822 977 842 1001 a
862 972 993 1001 natura
1013 962 1109 1001 data.
1157 964 1284 1015 Qare
1304 962 1420 1000 etiam
1448 960 1520 999 hac
1542 960 1724 1013 imperiti,
1755 958 1827 996 hac

426 1031 581 1083 vulgus,
603 1029 675 1067 hac
693 1029 859 1082 denique
874 1029 1035 1073 barbari,
1054 1029 1224 1068 maxime
1241 1036 1548 1067 commoventur.
1580 1026 1708 1063 Verba
1721 1025 1827 1062 enim

430 1096 626 1134 neminem
658 1103 830 1139 movent,
864 1095 932 1133 nis1
952 1108 1057 1139 eum,
1091 1094 1158 1146 qui
1178 1094 1346 1146 ejusdem
1377 1093 1518 1145 linguae
1539 1090 1712 1129 societate
1731 1103 1827 1128 con-

424 1163 583 1215 junctus
615 1160 667 1199 est
683 1180 694 1205 3
726 1161 994 1213 sententiaeque
1028 1160 1122 1214 saepe
1141 1169 1260 1198 acutae
1287 1173 1365 1197 non
1396 1167 1599 1196 acutorum
1618 1155 1829 1195 hominum

427 1228 552 1267 sensus
573 1228 850 1281 praetervolant.
881 1227 1011 1272 Aetio,
1029 1240 1113 1279 quae
1129 1240 1205 1279 prae
1225 1226 1260 1264 se
1276 1234 1431 1264 motum
1448 1224 1569 1262 animi
1584 1222 1671 1267 fert,
1692 1235 1828 1261 omnes

429 1302 560 1331 movet
578 1308 586 1331 :
618 1292 755 1331 iisdem
773 1292 880 1331 enim
899 1292 1079 1330 omnium
1100 1292 1220 1330 animi
1241 1291 1412 1330 motibus
1433 1290 1690 1333 concitantur,
1709 1297 1746 1326 et
1765 1300 1828 1325 eos

430 1359 563 1397 iisdem
585 1360 684 1397 notis
705 1368 743 1397 et
762 1359 802 1396 in
822 1358 904 1397 aliis
925 1358 1148 1411 agnoscunt,
1169 1367 1207 1396 et
1226 1358 1267 1397 in
1284 1358 1318 1396 se
1338 1357 1405 1411 ips1
1422 1356 1606 1395 indicant.

486 1427 573 1464 LX.
605 1426 670 1464 Ad
699 1426 857 1463 aetionis
890 1434 1018 1464 autem
1045 1425 1156 1464 usum
1175 1433 1289 1477 atque
1320 1423 1488 1468 laudern,
1519 1422 1731 1461 maximam
1751 1420 1828 1459 fine

430 1492 549 1530 dubio
568 1501 715 1544 partem
735 1504 810 1529 vox
830 1492 979 1529 obtinet
993 1510 1005 1536 3
1039 1506 1122 1544 quae
1137 1492 1309 1544 primum
1325 1491 1377 1529 est
1401 1488 1564 1543 optanda
1584 1488 1694 1527 nobis
1711 1507 1722 1532 ;
1760 1487 1828 1525 de·-

428 1558 531 1601 inde,
554 1569 794 1608 quaecunque
814 1558 898 1600 erit,
921 1569 962 1593 ea
982 1557 1135 1594 tuenda.
1179 1557 1240 1594 De
1260 1569 1337 1608 quo
1358 1555 1454 1593 illud
1469 1556 1550 1607 jam
1572 1552 1671 1592 nihil
1692 1553 1737 1591 ad
1753 1552 1828 1592 hoc

429 1622 674 1675 praecipiendi
693 1634 826 1674 genuS,
844 1621 1173 1673 quemadmodum
1190 1621 1276 1659 voci
1296 1621 1475 1659 serviatur
1487 1638 1498 1664 3
1521 1619 1700 1672 equidem
1717 1633 1828 1671 mag-

428 1702 516 1742 pere
546 1687 678 1726 censeo
698 1687 951 1725 serviendum.
998 1687 1068 1726 Sed
1087 1687 1184 1725 illud
1204 1687 1354 1725 videtur
1383 1686 1430 1724 ab
1459 1685 1574 1738 hujus
1606 1685 1723 1723 nostri
1753 1685 1827 1723 ser-

428 1755 555 1793 monis
576 1754 705 1797 officio
725 1767 802 1792 non
823 1751 1036 1798 abhorrere,
1074 1753 1193 1805 quod,
1222 1762 1264 1791 ut
1285 1752 1366 1791 dixi
1384 1752 1500 1805 paulo
1520 1761 1618 1796 ante,
1649 1751 1828 1804 plurimis

428 1821 469 1859 in
491 1821 602 1858 rebus
623 1821 727 1872 quod
748 1820 917 1858 maxime
938 1819 989 1857 est
1010 1819 1117 1864 utile,
1149 1818 1188 1856 id
1209 1818 1334 1857 nescio
1359 1832 1436 1870 quo
1456 1819 1564 1870 paeto
1585 1817 1700 1855 etiam
1721 1817 1829 1856 decet

429 1887 613 1939 maxime.
663 1886 769 1924 Nam
800 1886 846 1923 ad
867 1898 1001 1924 vocem
1030 1885 1069 1922 in
1091 1885 1253 1923 dicendo
1273 1884 1524 1923 obtinendam
1555 1882 1654 1921 nihil
1678 1883 1730 1921 est
1749 1883 1828 1921 uti-

430 1953 519 1997 lius,
555 1965 673 2005 quam
694 1951 824 1990 crebra
855 1952 1019 1991 mutatio
1035 1970 1047 1997 5
1079 1950 1178 1990 nihil
1198 1950 1458 2005 perniciofius,
1481 1963 1598 2003 quam
1618 1948 1734 1988 effusa
1752 1948 1828 1986 fine

428 2018 703 2057 intermistione
724 2020 935 2057 contentio.

486 2086 594 2137 Qid
613 2086 624 2122 ?
656 2086 702 2123 ad
722 2099 826 2123 aures
847 2085 986 2123 nostras
1007 2094 1044 2122 et
1064 2084 1220 2123 aetionis
1244 2084 1481 2127 suavitatem,
1502 2082 1596 2134 quid
1616 2082 1668 2119 est
1687 2081 1827 2120 viciffi-

429 2151 576 2195 tudine,
599 2161 636 2188 et
653 2151 844 2196 varietate,
865 2160 902 2188 et
917 2151 1220 2189 commutatione
1240 2151 1392 2202 aptius?
1426 2151 1559 2201 Itaque
1580 2148 1683 2186 idem
1702 2149 1826 2186 Grac-

427 2216 524 2255 chus
558 2216 679 2267 (quod
702 2226 806 2269 potes
837 2216 979 2260 audire,
1012 2216 1161 2260 Catule,
1197 2229 1243 2254 ex
1271 2216 1424 2260 Licino,
1455 2215 1596 2252 cliente
1627 2223 1707 2258 tuo,
1738 2214 1827 2251 lite-

430 2293 510 2321 rato
545 2281 717 2326 homine,
749 2295 866 2334 quem
894 2282 1043 2320 servum
1078 2281 1144 2319 fibi
1180 2281 1245 2319 ille
1275 2280 1411 2319 habuit
1441 2281 1487 2318 ad
1514 2281 1693 2331 manum)
1737 2293 1829 2317 cum

429 2349 635 2387 eburneola
656 2348 787 2386 solitus
822 2348 873 2386 est
907 2346 1043 2386 habere
1073 2347 1210 2392 fistula,
1242 2348 1308 2399 qui
1340 2348 1449 2386 staret
1470 2347 1622 2385 occulte
1652 2346 1734 2399 post
1766 2346 1828 2398 ip-

430 2415 527 2459 sum,
559 2428 650 2452 cum
672 2414 975 2458 concionaretur,
1011 2415 1178 2466 peritum
1199 2412 1415 2458 hominem,
1438 2414 1504 2465 qui
1526 2412 1671 2450 inflaret
1692 2411 1828 2449 celeri-

431 2491 487 2519 ter
506 2495 596 2519 eum
617 2480 765 2526 sonum,
788 2495 865 2533 quo
886 2481 999 2518 illum
1015 2490 1080 2518 aut
1100 2480 1296 2518 remissum
1317 2481 1513 2525 excitaret,
1535 2488 1598 2517 aut
1619 2492 1639 2516 a
1665 2486 1826 2516 conten-

429 2548 533 2587 tione
552 2556 756 2586 revocaret.
798 2547 944 2586 Audivi
963 2546 1199 2593 mehercule,
1226 2547 1354 2600 inquit
1376 2546 1553 2592 Catulus,
1574 2554 1611 2584 et
1631 2544 1724 2597 saepe
1744 2543 1828 2581 sum
