2176 2912
707 177 1429 218 ORATORIBUS.
1688 191 1759 230 371

363 270 447 308 Hic
477 269 581 308 enim
611 271 740 308 attulit
768 269 866 308 hanc
901 279 1020 308 artem
1041 271 1222 308 omnium
1243 271 1384 308 artium
1405 272 1630 314 maximam,
1662 270 1765 322 quasi
1797 265 1803 271 ’

365 336 508 380 lucem,
541 335 586 372 ad
606 349 660 379 ea,
694 350 778 388 quae
798 335 954 374 confuse
973 337 1019 374 ab
1041 337 1123 375 aliis
1143 346 1208 374 aut
1236 337 1570 389 respondebantur,
1591 346 1655 374 aut
1675 349 1763 388 age-

365 400 515 437 bantur.

404 465 535 502 XLII.
560 465 811 504 Dialefflcam
833 466 933 504 mihi
954 467 1091 504 videris
1113 467 1252 511 dicere,
1276 466 1417 519 inquit.
1440 467 1574 510 Recte,
1590 466 1763 518 inquam,

363 529 563 583 intelligis.
610 532 681 569 Sed
697 532 873 584 adjunxit
893 534 1009 570 etiam
1030 542 1067 571 et
1083 533 1279 571 literarum
1296 533 1508 576 scientiam,
1525 541 1561 570 et
1582 532 1766 584 loquendi

363 595 606 647 elegantiam,
621 611 705 649 quae
725 611 771 635 ex
791 597 939 650 scriptis
959 599 1054 650 ejus,
1070 612 1237 650 quorum
1254 598 1392 636 similia
1412 597 1517 635 nulla
1532 597 1632 641 sunt,
1654 597 1766 634 facil-

364 659 458 698 lime
479 662 640 714 perspici
660 663 795 714 potest.
839 664 1021 715 Cumque
1041 664 1210 701 discendi
1230 663 1339 701 causa
1358 663 1509 701 duobus
1536 662 1768 714 peritissimis

363 740 520 778 operam
541 727 708 772 dedisset,
742 729 789 766 L.
808 729 963 767 Lucilio
986 729 1119 774 Balbo,
1143 730 1190 767 C.
1214 729 1377 781 Aquilio
1397 727 1527 771 Gallo,
1551 728 1671 772 Galli,
1692 726 1767 765 ho-

365 793 483 831 minis
510 795 612 831 acuti
633 803 670 832 et
697 795 907 839 exercitati,
938 804 1176 847 promptam,
1208 804 1246 833 et
1278 804 1447 848 paratam
1468 795 1507 832 in
1539 794 1699 847 agendo,
1730 803 1769 832 et

364 859 406 896 in
436 860 696 912 respondendo
730 861 965 899 celeritatem
993 862 1216 906 subtilitate,
1247 862 1524 914 diligentiaque
1550 861 1767 914 superavit;

365 925 490 970 Balbi,
522 925 624 964 docti
655 934 693 963 et
711 926 851 964 eruditi
870 925 1056 971 hominis,
1088 927 1128 964 in
1156 935 1316 979 utraque
1337 940 1374 964 re
1393 927 1667 966 confideratam
1691 937 1769 966 tar-

363 989 526 1030 ditatem
553 992 663 1036 vicit,
695 992 954 1045 expediendis,
985 992 1310 1045 conficiendisque
1345 993 1484 1031 rebus:
1518 993 1570 1030 fic
1597 1002 1635 1030 et
1653 992 1770 1031 habet

363 1058 470 1108 quod
490 1066 650 1110 uterque
670 1072 807 1096 eorum
826 1057 977 1104 habuit,
991 1069 1029 1097 et
1049 1059 1218 1112 explevit
1238 1059 1343 1111 quod
1360 1059 1514 1111 utrique
1529 1058 1666 1098 defuit.
1690 1060 1769 1098 Ita-

363 1135 455 1174 que,
487 1133 530 1162 ut
552 1124 701 1162 Craffus
733 1123 834 1162 mihi
867 1125 1018 1163 videtur
1043 1125 1248 1178 sapientius
1275 1124 1417 1169 feciss‘e,
1448 1138 1568 1177 quam
1590 1125 1768 1170 Scaevola,

367 1187 452 1240 (hic
482 1190 587 1228 enirn
611 1190 736 1228 causas
757 1190 919 1229 studiose
949 1191 1171 1244 recipiebat,
1202 1192 1244 1229 in
1265 1191 1407 1244 quibus
1439 1204 1459 1228 a
1495 1191 1624 1230 Craffo
1658 1191 1769 1244 supe-

365 1255 518 1294 rabatur
534 1274 545 1300 ;
577 1256 642 1295 ille
663 1256 697 1295 se
718 1256 865 1295 consuli
886 1257 1052 1302 nolebat,
1071 1271 1118 1295 ne
1139 1271 1214 1310 qua
1232 1258 1274 1296 in
1294 1271 1332 1296 re
1352 1256 1510 1295 inferior
1529 1257 1630 1303 effet,
1652 1271 1772 1310 quam

365 1322 549 1375 Scaevola)
572 1323 622 1361 s1c
644 1324 792 1361 Servius
811 1323 1093 1376 sapientiffime.
1137 1325 1243 1362 Cum
1263 1324 1369 1362 enim
1401 1325 1485 1361 duae
1505 1323 1636 1361 civiles
1657 1333 1769 1370 artes,

364 1400 408 1425 ac
428 1386 591 1427 forenses
623 1388 840 1442 plurimum
869 1399 908 1427 et
927 1389 1047 1427 laudis
1078 1388 1265 1427 haberent
1296 1397 1334 1427 et
1353 1389 1497 1442 gratiae‚
1520 1388 1696 1442 perfecit,
1728 1398 1772 1428 ut

364 1454 482 1494 altera
501 1455 688 1508 praestaret
718 1456 901 1494 omnibus
918 1475 930 1502 ς
962 1470 1009 1495 ex
1030 1456 1145 1494 altera
1165 1464 1314 1493 tantum
1337 1455 1550 1500 affumeret,
1578 1465 1772 1508 quantum

364 1520 466 1567 esset,
487 1532 525 1560 et
544 1523 590 1560 ad
606 1522 795 1561 tuendum
811 1523 875 1575 jus
892 1523 1020 1568 civile,
1036 1532 1073 1561 et
1090 1523 1137 1560 ad
1152 1521 1405 1560 obtinendam
1425 1522 1662 1560 consularem
1682 1523 1771 1575 dig-

365 1588 541 1634 nitatem,
568 1588 668 1627 satis.

421 1655 531 1692 Tum
553 1655 707 1700 Brutus,
740 1656 798 1694 Ita
816 1655 981 1708 prorsus,
1013 1655 1156 1707 inquit,
1188 1663 1225 1693 et
1241 1664 1349 1693 antea
1368 1654 1564 1707 putabam.
1624 1653 1771 1692 Audivi

365 1719 472 1756 enim
492 1732 613 1771 nuper
632 1733 722 1758 eum
743 1720 904 1758 studiose
924 1729 962 1758 et
982 1720 1201 1772 frequenter
1221 1721 1338 1766 Sami,
1356 1733 1448 1758 cum
1469 1734 1513 1758 ex
1533 1733 1579 1758 eo
1599 1720 1663 1772 jus
1683 1719 1772 1757 nos-

367 1793 473 1820 trum
492 1784 754 1835 pontificium,
776 1799 850 1837 qua
865 1798 912 1822 ex
930 1795 1035 1837 parte
1056 1786 1250 1837 cumjure
1266 1785 1372 1823 civili
1392 1786 1645 1838 conjunctum
1666 1784 1770 1830 effet,

367 1849 507 1886 vellem
528 1849 782 1901 cognoscere3
814 1860 852 1888 et
873 1863 976 1888 nunc
1000 1863 1133 1888 meum
1149 1851 1345 1901 judicium
1372 1851 1500 1889 multo
1529 1851 1652 1903 magis
1673 1863 1769 1888 con-

365 1914 481 1952 firmo
513 1915 730 1953 testimonio
759 1924 796 1953 et
824 1915 976 1967 judicio
1011 1925 1105 1953 tuo:
1139 1915 1251 1953 simul
1281 1916 1378 1953 illud
1399 1917 1560 1968 gaudeo,
1592 1916 1699 1968 quod
1732 1924 1770 1953 et

364 1981 558 2033 aequalitas
592 1981 724 2026 vestra,
756 1991 792 2019 et
822 1995 928 2034 pares
960 1981 1154 2020 honorum
1184 1982 1337 2034 gradus,
1368 1992 1405 2020 et
1435 1982 1591 2027 artium,
1622 1981 1769 2020 studio-

364 2061 529 2100 rumque
564 2048 667 2099 quafi
698 2047 863 2085 finitima
882 2048 1071 2092 vicinitas,
1104 2057 1256 2086 tantum
1289 2047 1388 2086 abest
1417 2047 1463 2086 ab
1495 2047 1771 2086 obtrectatione

367 2113 600 2164 invidiaque,
632 2127 716 2165 quae
736 2113 830 2151 solet
859 2114 1019 2151 lacerare
1038 2113 1250 2166 plerosque,
1281 2114 1338 2151 uti
1369 2127 1411 2150 ea
1442 2127 1519 2151 non
1552 2113 1671 2152 modo
1692 2127 1770 2151 non

367 2178 581 2216 exulcerare
602 2179 760 2217 vestram
786 2180 962 2232 gratiam,
981 2179 1042 2217 sed
1060 2180 1176 2217 etiam
1193 2180 1411 2224 conciliare,
1430 2179 1616 2219 videatur.
1651 2179 1769 2232 Qali

367 2245 474 2282 enim
495 2254 530 2282 te
550 2259 636 2297 erga
656 2245 770 2283 illum
791 2246 991 2299 perspicio,
1023 2246 1090 2284 tali
1110 2246 1224 2284 illum
1245 2246 1284 2284 in
1306 2256 1342 2284 te
1363 2246 1572 2291 voluntate,
1595 2246 1766 2298 judicio-

368 2323 444 2361 que
464 2311 643 2361 cognovi.
675 2312 808 2363 Itaque
827 2312 940 2351 doleo
959 2322 997 2350 et
1016 2312 1121 2349 illius
1143 2312 1313 2355 consilio,
1331 2322 1368 2349 et
1386 2322 1448 2350 tua
1469 2326 1560 2350 voce
1577 2311 1768 2364 populum

369 2376 592 2413 Romanum
613 2389 736 2413 carere
755 2386 833 2414 tam
854 2378 943 2417 diu:
977 2378 1081 2430 quod
1102 2391 1192 2416 cum
1216 2391 1281 2430 per
1304 2378 1336 2415 se
1357 2378 1565 2416 dolendum
1586 2377 1650 2420 est,
1683 2385 1769 2413 tum

369 2442 496 2480 multo
510 2442 632 2495 magis
648 2443 911 2491 confideranti,
926 2445 970 2484 ad
987 2457 1082 2498 quos
1099 2444 1165 2482 ista
1184 2458 1259 2482 non
1277 2444 1452 2497 transsaffi
1463 2445 1547 2488 sint,
1567 2442 1626 2480 sed
1643 2441 1769 2480 nescio

367 2521 447 2561 quo
466 2511 575 2562 pacto
596 2509 829 2549 devenerint.

1241 2582 1408 2619 Aaaz
