2176 2912
399 296 473 335 130
640 281 1567 325 DEINVENTIONE

393 385 458 414 aut
478 376 813 422 administratione,
836 387 900 415 aut
919 376 1128 416 hominum
1148 377 1286 424 studio,
1313 379 1570 418 commutatio
1589 391 1730 424 rerum,
1752 387 1797 418 ut

394 456 472 481 non
495 444 600 489 tales,
622 444 750 496 quales
776 453 861 482 ante
882 443 1021 482 habitae
1040 445 1125 489 sint,
1147 454 1210 483 aut
1238 445 1467 498 plerumque
1486 445 1618 484 haberi
1638 445 1794 491 soleant,

393 507 576 548 habendae
596 510 795 548 videantur
821 511 890 549 effe
908 526 916 548 :
949 520 992 549 ut
1011 511 1057 548 ad
1078 511 1200 550 hostes
1227 513 1379 550 transire
1399 522 1509 565 turpe
1529 512 1679 550 videtur
1697 511 1767 550 effe
1779 530 1795 556 ς

393 584 430 613 at
450 589 527 613 non
548 575 617 614 illo
637 576 779 620 animo,
800 590 877 628 quo
899 576 1047 628 Ulyffes
1070 577 1238 616 transsit:
1269 587 1307 616 et
1320 579 1521 631 pecuniam
1543 578 1582 615 in
1603 590 1705 616 mare
1725 577 1794 615 de·
1855 610 1858 611 γ

387 640 518 692 jicere‚
550 641 688 679 inutile
700 660 711 686 3
744 651 781 680 at
813 656 888 679 non
922 655 967 679 eo
992 643 1163 687 confilio,
1193 657 1272 695 quo
1295 643 1512 697 Aristippus
1532 642 1639 682 fecit.
1699 645 1797 681 Sunt

391 706 511 758 igitur
531 721 586 746 res
607 707 781 759 quaedam
802 721 848 745 ex
869 717 1052 760 tempore,
1081 718 1118 746 et
1137 722 1184 747 ex
1204 709 1376 754 consilio,
1398 723 1476 748 non
1496 723 1543 748 ex
1564 709 1627 747 sua
1646 717 1793 753 natura,

392 773 667 811 confiderandae
680 791 691 817 ς
715 773 855 825 quibus
873 774 912 811 in
933 774 1130 818 omnibus,
1148 775 1243 826 quid
1260 783 1432 828 tempora
1449 784 1595 827 petant,
1615 783 1681 812 aut
1699 773 1796 827 quid

391 838 556 890 personis
587 839 752 891 dignum
786 839 844 884 fit,
875 839 1190 878 considerandum
1210 840 1287 879 est:
1318 850 1356 879 et
1388 854 1467 880 non
1493 840 1602 893 quid,
1634 840 1696 878 sed
1714 853 1798 893 quo

391 903 562 955 quidque
581 904 724 948 animo,
752 905 930 956 quicum,
960 918 1039 957 quo
1059 914 1244 958 tempore,
1274 906 1463 958 quamdiu
1481 906 1562 952 fiat,
1592 905 1795 944 attenden-

391 969 486 1007 dum
506 969 572 1008 est.
633 970 710 1008 His
739 984 786 1009 ex
806 971 977 1024 partibus
1010 972 1056 1009 ad
1075 971 1301 1011 sententiam
1325 972 1527 1012 dicendam
1559 972 1663 1012 locos
1692 971 1793 1011 sumi

389 1045 562 1088 oportere
581 1036 824 1076 arbitramur.

431 1103 541 1140 LIX.
573 1103 721 1141 Laudes
738 1112 868 1141 autem
883 1113 921 1141 et
937 1104 1231 1157 vituperationes
1251 1118 1297 1144 ex
1317 1106 1363 1144 iis
1379 1104 1475 1144 locis
1491 1105 1701 1149 sumentur,
1722 1103 1792 1156 qui

389 1168 465 1205 loci
487 1169 651 1221 personis
672 1169 758 1207 sunt
778 1170 966 1215 attributi,
980 1171 1027 1208 de
1047 1171 1188 1222 quibus
1209 1181 1294 1210 ante
1313 1172 1461 1210 did'tum
1478 1172 1543 1211 est.
1576 1172 1641 1209 Sin
1661 1170 1790 1209 distri-

390 1233 519 1272 butius
541 1237 695 1273 tra&are
714 1236 801 1288 quis
820 1236 934 1281 volet,
955 1237 1139 1289 partiatur
1158 1238 1198 1275 in
1213 1238 1404 1282 animum,
1426 1246 1464 1275 et
1479 1250 1631 1290 corpus,
1662 1245 1700 1274 et
1719 1249 1789 1274 ex-

388 1300 516 1338 trarias
536 1314 608 1345 reS,
623 1301 769 1339 licebit.
792 1302 930 1340 Animi
951 1302 1016 1347 est,
1038 1303 1173 1347 virtus,
1195 1303 1304 1355 cujus
1321 1303 1367 1341 de
1384 1303 1555 1356 partibus
1571 1302 1686 1355 paulo
1703 1310 1790 1340 ante

388 1366 535 1405 &stum
553 1367 618 1405 est.
657 1369 854 1420 Corporis,
884 1369 1076 1414 valetudo,
1107 1369 1287 1422 dignitas,
1318 1371 1430 1416 vires,
1458 1370 1652 1408 velocitas.
1703 1370 1788 1408 Ex-

387 1433 521 1477 trariae‚
552 1432 689 1477 honos,
734 1435 909 1486 pecunia,
939 1435 1116 1481 affinitas,
1148 1449 1283 1489 genus,
1310 1436 1440 1481 amici,
1484 1436 1617 1489 patria,
1648 1443 1787 1488 poten-

386 1499 450 1543 tia,
482 1508 519 1536 et
539 1509 684 1545 caetera,
715 1514 800 1552 quae
820 1500 935 1539 simili
955 1501 1025 1540 effe
1045 1502 1084 1539 in
1101 1515 1238 1555 genere
1257 1502 1536 1556 intelligentur.
1595 1503 1725 1553 Atque
1745 1501 1786 1539 in

385 1564 460 1609 his,
481 1566 534 1610 id,
557 1566 661 1617 quod
688 1567 727 1604 in
745 1567 876 1604 omnia
891 1568 1003 1612 valet,
1025 1568 1146 1606 valere
1162 1569 1379 1621 oportebit:
1410 1569 1595 1607 contraria
1615 1581 1783 1620 quoque,

385 1641 421 1669 et
442 1646 540 1684 quae,
571 1642 608 1669 et
629 1632 754 1684 qualia
774 1633 861 1677 fint,
892 1633 1167 1686 intelligentur.
1209 1636 1351 1673 Videre
1370 1645 1499 1673 autem
1520 1636 1560 1674 in
1581 1634 1783 1679 laudando,

385 1707 422 1736 et
442 1698 482 1735 in
503 1698 753 1751 vituperando
771 1699 979 1751 oportebit,
1011 1714 1088 1738 non
1110 1709 1189 1739 tam
1210 1715 1294 1754 quae
1311 1702 1350 1740 in
1371 1715 1542 1754 corpore,
1570 1710 1634 1738 aut
1655 1701 1693 1738 in
1714 1714 1785 1738 ex-

386 1764 504 1802 trariis
527 1765 637 1802 rebus
657 1764 833 1803 habuerit
853 1765 898 1810 is,
921 1766 967 1803 de
982 1780 1061 1818 quo
1075 1776 1220 1820 agetur,
1238 1781 1355 1820 quam
1373 1781 1451 1820 quo
1466 1769 1574 1821 pa&o
1589 1766 1650 1805 his
1672 1767 1783 1804 rebus

386 1831 469 1868 usus
491 1830 548 1868 s1t.
581 1831 687 1868 Nam
708 1829 902 1869 fortunam
922 1832 1081 1883 quidem
1102 1842 1139 1870 et
1158 1833 1322 1878 laudare,
1354 1834 1512 1872 stultitia
1524 1852 1535 1878 ς
1567 1844 1605 1871 et
1628 1833 1783 1885 vitupe-

384 1910 474 1940 rare,
506 1896 679 1949 superbia
698 1896 762 1934 est.
822 1898 961 1935 Animi
990 1907 1118 1937 autem
1138 1909 1176 1937 et
1199 1899 1279 1937 laus
1299 1899 1467 1944 honesta,
1497 1909 1536 1938 et
1554 1898 1785 1953 vituperatio

383 1961 586 2000 vehemens
607 1962 672 2000 est.

438 2029 556 2066 Nunc
577 2030 760 2080 quoniam
790 2043 908 2068 omne
928 2031 967 2068 in
989 2031 1105 2069 causae
1125 2045 1245 2083 genus
1271 2032 1565 2085 argumentandi
1586 2031 1682 2069 ratio
1702 2039 1780 2068 tra-

380 2093 458 2131 dita
477 2094 542 2138 est,
573 2094 618 2132 de
654 2095 888 2140 inventione,
918 2096 1043 2149 prima
1072 2110 1113 2134 ac
1144 2098 1315 2135 maxima
1334 2107 1437 2150 parte
1457 2096 1689 2141 Rhetoricae,
1720 2095 1778 2134 sa-

380 2161 428 2196 tis
449 2160 597 2198 dietum
618 2161 780 2199 videtur.
833 2163 963 2213 Qare
983 2163 1166 2214 quoniam
1186 2172 1223 2200 et
1243 2176 1318 2201 una
1337 2176 1420 2216 pars
1438 2163 1484 2201 ad
1503 2163 1651 2200 exitum
1673 2161 1779 2200 hunc

378 2226 424 2261 ab
447 2225 629 2277 superiore
650 2227 749 2265 libro
769 2227 945 2279 perdue‘ta
964 2228 1029 2272 est,
1061 2238 1097 2266 et
1117 2226 1181 2266 hic
1212 2229 1309 2266 liber
1335 2243 1412 2268 non
1443 2242 1578 2282 parum
1604 2228 1776 2267 continet

378 2291 589 2336 literarum,
613 2306 696 2344 quae
718 2293 865 2337 restant,
897 2294 937 2331 in
958 2294 1114 2346 reliquis
1135 2294 1323 2334 dicemus.
