2176 2912
378 258 430 310 76
624 253 1527 295 DEINVENTIONE

377 351 525 403 pictura
540 348 697 394 nobilis,
717 348 890 386 eniteret.
929 348 991 385 Ex
1006 348 1149 399 majore
1165 347 1271 385 enim
1291 347 1401 400 copia
1417 347 1543 392 nobis,
1560 360 1679 399 quam
1701 348 1778 394 issi,

377 415 454 453 fuit
476 414 744 467 exemplorum
760 413 926 465 eligendi
943 412 1117 465 potestas.
1155 413 1227 451 Ille
1247 426 1322 451 una
1336 425 1383 451 ex
1399 412 1494 451 urbe
1513 422 1552 451 et
1569 426 1615 451 ex
1635 426 1680 451 eo
1699 427 1775 452 nu-

379 494 486 519 mero
502 480 712 532 virginum,
733 493 818 532 quae
839 489 924 517 turn
943 488 1063 523 erant,
1094 478 1233 530 eligere
1252 478 1380 531 potuit
1398 493 1408 516 :
1440 479 1551 517 nobis
1579 480 1779 523 omnium,

380 547 605 600 quicunque
625 545 796 589 fuerunt,
819 546 864 583 ab
892 544 1032 582 ultimo
1052 544 1243 597 principio
1273 543 1389 596 hujus
1417 545 1682 597 praeceptionis
1712 545 1776 583 us-

379 626 455 664 que
475 612 523 650 ad
539 610 615 650 hoc
649 620 819 664 tempuS‚
848 611 1025 663 expositis
1045 610 1182 663 copiis,
1215 610 1474 663 quodcunque
1491 610 1672 663 placeret,
1703 611 1775 649 eli-

380 678 498 731 gendi
517 677 675 731 potestas
694 677 786 715 fuit.

436 745 497 782 Ac
516 753 659 781 veteres
680 743 839 796 quidem
859 741 1061 794 scriptores
1078 742 1183 786 artis,
1205 741 1324 793 usque
1341 755 1362 779 a
1381 742 1556 794 principe
1575 742 1645 780 illo
1663 751 1778 793 atque

382 810 581 848 inventore
602 809 706 847 Tifia
724 809 920 860 repetitos,
951 821 1074 846 unum
1100 809 1141 846 in
1170 808 1303 846 locum
1331 808 1521 846 conduxit
1540 808 1779 852 Aristoteles,

381 885 420 913 et
435 876 667 913 nominatim
687 874 871 926 cujusque
900 883 1088 926 praecepta
1113 873 1255 926 magna
1278 873 1492 925 conquifita
1520 873 1614 912 cura
1630 872 1780 926 perspi-

383 954 453 979 cue
472 939 708 992 conscripsit,
724 948 838 991 atque
857 939 1017 983 enodata
1035 939 1240 990 diligenter
1258 939 1432 991 exposuit
1449 952 1458 976 ε
1482 952 1523 975 ac
1544 947 1695 976 tantum
1715 939 1780 976 in-

382 1011 605 1048 ventoribus
626 1010 712 1063 ipsis
730 1009 909 1048 suavitate
929 1018 968 1047 et
998 1010 1180 1047 brevitate
1199 1009 1351 1047 dicendi
1377 1008 1563 1061 praestiffl,
1593 1018 1637 1046 ut
1662 1022 1783 1046 nemo

383 1076 543 1114 illorum
564 1084 751 1128 praecepta
777 1088 824 1112 ex
845 1075 1014 1128 ipsorum
1034 1075 1142 1113 libris
1173 1075 1390 1127 cognoscat,
1421 1074 1483 1112 sed
1515 1087 1664 1119 omneS,
1694 1074 1781 1126 qui,

383 1142 488 1193 quod
508 1141 567 1178 illi
586 1141 823 1193 praecipiant,
853 1140 972 1179 velint
993 1140 1220 1192 intelligere,
1250 1140 1297 1177 ad
1315 1139 1437 1184 hunc,
1468 1140 1571 1191 quafi
1588 1139 1634 1176 ad
1652 1153 1781 1191 quen-

383 1207 472 1244 dam
493 1206 620 1243 multo
639 1206 947 1244 commodiorem
965 1206 1252 1258 explicatorem,
1275 1214 1523 1243 revertantur,
1560 1205 1692 1255 Atque
1713 1203 1780 1241 hic

384 1272 544 1325 quidem
564 1272 656 1324 ipse,
689 1282 727 1309 et
747 1271 819 1309 sese
839 1272 966 1325 ipsum
987 1272 1112 1316 nobis,
1142 1280 1181 1308 et
1200 1284 1277 1315 eos,
1298 1270 1368 1322 qui
1386 1278 1474 1306 ante
1494 1268 1528 1306 se
1543 1267 1708 1313 fuerant,
1739 1270 1780 1309 in

386 1338 516 1375 medio
536 1337 677 1390 posuit,
698 1346 741 1375 ut
762 1347 915 1375 caeteros
934 1346 973 1374 et
993 1337 1157 1389 seipsum
1188 1349 1254 1389 per
1273 1336 1308 1373 se
1327 1334 1660 1387 cognosceremuS.
1715 1335 1782 1372 Ab

385 1402 461 1440 hoc
480 1413 609 1439 autem
631 1403 698 1453 qui
719 1401 879 1453 profecti
900 1402 999 1446 sunt,
1028 1415 1250 1454 quanquam
1267 1401 1308 1439 in
1328 1400 1507 1438 maximis
1528 1398 1782 1452 philosophiae

384 1468 556 1520 partibus
575 1480 698 1519 operae
728 1467 945 1519 plurimum
975 1467 1305 1519 consumpserunt,
1336 1466 1448 1517 (ficut
1476 1474 1514 1502 et
1548 1464 1639 1516 ipse,
1669 1466 1779 1516 cujus

384 1534 556 1572 instituta
586 1532 847 1584 sequebantur,
880 1532 1035 1584 fecerat)
1077 1541 1203 1570 tamen
1237 1531 1428 1585 permulta
1460 1531 1570 1568 nobis
1596 1540 1782 1583 praecepta

386 1598 537 1636 dicendi
557 1597 804 1648 reliquerunt.
848 1598 978 1648 Atque
998 1597 1062 1634 alii
1082 1610 1235 1649 quoque
1253 1597 1328 1634 alio
1348 1609 1394 1633 ex
1413 1594 1518 1633 fonte
1538 1604 1781 1648 praeceptores

386 1663 538 1701 dicendi
554 1671 837 1706 emanaverunt,
868 1664 936 1713 qui
954 1664 1049 1700 item
1068 1663 1306 1715 permultum
1325 1661 1372 1699 ad
1391 1661 1612 1706 dicendum,
1642 1661 1667 1698 fi
1683 1662 1781 1713 quid

387 1743 443 1768 ars
463 1728 627 1782 proficit,
661 1728 839 1780 opitulati
859 1727 957 1766 sunt.
1000 1729 1107 1767 Nam
1126 1727 1201 1766 fuit
1222 1738 1392 1780 tempore
1411 1726 1563 1771 eodem,
1588 1740 1667 1779 quo
1688 1727 1781 1766 Ari-

387 1795 546 1839 stoteles,
581 1807 743 1846 magnus
763 1802 800 1832 et
831 1794 972 1832 nobilis
999 1793 1125 1832 rhetor
1146 1794 1319 1832 Isocrates
1336 1812 1348 1837 ;
1379 1794 1487 1844 cujus
1520 1792 1633 1845 ipsius
1663 1806 1785 1844 quam

387 1860 529 1900 constet
548 1859 618 1898 effe
647 1869 766 1897 artem
797 1873 874 1897 non
894 1860 1124 1898 invenimus.
1175 1859 1464 1911 Discipulorum
1494 1867 1637 1902 autem,
1668 1868 1782 1910 atque

388 1940 533 1970 eorum,
549 1927 615 1978 qui
635 1926 808 1978 protinus
829 1925 875 1963 ab
895 1924 966 1963 hac
987 1925 1072 1963 sunt
1091 1924 1288 1978 disciplina
1304 1923 1477 1977 profecti,
1497 1923 1620 1962 multa
1640 1923 1686 1961 de
1704 1933 1784 1962 arte

387 1991 572 2046 praecepta
592 1992 813 2044 reperimus.

443 2059 517 2097 ΙΙΙ.
540 2059 601 2096 Ex
621 2056 681 2095 his
702 2057 848 2096 duabus
868 2057 1017 2095 diversis
1038 2058 1145 2095 ficuti
1165 2056 1339 2100 familiis,
1360 2069 1523 2108 quarum
1543 2054 1670 2098 altera,
1690 2067 1782 2093 cum

392 2123 594 2162 versaretur
614 2124 654 2161 in
673 2122 930 2176 philosophia,
959 2123 1186 2161 nonnullam
1215 2121 1410 2159 rhetoricae
1438 2134 1590 2172 quoque
1610 2121 1696 2157 artis
1713 2120 1783 2157 fibi

389 2203 521 2227 curam
542 2188 761 2233 assumebat,
775 2189 888 2226 altera
907 2202 994 2226 vero
1013 2189 1139 2226 omnis
1161 2188 1200 2225 in
1221 2187 1371 2225 dicendi
1391 2196 1466 2224 erat
1485 2186 1608 2223 studio
1628 2195 1665 2223 et
1684 2199 1784 2238 prae·

389 2255 564 2306 ceptione
582 2263 776 2306 occupata,
811 2268 932 2292 unum
951 2254 1146 2306 quoddam
1173 2253 1225 2291 est
1253 2252 1460 2290 conflatum
1481 2265 1598 2304 genus
1619 2265 1639 2288 a
1658 2251 1783 2304 poste-

391 2321 567 2364 rioribus,
598 2321 666 2371 qui
695 2321 741 2358 ab
762 2320 928 2372 utrisque
948 2333 1002 2364 ea,
1035 2334 1118 2372 quae
1137 2319 1342 2358 commode
1373 2318 1448 2356 dici
1475 2318 1713 2361 videbantur,
1743 2317 1785 2354 in

391 2387 471 2425 suas
492 2395 585 2424 artes
607 2386 850 2424 contulerunt
865 2404 875 2431 3
909 2399 1002 2438 quos
1035 2385 1132 2438 ipsos
1156 2385 1283 2430 fimul,
1313 2395 1425 2437 atque
1444 2384 1530 2422 illos
1563 2383 1786 2435 superiores,

391 2465 459 2492 nos
494 2451 604 2490 nobis
631 2464 778 2495 omnes,
810 2452 934 2502 quoad
954 2451 1112 2489 facultas
1148 2451 1250 2495 tulit,
1282 2450 1559 2503 proposuimus,
1590 2458 1692 2486 etex
1711 2462 1785 2486 no-

392 2517 466 2558 stro
486 2531 639 2570 quoque
658 2516 836 2555 nonnihil
857 2518 895 2555 in
917 2530 1125 2555 commune
1143 2516 1395 2555 contulimus.

447 2582 566 2636 Qod
595 2583 623 2623 fi
648 2596 702 2629 ea,
733 2597 817 2635 quae
848 2583 887 2622 in
907 2583 967 2622 his
989 2583 1097 2622 libris
1116 2591 1373 2636 exponuntur,
1404 2590 1596 2634 tantopere
1614 2580 1787 2633 eligenda
