2176 2912
410 196 490 237 524
794 183 1421 224 ORATORIAE

411 277 547 322 virtus,
578 285 643 315 aut
663 277 824 316 afflone.
884 278 1006 324 Nam,
1029 292 1113 331 quae
1134 278 1349 331 prudentia,
1378 291 1462 331 quae
1482 275 1684 323 calliditas,
1707 290 1818 330 quaea

411 357 486 395 que
511 344 728 396 gravissimo
763 345 921 382 nomine
942 345 1123 397 sapientia
1152 344 1378 397 appellatur,
1414 343 1495 382 haec
1516 343 1674 382 scientia
1693 343 1818 397 pollet

412 410 501 447 1]Πᾶ.
563 411 662 462 Qae
691 423 780 447 vero
808 411 1050 448 moderandis
1084 411 1378 463 cupiditatibus,
1415 410 1663 463 regendisque
1696 409 1819 448 animi

413 475 585 513 motibus
617 475 806 520 laudatur,
839 477 918 528 ejus
946 476 998 514 est
1024 489 1167 513 munus
1198 477 1237 513 in
1264 475 1439 528 agendo3
1472 476 1535 513 cui
1556 474 1819 528 temperantiae

413 554 554 579 nomen
577 542 642 580 est.
667 543 799 594 Atque
820 542 885 579 illa
904 542 1107 594 prudentia
1126 542 1166 579 in
1187 542 1261 579 suis
1279 542 1406 586 rebus,
1425 541 1658 586 domestica,
1682 542 1722 578 in
1743 554 1818 593 pu-
1845 554 1849 555 ⁷

414 607 542 652 blicis,
564 607 688 645 civilis
709 607 890 658 appellari
910 607 1017 644 solet.
1067 606 1345 658 Temperantia
1370 614 1501 643 autem
1521 606 1562 643 in
1582 605 1662 644 suas
1682 605 1820 643 itidem

414 687 485 718 res,
521 682 557 710 et
588 675 628 710 in
661 685 891 710 communes
926 671 1127 709 distributa
1146 671 1214 715 est,
1243 671 1467 723 duobusque
1488 671 1613 709 modis
1645 671 1686 709 in
1706 671 1820 708 rebus

414 739 632 778 commodis
667 737 894 775 discernitur
912 756 923 782 3
955 746 992 775 et
1026 750 1081 782 ea,
1112 751 1197 789 quae
1231 737 1382 782 absunt,
1420 751 1498 775 non
1529 737 1758 790 expetendo,
1783 744 1822 774 et

414 806 460 843 ab
481 806 541 849 iis,
575 818 659 856 quae
679 804 718 841 in
740 803 922 856 potestate
956 803 1057 848 sunt,
1089 803 1325 841 abstinendo.
1393 804 1438 841 In
1465 803 1577 841 rebus
1598 812 1727 841 autem
1756 803 1822 840 in·

414 871 633 909 commodis
655 870 707 908 est
737 870 873 907 itidem
894 869 1051 921 duplex.
1112 870 1219 908 Nam
1241 884 1325 921 quae
1345 870 1587 908 venientibus
1615 869 1726 908 malis
1747 868 1823 906 ob-

414 937 501 982 stat,
519 937 707 975 fortitudo
727 955 738 981 ς
771 950 870 988 quae,
891 936 1092 988 quodjam
1113 936 1226 980 adest,
1250 936 1385 974 tolerat
1404 946 1441 974 et
1462 935 1616 989 perfert,
1638 935 1823 989 patientia

413 1005 650 1043 nominatur.
711 1005 809 1054 Qae
840 1013 970 1041 autem
1004 1002 1085 1041 haec
1120 1017 1198 1041 uno
1218 1017 1355 1055 genere
1387 1003 1675 1055 complectitur,
1705 1015 1818 1054 mag-

416 1071 554 1110 nitudo
589 1070 709 1108 animi
748 1070 916 1114 dicitur,
961 1070 1070 1121 cujus
1109 1070 1161 1107 est
1198 1068 1404 1106 liberalitas
1436 1070 1476 1106 in
1516 1069 1584 1106 usu
1617 1067 1791 1121 pecuniae
1807 1086 1820 1113 5

417 1137 609 1189 simulque
639 1136 803 1174 altitudo
834 1136 953 1173 animi
980 1136 1020 1172 in
1053 1135 1247 1188 capiendis
1269 1135 1546 1180 incommodis,
1579 1144 1617 1173 et
1652 1134 1825 1173 maxime

419 1204 569 1256 injuriis
586 1222 600 1248 3
631 1211 669 1240 et
702 1216 818 1240 omne
839 1201 944 1255 quod
974 1201 1026 1239 est
1052 1203 1132 1254 ejus
1164 1201 1328 1254 generis,
1360 1215 1487 1254 grave,
1523 1201 1709 1246 sedatum,
1744 1213 1824 1239 non

417 1270 703 1308 turbulentum.
737 1271 782 1307 In
803 1268 1083 1306 communione
1103 1278 1234 1307 autem
1251 1282 1336 1321 quae
1356 1269 1476 1322 posita
1494 1281 1577 1322 pars
1594 1268 1660 1313 est,
1676 1267 1826 1320 justitia

417 1337 588 1381 dicitur,
612 1349 731 1388 eaque
758 1349 845 1388 erga
863 1337 981 1381 Deos,
1013 1335 1174 1388 religio;
1206 1349 1293 1388 erga
1313 1344 1500 1388 parentes,
1528 1335 1673 1388 pietas,
1705 1334 1829 1386 vulgo

416 1413 560 1447 autern,
583 1403 762 1447 bonitas,
795 1402 950 1440 creditis
985 1402 1024 1440 in
1061 1402 1187 1447 rebus,
1221 1402 1341 1446 fides3
1384 1402 1424 1439 in
1457 1401 1718 1440 moderatione
1738 1401 1829 1440 ani-

417 1469 692 1513 madvertendi,
715 1469 874 1513 lenitas,
907 1468 1078 1506 amicitia
1097 1469 1137 1506 in
1159 1467 1428 1506 benevolentia
1447 1468 1685 1507 nominatur.

464 1535 619 1573 XXIII.
652 1537 783 1585 Atque
803 1533 862 1571 hae
882 1534 1042 1585 quidem
1062 1535 1220 1572 virtutes
1240 1543 1449 1572 cernuntur
1469 1535 1510 1572 in
1529 1534 1691 1587 agendo.
1726 1534 1825 1571 Sunt

417 1610 547 1638 autem
567 1600 648 1638 aliae
669 1599 771 1652 quasi
788 1599 985 1643 ministrae,
1005 1599 1241 1651 comitesque
1262 1599 1450 1651 sapientiae
1464 1618 1476 1644 ς
1508 1613 1672 1651 quarum
1693 1599 1829 1643 altera„

418 1681 502 1719 quae
519 1667 590 1704 sint
611 1666 650 1703 in
664 1665 891 1717 disputando
911 1678 1009 1710 vera,
1025 1675 1138 1717 atque
1159 1664 1262 1709 falsa,
1278 1665 1494 1717 quibusque
1507 1666 1636 1718 pofitis
1659 1665 1753 1716 quid
1766 1664 1826 1702 se-

418 1742 570 1785 quatur,
600 1732 800 1783 distinguit
819 1741 855 1768 et
870 1731 1046 1783 judicat,
1080 1745 1165 1782 quae
1185 1731 1305 1768 virtus
1324 1731 1451 1769 omnis
1473 1731 1512 1768 in
1534 1732 1679 1769 ratione
1700 1730 1829 1768 scien-

417 1799 547 1851 tiaque
569 1797 787 1850 disputandi
808 1797 873 1835 sita
892 1797 958 1835 est.
1004 1797 1137 1835 Altera
1156 1806 1287 1835 autem
1307 1798 1492 1835 oratoria:
1526 1795 1626 1834 nihil
1647 1797 1754 1835 enim
1773 1795 1829 1834 est.

418 1866 521 1903 aliud
543 1865 775 1916 eloquentia,
811 1864 878 1902 nisi
912 1863 1062 1917 copiose
1082 1864 1245 1916 loquens
1264 1864 1472 1917 sapientia,
1505 1878 1590 1916 quae
1621 1878 1669 1902 ex
1688 1863 1826 1902 eodem

418 1931 716 1983 haustagenere,
753 1944 830 1982 quo
856 1930 936 1975 illa,
973 1944 1058 1982 quie
1089 1931 1129 1968 in
1159 1930 1401 1982 disputando,
1436 1931 1589 1968 uberior
1616 1930 1681 1975 est,
1710 1938 1826 1981 atque

418 1998 543 2042 latior,
575 2006 612 2034 et
645 1997 690 2034 ad
725 2006 855 2034 motus
886 1997 1120 2041 animorum,
1156 1996 1342 2048 vulgique
1380 1996 1505 2033 sensus
1550 1995 1829 2033 accommoda—-

418 2064 505 2101 tior.
568 2062 704 2100 Custos
738 2076 824 2100 vero
845 2063 1034 2100 virtutum
1054 2063 1248 2106 omnium,
1271 2062 1435 2099 dedecus
1456 2061 1624 2113 fugiens,
1646 2061 1824 2098 laudem-

417 2143 493 2181 que
514 2129 683 2166 maxime
704 2129 952 2181 consequens,
980 2129 1208 2166 verecundia
1228 2128 1295 2166 est.
1344 2130 1477 2179 Atque
1497 2126 1539 2164 hi
1560 2127 1647 2164 sunt
1663 2128 1827 2179 quidem

417 2194 495 2232 fere
535 2195 636 2246 quasi
669 2194 827 2245 quidam
856 2193 1011 2231 habitus
1043 2195 1177 2238 animi,
1209 2193 1258 2231 fic
1289 2192 1426 2237 affecti,
1463 2202 1500 2230 et
1534 2192 1749 2238 constituti,
1781 2202 1829 2231 ut

419 2261 491 2299 sint
512 2260 649 2312 singuli
671 2261 769 2297 inter
790 2260 823 2298 se
844 2261 1000 2312 proprio
1019 2261 1170 2298 virtutis
1191 2247 1328 2312 genere
1349 2260 1540 2304 distincti,
1571 2273 1592 2297 a
1618 2260 1760 2311 quibus
1782 2269 1826 2298 ut

420 2341 582 2379 quasque
610 2340 664 2364 res
686 2326 786 2378 gesta
806 2327 871 2370 cst,
907 2327 960 2364 ita
980 2327 1023 2364 fit
1044 2326 1197 2364 honesta
1218 2326 1358 2365 necefl‘e
1383 2326 1449 2371 cst,
1482 2326 1709 2378 summeque
1741 2327 1826 2364 lau-

420 2393 571 2431 dabilis.
606 2395 701 2430 Sunt
721 2402 847 2430 autem
870 2393 933 2430 alii
956 2393 1112 2445 quidam
1136 2392 1292 2444 pcrfcc‘i‘i
1317 2393 1437 2430 animi
1457 2391 1612 2430 habitus
1634 2393 1679 2429 ad
1701 2393 1829 2430 virtu-

420 2466 499 2496 tem
514 2458 613 2509 quasi
636 2459 807 2510 praeculti
830 2468 867 2495 et
889 2460 1083 2511 purpurati
1105 2459 1214 2496 restis
1234 2459 1367 2496 studiis
1385 2469 1421 2496 et
1437 2459 1605 2502 artibus;
1631 2469 1672 2495 ut
1690 2459 1728 2495 in
1750 2458 1824 2495 suis

421 2524 548 2570 rebus,
570 2525 692 2563 studia
711 2525 921 2570 literarum,
946 2535 987 2563 ut
1007 2539 1274 2571 numerorum,
1291 2534 1332 2563 ut
1354 2525 1548 2570 sonorum,
1564 2534 1605 2562 ut
1626 2524 1826 2568 mensurae,
