2176 2912
594 181 916 221 LIBER
990 181 1407 226 PRIMUS.
1644 207 1713 245 191

352 275 472 312 -Tum
493 273 657 318 Craffus,
691 273 924 326 Operarium
945 274 1057 313 nobis
1085 278 1295 328 quendam,
1327 281 1492 326 Antoni,
1523 293 1715 324 oratorem

304 339 423 385 facis5
455 349 569 391 atque
588 339 693 378 haud
712 339 804 385 scio,
835 354 883 378 an
912 340 1021 378 aliter
1040 341 1190 388 sentias,
1221 355 1260 382 et
1281 355 1384 383 utare
1415 356 1479 385 tua
1507 349 1574 387 illa
1599 352 1713 389 miri-

304 406 376 444 fica
395 406 440 444 ad
462 406 718 444 refellendum
747 407 1038 454 consuetudine,
1070 423 1146 462 qua
1167 411 1238 449 tibi
1265 426 1380 452 nemo
1414 427 1587 467 unquam
1614 432 1710 470 prae-

303 472 421 510 stitit:
445 474 553 525 cujus
570 473 730 525 quidem
751 473 865 526 ipfius
886 472 1079 513 facultatis
1101 478 1324 517 exercitatio
1343 490 1540 519 oratorum
1562 486 1712 536 propria

301 538 367 584 est,
398 539 460 577 sed
485 540 566 591 jam
592 541 633 577 in
652 538 981 592 Philosophorum
1001 542 1276 582 consuetudine
1302 546 1481 592 versatur,
1515 551 1707 588 maxime-

300 619 376 657 que
397 619 545 651 eorum,
577 607 646 659 qui
661 607 708 644 de
728 606 838 644 omni
859 621 897 644 re
918 609 1107 660 propofita
1126 610 1165 647 in
1188 620 1392 664 utramque
1411 624 1559 665 partem
1587 617 1710 656 solent

300 672 554 724 copiofiffime
575 673 715 710 dicere.
754 673 903 711 Verum
924 687 995 726 ego
1016 689 1094 713 non
1116 676 1241 715 solum
1262 679 1482 726 arbitrabar,
1514 680 1575 720 his
1608 698 1708 736 prae-

299 738 429 776 sertim
459 739 717 783 audientibus,
749 752 769 777 a
799 753 863 777 me
897 739 1100 780 informari
1122 754 1310 795 oportere,
1342 747 1466 798 qualis
1498 748 1569 786 effe
1588 751 1709 802 posset

298 804 343 848 is,
375 805 443 856 qui
465 803 654 842 habitaret
673 805 713 842 in
734 804 934 850 subselliis,
966 820 1092 858 neque
1119 810 1334 862 quidquam
1354 813 1520 865 amplius
1541 815 1705 862 afferret,

296 883 415 921 quam
446 871 551 922 quod
571 869 768 908 causarum
790 871 983 909 neceffitas
1002 873 1209 924 postularet
1226 894 1238 920 ς
1271 876 1334 915 sed
1367 880 1490 930 majus
1518 882 1706 932 quiddam

295 935 487 980 videbam,
509 949 602 974 cum
620 935 837 981 censebam,
868 947 1073 984 oratorem,
1095 941 1304 993 praesertim
1320 944 1361 981 in
1381 945 1505 983 nostra
1528 950 1703 1000 republi-

293 1014 351 1046 ca,
365 1001 510 1040 nullius
526 1002 743 1040 ornamenti
764 1014 962 1056 expertem
978 1005 1049 1043 effe
1064 1016 1252 1059 oportere.
1272 1010 1338 1047 Tu
1355 1019 1497 1056 autem,
1515 1015 1704 1064 quoniam

294 1067 446 1119 exiguis
467 1067 699 1120 quibusdam
728 1068 871 1108 finibus
892 1080 1020 1109 totum
1049 1074 1210 1112 oratoris
1232 1088 1375 1113 munus
1400 1077 1701 1126 circumdedisti,

291 1132 368 1171 hoc
387 1132 539 1172 facilius
561 1135 673 1172 nobis
693 1149 859 1188 expones
880 1150 935 1182 ea,
967 1152 1052 1190 quae
1072 1140 1137 1178 abs
1160 1150 1196 1178 te
1216 1141 1262 1179 de
1293 1143 1446 1188 officiis,
1480 1148 1701 1199 praeceptis-

291 1214 367 1252 que
396 1201 553 1239 oratoris
585 1202 738 1254 quaefita
768 1202 855 1241 sunt
870 1222 882 1248 3
915 1204 991 1250 sed,
1022 1208 1173 1259 opinor,
1205 1208 1417 1248 secundum
1443 1210 1549 1250 hunc
1578 1213 1698 1255 diem.

292 1268 386 1304 Satis
421 1268 526 1305 enim
547 1268 671 1306 multa
700 1283 721 1306 a
752 1269 863 1309 nobis
883 1269 999 1310 hodie
1030 1272 1131 1311 dicta
1161 1273 1261 1312 sunt.
1308 1276 1429 1314 Nunc
1449 1287 1487 1315 et
1519 1280 1698 1326 Scaevola,

291 1334 475 1384 quoniam
496 1335 535 1372 in
555 1335 825 1375 Tusculanum
844 1338 898 1375 ire
918 1339 1132 1385 constituit,
1163 1341 1324 1393 paulum
1345 1344 1568 1395 requiescet,
1600 1346 1699 1386 dum

290 1399 326 1437 se
345 1400 449 1438 calor
468 1400 618 1454 frangat
634 1421 646 1447 ς
678 1412 715 1440 et
735 1416 804 1441 nos
824 1405 907 1458 ipfi,
930 1407 1116 1457 quoniam
1136 1408 1176 1446 id
1196 1410 1382 1463 temporis
1400 1410 1466 1455 est,
1483 1411 1697 1453 valetudini

288 1465 423 1504 demus
443 1480 614 1519 operam.

295 1556 299 1558 -
342 1532 493 1572 Placuit
514 1534 562 1572 s1C
584 1534 782 1573 omnibus.
829 1536 940 1575 Tum
961 1538 1139 1583 Scaevola,
1162 1540 1260 1585 sane,
1289 1541 1431 1593 inquit,
1453 1544 1594 1583 vellem
1615 1559 1695 1586 non

285 1599 560 1638 constituissem
595 1602 635 1640 in
656 1602 927 1641 Tusculanum
959 1618 1022 1642 me
1056 1604 1171 1644 hodie
1200 1617 1409 1647 venturum
1439 1609 1509 1648 effe
1539 1612 1691 1652 Laelio:

287 1664 449 1704 libenter
469 1668 641 1706 audirem
663 1670 908 1709 Antonium:
941 1681 992 1717 et,
1014 1686 1107 1710 cum
1127 1673 1356 1727 exsurgeret,
1377 1676 1489 1715 fimul
1507 1678 1690 1724 arridens,

285 1743 410 1782 neque
439 1733 557 1778 enim,
588 1735 731 1786 inquit,
763 1745 842 1774 tam
872 1737 971 1775 mihi
992 1739 1173 1778 molestus
1194 1740 1284 1784 fuit,
1316 1742 1494 1794 quodjus
1516 1743 1690 1784 nostrum

283 1795 397 1833 civile
416 1799 604 1849 pervellit,
622 1814 741 1853 quam
750 1803 960 1854 jucunduS‚
980 1803 1085 1855 quod
1099 1805 1134 1843 se
1155 1806 1194 1843 id
1215 1806 1357 1845 nescire
1372 1807 1561 1847 confessus
1577 1810 1644 1850 est.
