2176 2912
452 169 529 225 398
680 168 925 219 ιΒΕ
1037 167 1514 208 CLARIS

449 263 550 303 male
570 263 719 300 locutos
741 262 930 301 videmus.
982 262 1054 301 Sed
1082 276 1216 300 omnes
1239 272 1325 301 tum
1356 261 1449 306 fere,
1480 261 1548 314 qui
1574 274 1645 299 nec
1665 270 1769 301 extra
1789 277 1856 302 ur-

449 330 541 368 bem
561 328 660 367 hanc
681 329 868 373 vixerant,
883 342 952 367 nec
973 341 1036 366 eos
1057 329 1185 381 aliqua
1205 328 1395 367 barbaries
1416 327 1623 366 domestica
1642 327 1856 368 infuscave-

451 406 520 442 rat,
552 398 651 434 recte
670 395 942 448 loquebantur.
1004 395 1076 433 Sed
1106 394 1206 434 hanc
1226 405 1328 434 certe
1348 408 1430 434 rem
1451 395 1679 433 deteriorem
1696 395 1858 433 vetustas

451 462 545 501 fecit
564 472 602 500 et
622 463 774 506 Romae,
805 471 843 499 et
874 461 914 499 in
937 461 1098 500 Graecia.
1160 461 1444 499 Confluxerunt
1469 461 1574 499 enim
1601 470 1639 499 et
1670 460 1857 505 Athenas,

450 539 490 568 et
515 530 555 567 in
575 527 675 567 hanc
697 529 835 566 urbem
869 527 987 565 multi
1021 528 1222 580 inquinate
1252 528 1452 580 loquentes
1486 541 1532 565 ex
1564 527 1713 566 diverfis
1748 528 1855 566 locis.
1897 548 1900 549 ⁷

453 597 546 647 Qo
567 595 689 648 magis
710 594 979 647 expurgandus
1000 593 1051 631 est
1071 593 1208 638 sermo,
1246 602 1283 631 et
1304 592 1533 638 adhibenda,
1566 603 1764 646 tamquam
1786 595 1857 632 ob-

453 661 562 707 russa,
603 662 712 705 ratio,
746 674 830 711 quae
862 659 1003 698 mutari
1034 673 1112 697 non
1142 659 1291 712 potest;
1324 673 1394 698 nec
1429 659 1619 697 utendum
1645 660 1858 712 praviffima

452 728 741 767 consuetudinis
762 726 905 778 regula.

507 796 561 833 T.
582 793 866 836 Flamininum,
888 792 958 844 qui
977 805 1070 830 cum
1092 792 1338 845 QMetello
1357 791 1502 830 Consul
1523 791 1613 837 fuit,
1630 792 1739 845 pueri
1759 792 1860 831 vidi-

452 875 555 900 mus.
589 859 892 898 Existimabatur
912 859 1008 897 bene
1029 860 1181 904 Latine,
1213 858 1274 897 sed
1301 858 1426 897 literas
1448 858 1651 897 nesciebat.
1699 859 1861 898 Catulus

451 937 531 966 erat
549 927 617 965 ille
637 926 796 979 quidem
817 925 982 964 minime
1002 925 1194 970 indoctus,
1216 935 1259 963 ut
1279 939 1299 963 a
1319 934 1355 964 te
1373 925 1490 978 paulo
1505 925 1558 963 est
1577 936 1665 964 ante
1685 925 1858 969 dictum5

453 994 517 1032 sed
547 1002 675 1032 tamen
709 992 868 1030 suavitas
910 992 1029 1036 vocis,
1071 1000 1109 1030 et
1140 991 1236 1029 lenis
1270 991 1475 1045 appellatio
1506 991 1720 1036 literarum,
1766 992 1862 1030 bene

454 1059 639 1112 loquendi
674 1058 819 1096 famam
853 1057 1084 1096 confecerat.
1158 1059 1286 1102 Cotta,
1330 1058 1422 1110 quia
1453 1058 1489 1095 se
1519 1057 1627 1095 valde
1661 1058 1861 1096 dilatandis

453 1127 575 1164 literis
609 1139 630 1163 a
663 1124 916 1162 similitudine
948 1125 1093 1162 Graecae
1123 1124 1332 1162 locutionis
1359 1123 1600 1168 abstraxerat,
1632 1123 1864 1175 sonabatque

452 1192 690 1231 contrarium
719 1190 873 1235 Catulo,
905 1189 1116 1243 subagreste
1148 1190 1348 1241 quiddam,
1379 1190 1569 1243 planeque
1589 1189 1862 1235 subrusticum,

453 1259 527 1297 alia
561 1258 735 1311 quidem,
767 1257 871 1309 quasi
906 1256 1055 1295 inculta
1088 1266 1126 1295 et
1156 1256 1311 1295 filvestri
1346 1256 1420 1302 via,
1452 1256 1498 1294 ad
1529 1256 1689 1295 eandem
1710 1256 1865 1295 laudem

454 1334 688 1379 pervenerat.
722 1324 875 1361 Sisenna
889 1332 1034 1368 autem,
1054 1323 1158 1375 quafi
1178 1322 1401 1361 emendator
1421 1322 1605 1361 sermonis
1627 1322 1752 1361 ufitati
1772 1337 1866 1361 cum

453 1391 526 1430 effe
545 1391 673 1436 vellet,
693 1404 740 1428 ne
760 1404 780 1427 a
801 1391 849 1428 C.
873 1390 992 1428 Rufio
1012 1389 1172 1442 quidem
1193 1389 1406 1428 accusatore
1426 1389 1607 1428 deterreri
1626 1389 1769 1442 potuit,
1787 1403 1867 1442 quo

453 1458 585 1496 minus
620 1456 808 1495 inufitatis
842 1455 971 1493 verbis
1004 1465 1186 1494 uteretur.
1238 1455 1440 1507 Qidnam
1483 1455 1579 1494 istuc
1613 1454 1693 1492 est?
1735 1455 1867 1507 inquit

456 1525 626 1569 Brutus;
659 1533 723 1561 aut
757 1522 844 1574 quis
876 1522 928 1560 est
961 1521 1029 1560 iste
1051 1522 1098 1560 C.
1123 1522 1294 1560 Rufius?
1333 1522 1387 1560 Et
1416 1521 1496 1566 ille,
1529 1521 1623 1560 Fuit
1657 1521 1864 1566 accusator,

453 1589 597 1641 inquit,
615 1597 736 1631 vetus,
755 1600 833 1639 quo
853 1586 1053 1624 accusante
1069 1585 1315 1631 Chritilium,
1334 1585 1488 1624 Sisenna
1507 1585 1727 1630 defendens,
1750 1586 1864 1631 dixit,

456 1655 633 1707 quaedam
653 1655 734 1706 ejus
740 1653 960 1706 sputatilica
979 1652 1048 1691 effe
1069 1652 1245 1691 crimina.
1304 1653 1416 1691 Tum
1437 1653 1486 1691 C.
1507 1652 1662 1697 Rufum,
1696 1653 1865 1691 Circum-

455 1720 594 1765 vemhr,
625 1719 769 1772 inquit,
800 1718 965 1772 Judicm,
996 1719 1063 1771 72ss
1064 1718 1285 1773 subvenitis.
1319 1719 1478 1771 Sgsennct,
1501 1718 1588 1772 quid
1602 1718 1710 1762 dicas,
1729 1719 1836 1771 nest-io
1849 1737 1864 1762 3

455 1796 570 1826 metuo
589 1786 742 1839 zbgsidiczs.
794 1785 1030 1838 Sputatilica‚
1063 1784 1150 1838 quid
1164 1784 1207 1837 est
1226 1785 1289 1824 hoc
1306 1785 1325 1824 ἒ
1356 1785 1464 1837 sputa
1483 1784 1571 1840 quid
1571 1785 1629 1836 stt
1634 1785 1726 1837 scio,
1761 1785 1867 1823 tilica

456 1854 577 1907 mscio.
623 1852 795 1892 Maximi
819 1852 911 1890 risus
928 1870 940 1896 3
972 1851 1034 1890 sed
1055 1851 1120 1890 ille
1142 1860 1270 1890 tamen
1290 1850 1489 1891 familiaris
1510 1864 1620 1890 meus
1637 1852 1736 1889 recte
1756 1851 1867 1904 loqui

457 1920 618 1973 putabat
637 1919 721 1965 esse,
752 1919 928 1957 inusitate
948 1918 1071 1971 loqui.

512 1987 680 2025 LXXV.
716 1985 838 2024 Caesar
859 1994 1001 2030 autem,
1025 1985 1213 2023 rationem
1232 1982 1434 2030 adhibens,
1465 1983 1782 2022 consuetudinem
1805 1984 1865 2021 vi·-

463 2053 595 2091 tiosam
621 2062 658 2091 et
693 2061 914 2104 corruptam
945 2065 1038 2105 pura
1068 2061 1105 2090 et
1139 2053 1359 2103 incorrupta
1378 2050 1652 2089 consuetudine
1672 2049 1864 2089 emendat.

462 2119 596 2171 Itaque
638 2132 731 2156 cum
761 2118 807 2155 ad
840 2117 940 2156 hanc
975 2117 1206 2170 elegantiam
1240 2117 1446 2155 verborum
1480 2116 1710 2154 Latinorum
1747 2116 1865 2168 (quae,

461 2183 605 2222 etiamst
626 2193 751 2222 orator
771 2197 847 2222 non
869 2184 929 2227 fis,
960 2192 998 2222 et
1018 2183 1062 2221 fis
1083 2183 1272 2236 ingenuus
1292 2182 1386 2221 civis
1407 2183 1622 2226 Romanus,
1646 2191 1775 2221 tamen
1796 2196 1865 2220 ne-

460 2249 609 2289 cessaria
641 2250 710 2301 est)
743 2249 917 2302 adjungit
947 2249 1014 2287 illa
1033 2249 1195 2287 oratoria
1225 2258 1447 2287 ornamenta
1465 2248 1625 2288 dicendi
1642 2267 1654 2294 5
1687 2258 1772 2287 tum
1806 2249 1866 2287 vi-

462 2318 574 2355 detur
605 2326 788 2369 tanquam
821 2315 968 2354 tabulas
1003 2316 1099 2354 bene
1124 2316 1243 2370 pietas
1276 2315 1463 2355 collocare
1497 2316 1536 2354 in
1571 2316 1675 2355 bono
1702 2315 1865 2356 lumine.

463 2385 579 2424 Hanc
613 2397 706 2422 cum
737 2382 877 2422 habeat
910 2383 1143 2437 praecipuam
1173 2383 1328 2423 laudem
1364 2383 1409 2422 in
1451 2383 1743 2427 communibus,
1788 2397 1868 2422 non

462 2450 573 2491 video
613 2451 677 2490 cui
716 2450 852 2490 debeat
892 2450 1037 2491 cedere.
1097 2450 1345 2506 Splendidam
1375 2450 1582 2505 quandam,
1627 2450 1869 2502 minimeque
