<?xml version="1.0" encoding="UTF-8"?>
<!DOCTYPE html PUBLIC "-//W3C//DTD XHTML 1.0 Transitional//EN"
    "http://www.w3.org/TR/xhtml1/DTD/xhtml1-transitional.dtd">
<html xmlns="http://www.w3.org/1999/xhtml" xml:lang="en" lang="en">
 <head>
  <title>
</title>
<meta http-equiv="Content-Type" content="text/html;charset=utf-8" />
  <meta name='ocr-system' content='tesseract 3.04.00' />
  <meta name='ocr-capabilities' content='ocr_page ocr_carea ocr_par ocr_line ocrx_word'/>
</head>
<body>
  <div class='ocr_page' id='page_1' title='image "./operacumindicibu01ciceuoft_0412.png"; bbox 0 0 2176 2912; ppageno 0'>
   <div class='ocr_carea' id='block_1_1' title="bbox 497 209 1563 262">
    <p class='ocr_par' dir='ltr' id='par_1_1' title="bbox 497 209 1563 262">
     <span class='ocr_line' id='line_1_1' title="bbox 497 209 1563 262; baseline -0.003 -12"><span class='ocrx_word' id='word_1_1' title='bbox 497 224 578 262; x_wconf 85' lang='lat'>400</span> <span class='ocrx_word' id='word_1_2' title='bbox 844 209 976 248; x_wconf 88' lang='lat' dir='ltr'>DE</span> <span class='ocrx_word' id='word_1_3' title='bbox 1091 209 1563 248; x_wconf 90' lang='lat' dir='ltr'>CLARIS</span> 
     </span>
    </p>
   </div>
   <div class='ocr_carea' id='block_1_2' title="bbox 500 302 1921 2613">
    <p class='ocr_par' dir='ltr' id='par_1_2' title="bbox 500 302 1903 555">
     <span class='ocr_line' id='line_1_2' title="bbox 500 302 1902 355; baseline 0 -13"><span class='ocrx_word' id='word_1_4' title='bbox 500 305 588 342; x_wconf 83' lang='lat' dir='ltr'>vitae</span> <span class='ocrx_word' id='word_1_5' title='bbox 618 302 818 341; x_wconf 75' lang='lat' dir='ltr'>decorabat</span> <span class='ocrx_word' id='word_1_6' title='bbox 848 303 1013 355; x_wconf 85' lang='lat' dir='ltr'>dignitas</span> <span class='ocrx_word' id='word_1_7' title='bbox 1049 312 1087 340; x_wconf 90' lang='lat' dir='ltr'>et</span> <span class='ocrx_word' id='word_1_8' title='bbox 1121 302 1333 355; x_wconf 84' lang='lat' dir='ltr'>integritas.</span> <span class='ocrx_word' id='word_1_9' title='bbox 1393 303 1465 340; x_wconf 90' lang='lat' dir='ltr'>Me</span> <span class='ocrx_word' id='word_1_10' title='bbox 1497 302 1658 354; x_wconf 90' lang='lat' dir='ltr'>quidem</span> <span class='ocrx_word' id='word_1_11' title='bbox 1692 303 1902 342; x_wconf 86' lang='lat' dir='ltr'>admodum</span> 
     </span>
     <span class='ocr_line' id='line_1_3' title="bbox 502 369 1903 421; baseline 0 -14"><span class='ocrx_word' id='word_1_12' title='bbox 502 369 712 408; x_wconf 67' lang='lat' dir='ltr'>deleetabat</span> <span class='ocrx_word' id='word_1_13' title='bbox 730 370 845 407; x_wconf 86' lang='lat' dir='ltr'>etiarn</span> <span class='ocrx_word' id='word_1_14' title='bbox 875 369 1031 413; x_wconf 84' lang='lat' dir='ltr'>Triarii,</span> <span class='ocrx_word' id='word_1_15' title='bbox 1063 369 1104 406; x_wconf 90' lang='lat' dir='ltr'>in</span> <span class='ocrx_word' id='word_1_16' title='bbox 1129 369 1196 406; x_wconf 89' lang='lat' dir='ltr'>illa</span> <span class='ocrx_word' id='word_1_17' title='bbox 1215 379 1336 414; x_wconf 85' lang='lat' dir='ltr'>aetate,</span> <span class='ocrx_word' id='word_1_18' title='bbox 1366 369 1479 421; x_wconf 90' lang='lat' dir='ltr'>plena</span> <span class='ocrx_word' id='word_1_19' title='bbox 1511 369 1669 407; x_wconf 86' lang='lat' dir='ltr'>literatae</span> <span class='ocrx_word' id='word_1_20' title='bbox 1703 369 1903 408; x_wconf 64' lang='lat' dir='ltr'>senectutis</span> 
     </span>
     <span class='ocr_line' id='line_1_4' title="bbox 501 434 1899 488; baseline -0.002 -13"><span class='ocrx_word' id='word_1_21' title='bbox 501 436 635 475; x_wconf 75' lang='lat' dir='ltr'>oratio.</span> <span class='ocrx_word' id='word_1_22' title='bbox 725 444 839 474; x_wconf 82' lang='lat' dir='ltr'>nanta</span> <span class='ocrx_word' id='word_1_23' title='bbox 858 435 1027 473; x_wconf 80' lang='lat' dir='ltr'>severitas</span> <span class='ocrx_word' id='word_1_24' title='bbox 1060 435 1101 472; x_wconf 89' lang='lat' dir='ltr'>in</span> <span class='ocrx_word' id='word_1_25' title='bbox 1121 434 1231 472; x_wconf 89' lang='lat' dir='ltr'>vultu</span> <span class='ocrx_word' id='word_1_26' title='bbox 1250 435 1257 472; x_wconf 86' lang='lat'>!</span> <span class='ocrx_word' id='word_1_27' title='bbox 1290 444 1482 487; x_wconf 88' lang='lat' dir='ltr'>quantum</span> <span class='ocrx_word' id='word_1_28' title='bbox 1512 435 1662 488; x_wconf 88' lang='lat' dir='ltr'>pondus</span> <span class='ocrx_word' id='word_1_29' title='bbox 1689 436 1729 473; x_wconf 91' lang='lat' dir='ltr'>in</span> <span class='ocrx_word' id='word_1_30' title='bbox 1750 436 1873 474; x_wconf 89' lang='lat' dir='ltr'>verbis</span> <span class='ocrx_word' id='word_1_31' title='bbox 1892 435 1899 472; x_wconf 74' lang='grc' dir='ltr'>ἔ</span> 
     </span>
     <span class='ocr_line' id='line_1_5' title="bbox 502 500 1461 555; baseline -0.003 -15"><span class='ocrx_word' id='word_1_32' title='bbox 502 516 619 555; x_wconf 89' lang='lat' dir='ltr'>quam</span> <span class='ocrx_word' id='word_1_33' title='bbox 640 500 738 539; x_wconf 87' lang='lat' dir='ltr'>nihil</span> <span class='ocrx_word' id='word_1_34' title='bbox 759 515 837 539; x_wconf 87' lang='lat' dir='ltr'>non</span> <span class='ocrx_word' id='word_1_35' title='bbox 857 501 1137 539; x_wconf 81' lang='lat' dir='ltr'>confideratum</span> <span class='ocrx_word' id='word_1_36' title='bbox 1156 500 1284 538; x_wconf 83' lang='lat' dir='ltr'>exibat</span> <span class='ocrx_word' id='word_1_37' title='bbox 1304 514 1351 538; x_wconf 84' lang='lat' dir='ltr'>ex</span> <span class='ocrx_word' id='word_1_38' title='bbox 1371 514 1434 538; x_wconf 91' lang='lat' dir='ltr'>ore</span> <span class='ocrx_word' id='word_1_39' title='bbox 1454 500 1461 537; x_wconf 81' lang='lat' dir='ltr'>l</span> 
     </span>
    </p>

    <p class='ocr_par' dir='ltr' id='par_1_3' title="bbox 502 564 1910 1218">
     <span class='ocr_line' id='line_1_6' title="bbox 545 564 1910 618; baseline -0.001 -12"><span class='ocrx_word' id='word_1_40' title='bbox 545 570 655 606; x_wconf 91' lang='lat' dir='ltr'>Tum</span> <span class='ocrx_word' id='word_1_41' title='bbox 672 569 828 612; x_wconf 85' lang='lat' dir='ltr'>Brutus,</span> <span class='ocrx_word' id='word_1_42' title='bbox 844 567 1036 618; x_wconf 78' lang='lat' dir='ltr'>Torquati</span> <span class='ocrx_word' id='word_1_43' title='bbox 1048 575 1085 603; x_wconf 89' lang='lat' dir='ltr'>et</span> <span class='ocrx_word' id='word_1_44' title='bbox 1097 566 1240 604; x_wconf 86' lang='lat' dir='ltr'>Triarii</span> <span class='ocrx_word' id='word_1_45' title='bbox 1254 567 1451 604; x_wconf 85' lang='lat' dir='ltr'>mentione</span> <span class='ocrx_word' id='word_1_46' title='bbox 1471 575 1707 611; x_wconf 77' lang='lat' dir='ltr'>commotuS‚</span> <span class='ocrx_word' id='word_1_47' title='bbox 1730 564 1910 618; x_wconf 48' lang='lat' dir='ltr'>(utrumss</span> 
     </span>
     <span class='ocr_line' id='line_1_7' title="bbox 503 631 1903 687; baseline -0.002 -15"><span class='ocrx_word' id='word_1_48' title='bbox 503 648 579 687; x_wconf 86' lang='lat' dir='ltr'>que</span> <span class='ocrx_word' id='word_1_49' title='bbox 599 634 704 671; x_wconf 91' lang='lat' dir='ltr'>enim</span> <span class='ocrx_word' id='word_1_50' title='bbox 724 647 860 671; x_wconf 89' lang='lat' dir='ltr'>eorum</span> <span class='ocrx_word' id='word_1_51' title='bbox 881 632 1092 670; x_wconf 87' lang='lat' dir='ltr'>admodum</span> <span class='ocrx_word' id='word_1_52' title='bbox 1113 631 1312 682; x_wconf 82' lang='lat' dir='ltr'>dilexerat)</span> <span class='ocrx_word' id='word_1_53' title='bbox 1336 631 1410 668; x_wconf 86' lang='lat' dir='ltr'>Nae</span> <span class='ocrx_word' id='word_1_54' title='bbox 1429 644 1514 683; x_wconf 88' lang='lat' dir='ltr'>ego,</span> <span class='ocrx_word' id='word_1_55' title='bbox 1536 632 1678 683; x_wconf 91' lang='lat' dir='ltr'>inquit,</span> <span class='ocrx_word' id='word_1_56' title='bbox 1703 633 1764 684; x_wconf 86' lang='lat' dir='ltr'>(ut</span> <span class='ocrx_word' id='word_1_57' title='bbox 1783 632 1903 670; x_wconf 85' lang='lat' dir='ltr'>omit-</span> 
     </span>
     <span class='ocr_line' id='line_1_8' title="bbox 504 697 1903 751; baseline -0.002 -12"><span class='ocrx_word' id='word_1_58' title='bbox 504 711 585 739; x_wconf 77' lang='lat' dir='ltr'>tam</span> <span class='ocrx_word' id='word_1_59' title='bbox 606 711 750 744; x_wconf 78' lang='lat' dir='ltr'>caetera,</span> <span class='ocrx_word' id='word_1_60' title='bbox 773 713 856 751; x_wconf 82' lang='lat' dir='ltr'>quae</span> <span class='ocrx_word' id='word_1_61' title='bbox 874 698 959 736; x_wconf 90' lang='lat' dir='ltr'>sunt</span> <span class='ocrx_word' id='word_1_62' title='bbox 976 697 1290 749; x_wconf 82' lang='lat' dir='ltr'>innumerabilia)</span> <span class='ocrx_word' id='word_1_63' title='bbox 1315 697 1360 735; x_wconf 91' lang='lat' dir='ltr'>de</span> <span class='ocrx_word' id='word_1_64' title='bbox 1379 697 1457 735; x_wconf 89' lang='lat' dir='ltr'>istis</span> <span class='ocrx_word' id='word_1_65' title='bbox 1479 697 1629 735; x_wconf 87' lang='lat' dir='ltr'>duobus</span> <span class='ocrx_word' id='word_1_66' title='bbox 1650 711 1742 735; x_wconf 91' lang='lat' dir='ltr'>cum</span> <span class='ocrx_word' id='word_1_67' title='bbox 1760 699 1903 750; x_wconf 83' lang='lat' dir='ltr'>cogito,</span> 
     </span>
     <span class='ocr_line' id='line_1_9' title="bbox 502 764 1905 817; baseline -0.004 -11"><span class='ocrx_word' id='word_1_68' title='bbox 502 768 627 811; x_wconf 90' lang='lat' dir='ltr'>doleo,</span> <span class='ocrx_word' id='word_1_69' title='bbox 651 765 749 803; x_wconf 83' lang='lat' dir='ltr'>nihil</span> <span class='ocrx_word' id='word_1_70' title='bbox 772 775 877 803; x_wconf 86' lang='lat' dir='ltr'>tuam</span> <span class='ocrx_word' id='word_1_71' title='bbox 898 774 1122 817; x_wconf 88' lang='lat' dir='ltr'>perpetuam</span> <span class='ocrx_word' id='word_1_72' title='bbox 1143 764 1407 802; x_wconf 65' lang='lat' dir='ltr'>auetoritatem</span> <span class='ocrx_word' id='word_1_73' title='bbox 1428 764 1474 802; x_wconf 93' lang='lat' dir='ltr'>de</span> <span class='ocrx_word' id='word_1_74' title='bbox 1494 777 1587 816; x_wconf 90' lang='lat' dir='ltr'>pace</span> <span class='ocrx_word' id='word_1_75' title='bbox 1604 764 1757 802; x_wconf 83' lang='lat' dir='ltr'>valuiffe</span> <span class='ocrx_word' id='word_1_76' title='bbox 1775 783 1785 808; x_wconf 75' lang='lat'><em>3</em></span> <span class='ocrx_word' id='word_1_77' title='bbox 1815 778 1905 802; x_wconf 87' lang='lat' dir='ltr'>nam</span> 
     </span>
     <span class='ocr_line' id='line_1_10' title="bbox 502 830 1903 883; baseline -0.003 -11"><span class='ocrx_word' id='word_1_78' title='bbox 502 847 572 873; x_wconf 83' lang='lat' dir='ltr'>nec</span> <span class='ocrx_word' id='word_1_79' title='bbox 602 833 690 871; x_wconf 81' lang='lat' dir='ltr'>istos</span> <span class='ocrx_word' id='word_1_80' title='bbox 721 831 952 870; x_wconf 81' lang='lat' dir='ltr'>excellentes</span> <span class='ocrx_word' id='word_1_81' title='bbox 987 831 1100 875; x_wconf 87' lang='lat' dir='ltr'>viros,</span> <span class='ocrx_word' id='word_1_82' title='bbox 1132 844 1203 869; x_wconf 88' lang='lat' dir='ltr'>nec</span> <span class='ocrx_word' id='word_1_83' title='bbox 1234 830 1380 869; x_wconf 89' lang='lat' dir='ltr'>multos</span> <span class='ocrx_word' id='word_1_84' title='bbox 1412 830 1504 869; x_wconf 87' lang='lat' dir='ltr'>alios</span> <span class='ocrx_word' id='word_1_85' title='bbox 1541 830 1756 883; x_wconf 88' lang='lat' dir='ltr'>praestantes</span> <span class='ocrx_word' id='word_1_86' title='bbox 1789 831 1903 875; x_wconf 85' lang='lat' dir='ltr'>cives,</span> 
     </span>
     <span class='ocr_line' id='line_1_11' title="bbox 503 896 1905 953; baseline -0.003 -15"><span class='ocrx_word' id='word_1_87' title='bbox 503 899 716 953; x_wconf 78' lang='lat' dir='ltr'>respublica</span> <span class='ocrx_word' id='word_1_88' title='bbox 750 897 982 951; x_wconf 78' lang='lat' dir='ltr'>perdidisset.</span> <span class='ocrx_word' id='word_1_89' title='bbox 1042 896 1241 942; x_wconf 79' lang='lat' dir='ltr'>Sile-amus,</span> <span class='ocrx_word' id='word_1_90' title='bbox 1275 898 1449 949; x_wconf 88' lang='lat' dir='ltr'>inquam,</span> <span class='ocrx_word' id='word_1_91' title='bbox 1487 898 1617 941; x_wconf 82' lang='lat' dir='ltr'>Brute,</span> <span class='ocrx_word' id='word_1_92' title='bbox 1655 897 1701 935; x_wconf 91' lang='lat' dir='ltr'>de</span> <span class='ocrx_word' id='word_1_93' title='bbox 1734 897 1827 942; x_wconf 88' lang='lat' dir='ltr'>istis,</span> <span class='ocrx_word' id='word_1_94' title='bbox 1858 910 1905 935; x_wconf 90' lang='lat' dir='ltr'>ne</span> 
     </span>
     <span class='ocr_line' id='line_1_12' title="bbox 502 962 1904 1019; baseline -0.003 -15"><span class='ocrx_word' id='word_1_95' title='bbox 502 978 709 1019; x_wconf 85' lang='lat' dir='ltr'>augeamus</span> <span class='ocrx_word' id='word_1_96' title='bbox 731 964 918 1002; x_wconf 87' lang='lat' dir='ltr'>dolorem.</span> <span class='ocrx_word' id='word_1_97' title='bbox 969 963 1077 1002; x_wconf 79' lang='lat' dir='ltr'>Nam</span> <span class='ocrx_word' id='word_1_98' title='bbox 1096 973 1134 1001; x_wconf 89' lang='lat' dir='ltr'>et</span> <span class='ocrx_word' id='word_1_99' title='bbox 1153 963 1436 1016; x_wconf 82' lang='lat' dir='ltr'>praeteritorum</span> <span class='ocrx_word' id='word_1_100' title='bbox 1456 962 1666 1001; x_wconf 85' lang='lat' dir='ltr'>recordatio</span> <span class='ocrx_word' id='word_1_101' title='bbox 1686 962 1738 1000; x_wconf 87' lang='lat' dir='ltr'>est</span> <span class='ocrx_word' id='word_1_102' title='bbox 1758 963 1904 1008; x_wconf 89' lang='lat' dir='ltr'>acerba,</span> 
     </span>
     <span class='ocr_line' id='line_1_13' title="bbox 502 1029 1906 1083; baseline -0.003 -13"><span class='ocrx_word' id='word_1_103' title='bbox 502 1042 542 1070; x_wconf 90' lang='lat' dir='ltr'>et</span> <span class='ocrx_word' id='word_1_104' title='bbox 562 1031 731 1070; x_wconf 87' lang='lat' dir='ltr'>acerbior</span> <span class='ocrx_word' id='word_1_105' title='bbox 750 1030 962 1083; x_wconf 56' lang='lat' dir='ltr'>expectatio</span> <span class='ocrx_word' id='word_1_106' title='bbox 983 1029 1235 1081; x_wconf 87' lang='lat' dir='ltr'>reliquorum.</span> <span class='ocrx_word' id='word_1_107' title='bbox 1296 1030 1430 1081; x_wconf 83' lang='lat' dir='ltr'>Itaque</span> <span class='ocrx_word' id='word_1_108' title='bbox 1450 1029 1678 1067; x_wconf 86' lang='lat' dir='ltr'>omittamus</span> <span class='ocrx_word' id='word_1_109' title='bbox 1702 1029 1845 1081; x_wconf 87' lang='lat' dir='ltr'>lugere,</span> <span class='ocrx_word' id='word_1_110' title='bbox 1866 1038 1906 1067; x_wconf 88' lang='lat' dir='ltr'>et</span> 
     </span>
     <span class='ocr_line' id='line_1_14' title="bbox 503 1095 1902 1150; baseline -0.002 -13"><span class='ocrx_word' id='word_1_111' title='bbox 503 1097 670 1143; x_wconf 74' lang='lat' dir='ltr'>tantum,</span> <span class='ocrx_word' id='word_1_112' title='bbox 697 1097 792 1150; x_wconf 89' lang='lat' dir='ltr'>quid</span> <span class='ocrx_word' id='word_1_113' title='bbox 812 1096 973 1150; x_wconf 88' lang='lat' dir='ltr'>quisque</span> <span class='ocrx_word' id='word_1_114' title='bbox 993 1096 1157 1134; x_wconf 88' lang='lat' dir='ltr'>dicendo</span> <span class='ocrx_word' id='word_1_115' title='bbox 1176 1096 1359 1148; x_wconf 88' lang='lat' dir='ltr'>potuerit,</span> <span class='ocrx_word' id='word_1_116' title='bbox 1394 1095 1598 1148; x_wconf 89' lang='lat' dir='ltr'>(quoniam</span> <span class='ocrx_word' id='word_1_117' title='bbox 1617 1095 1658 1133; x_wconf 89' lang='lat' dir='ltr'>id</span> <span class='ocrx_word' id='word_1_118' title='bbox 1677 1095 1902 1148; x_wconf 65' lang='lat' dir='ltr'>quaerimus)</span> 
     </span>
     <span class='ocr_line' id='line_1_15' title="bbox 502 1165 770 1218; baseline -0.004 -15"><span class='ocrx_word' id='word_1_119' title='bbox 502 1165 770 1218; x_wconf 76' lang='lat' dir='ltr'>praedicemus.</span> 
     </span>
    </p>

    <p class='ocr_par' dir='ltr' id='par_1_4' title="bbox 500 1227 1921 2613">
     <span class='ocr_line' id='line_1_16' title="bbox 560 1227 1903 1282; baseline -0.003 -13"><span class='ocrx_word' id='word_1_120' title='bbox 560 1231 770 1269; x_wconf 89' lang='lat' dir='ltr'><strong>LXXVII.</strong></span> <span class='ocrx_word' id='word_1_121' title='bbox 803 1230 899 1268; x_wconf 83' lang='lat' dir='ltr'>Sunt</span> <span class='ocrx_word' id='word_1_122' title='bbox 919 1231 1036 1268; x_wconf 87' lang='lat' dir='ltr'>etiam</span> <span class='ocrx_word' id='word_1_123' title='bbox 1055 1243 1101 1268; x_wconf 87' lang='lat' dir='ltr'>ex</span> <span class='ocrx_word' id='word_1_124' title='bbox 1122 1230 1181 1275; x_wconf 87' lang='lat' dir='ltr'>iis,</span> <span class='ocrx_word' id='word_1_125' title='bbox 1213 1229 1281 1282; x_wconf 90' lang='lat' dir='ltr'>qui</span> <span class='ocrx_word' id='word_1_126' title='bbox 1301 1229 1436 1268; x_wconf 90' lang='lat' dir='ltr'>eodem</span> <span class='ocrx_word' id='word_1_127' title='bbox 1457 1228 1560 1267; x_wconf 83' lang='lat' dir='ltr'>bello</span> <span class='ocrx_word' id='word_1_128' title='bbox 1581 1227 1818 1273; x_wconf 87' lang='lat' dir='ltr'>occiderunt,</span> <span class='ocrx_word' id='word_1_129' title='bbox 1840 1228 1903 1266; x_wconf 94' lang='lat' dir='ltr'>M.</span> 
     </span>
     <span class='ocr_line' id='line_1_17' title="bbox 503 1294 1907 1350; baseline -0.002 -15"><span class='ocrx_word' id='word_1_130' title='bbox 503 1298 684 1343; x_wconf 84' lang='lat' dir='ltr'>Bibulus,</span> <span class='ocrx_word' id='word_1_131' title='bbox 716 1297 841 1350; x_wconf 87' lang='lat' dir='ltr'>quiet</span> <span class='ocrx_word' id='word_1_132' title='bbox 874 1297 1100 1350; x_wconf 83' lang='lat' dir='ltr'>scriptitavit</span> <span class='ocrx_word' id='word_1_133' title='bbox 1126 1306 1314 1342; x_wconf 88' lang='lat' dir='ltr'>accurate,</span> <span class='ocrx_word' id='word_1_134' title='bbox 1345 1310 1438 1335; x_wconf 90' lang='lat' dir='ltr'>cum</span> <span class='ocrx_word' id='word_1_135' title='bbox 1470 1295 1677 1348; x_wconf 89' lang='lat' dir='ltr'>praesertim</span> <span class='ocrx_word' id='word_1_136' title='bbox 1711 1308 1790 1333; x_wconf 91' lang='lat' dir='ltr'>non</span> <span class='ocrx_word' id='word_1_137' title='bbox 1819 1294 1907 1333; x_wconf 81' lang='lat' dir='ltr'>effet</span> 
     </span>
     <span class='ocr_line' id='line_1_18' title="bbox 503 1361 1904 1417; baseline -0.002 -15"><span class='ocrx_word' id='word_1_138' title='bbox 503 1374 642 1409; x_wconf 89' lang='lat' dir='ltr'>orator,</span> <span class='ocrx_word' id='word_1_139' title='bbox 674 1373 711 1402; x_wconf 89' lang='lat' dir='ltr'>et</span> <span class='ocrx_word' id='word_1_140' title='bbox 744 1364 823 1416; x_wconf 84' lang='lat' dir='ltr'>egit</span> <span class='ocrx_word' id='word_1_141' title='bbox 856 1364 980 1402; x_wconf 84' lang='lat' dir='ltr'>multa</span> <span class='ocrx_word' id='word_1_142' title='bbox 999 1364 1236 1402; x_wconf 86' lang='lat' dir='ltr'>constanter:</span> <span class='ocrx_word' id='word_1_143' title='bbox 1269 1363 1423 1417; x_wconf 88' lang='lat' dir='ltr'>Appius</span> <span class='ocrx_word' id='word_1_144' title='bbox 1446 1362 1646 1407; x_wconf 88' lang='lat' dir='ltr'>Claudius,</span> <span class='ocrx_word' id='word_1_145' title='bbox 1678 1361 1780 1400; x_wconf 90' lang='lat' dir='ltr'>socer</span> <span class='ocrx_word' id='word_1_146' title='bbox 1800 1370 1904 1406; x_wconf 91' lang='lat' dir='ltr'>tuus,</span> 
     </span>
     <span class='ocr_line' id='line_1_19' title="bbox 502 1427 1906 1484; baseline -0.001 -16"><span class='ocrx_word' id='word_1_147' title='bbox 502 1431 652 1484; x_wconf 79' lang='lat' dir='ltr'>collega</span> <span class='ocrx_word' id='word_1_148' title='bbox 670 1441 708 1469; x_wconf 88' lang='lat' dir='ltr'>et</span> <span class='ocrx_word' id='word_1_149' title='bbox 734 1429 933 1469; x_wconf 82' lang='lat' dir='ltr'>familiaris</span> <span class='ocrx_word' id='word_1_150' title='bbox 955 1444 1092 1476; x_wconf 72' lang='lat' dir='ltr'>meus5</span> <span class='ocrx_word' id='word_1_151' title='bbox 1124 1429 1190 1469; x_wconf 90' lang='lat' dir='ltr'>hic</span> <span class='ocrx_word' id='word_1_152' title='bbox 1214 1431 1298 1483; x_wconf 89' lang='lat' dir='ltr'>jam</span> <span class='ocrx_word' id='word_1_153' title='bbox 1318 1439 1356 1468; x_wconf 89' lang='lat' dir='ltr'>et</span> <span class='ocrx_word' id='word_1_154' title='bbox 1385 1429 1470 1468; x_wconf 89' lang='lat' dir='ltr'>satis</span> <span class='ocrx_word' id='word_1_155' title='bbox 1502 1427 1702 1473; x_wconf 89' lang='lat' dir='ltr'>studiosus,</span> <span class='ocrx_word' id='word_1_156' title='bbox 1733 1437 1771 1466; x_wconf 92' lang='lat' dir='ltr'>et</span> <span class='ocrx_word' id='word_1_157' title='bbox 1797 1427 1906 1466; x_wconf 89' lang='lat' dir='ltr'>valde</span> 
     </span>
     <span class='ocr_line' id='line_1_20' title="bbox 502 1495 1904 1548; baseline -0.001 -13"><span class='ocrx_word' id='word_1_158' title='bbox 502 1511 596 1536; x_wconf 89' lang='lat' dir='ltr'>cum</span> <span class='ocrx_word' id='word_1_159' title='bbox 631 1498 779 1542; x_wconf 64' lang='lat' dir='ltr'>doetus,</span> <span class='ocrx_word' id='word_1_160' title='bbox 810 1508 896 1536; x_wconf 87' lang='lat' dir='ltr'>tum</span> <span class='ocrx_word' id='word_1_161' title='bbox 928 1499 1045 1536; x_wconf 85' lang='lat' dir='ltr'>etiam</span> <span class='ocrx_word' id='word_1_162' title='bbox 1078 1498 1306 1536; x_wconf 85' lang='lat' dir='ltr'>exercitatus</span> <span class='ocrx_word' id='word_1_163' title='bbox 1337 1507 1475 1542; x_wconf 83' lang='lat' dir='ltr'>orator,</span> <span class='ocrx_word' id='word_1_164' title='bbox 1506 1506 1544 1535; x_wconf 89' lang='lat' dir='ltr'>et</span> <span class='ocrx_word' id='word_1_165' title='bbox 1574 1510 1667 1534; x_wconf 91' lang='lat' dir='ltr'>cum</span> <span class='ocrx_word' id='word_1_166' title='bbox 1701 1495 1904 1548; x_wconf 84' lang='lat' dir='ltr'>auguralis,</span> 
     </span>
     <span class='ocr_line' id='line_1_21' title="bbox 503 1560 1903 1616; baseline -0.002 -14"><span class='ocrx_word' id='word_1_167' title='bbox 503 1574 590 1602; x_wconf 89' lang='lat' dir='ltr'>tum</span> <span class='ocrx_word' id='word_1_168' title='bbox 610 1565 736 1602; x_wconf 89' lang='lat' dir='ltr'>omnis</span> <span class='ocrx_word' id='word_1_169' title='bbox 756 1564 905 1616; x_wconf 86' lang='lat' dir='ltr'>publici</span> <span class='ocrx_word' id='word_1_170' title='bbox 919 1565 1032 1615; x_wconf 85' lang='lat' dir='ltr'>juris,</span> <span class='ocrx_word' id='word_1_171' title='bbox 1054 1564 1366 1616; x_wconf 82' lang='lat' dir='ltr'>antiquitatisque</span> <span class='ocrx_word' id='word_1_172' title='bbox 1381 1563 1514 1601; x_wconf 85' lang='lat' dir='ltr'>nostrae</span> <span class='ocrx_word' id='word_1_173' title='bbox 1530 1563 1626 1600; x_wconf 91' lang='lat' dir='ltr'>bene</span> <span class='ocrx_word' id='word_1_174' title='bbox 1643 1562 1788 1614; x_wconf 88' lang='lat' dir='ltr'>peritus</span> <span class='ocrx_word' id='word_1_175' title='bbox 1803 1560 1903 1600; x_wconf 85' lang='lat' dir='ltr'>fuit:</span> 
     </span>
     <span class='ocr_line' id='line_1_22' title="bbox 502 1630 1907 1683; baseline -0.001 -13"><span class='ocrx_word' id='word_1_176' title='bbox 502 1632 553 1670; x_wconf 92' lang='lat' dir='ltr'>L.</span> <span class='ocrx_word' id='word_1_177' title='bbox 576 1632 776 1670; x_wconf 86' lang='lat' dir='ltr'>Domitius</span> <span class='ocrx_word' id='word_1_178' title='bbox 796 1631 903 1668; x_wconf 89' lang='lat' dir='ltr'>nulla</span> <span class='ocrx_word' id='word_1_179' title='bbox 922 1631 988 1668; x_wconf 89' lang='lat' dir='ltr'>ille</span> <span class='ocrx_word' id='word_1_180' title='bbox 1007 1631 1165 1683; x_wconf 89' lang='lat' dir='ltr'>quidem</span> <span class='ocrx_word' id='word_1_181' title='bbox 1191 1640 1283 1675; x_wconf 90' lang='lat' dir='ltr'>arte,</span> <span class='ocrx_word' id='word_1_182' title='bbox 1314 1630 1377 1668; x_wconf 90' lang='lat' dir='ltr'>sed</span> <span class='ocrx_word' id='word_1_183' title='bbox 1397 1630 1535 1668; x_wconf 87' lang='lat' dir='ltr'>Latine</span> <span class='ocrx_word' id='word_1_184' title='bbox 1555 1639 1697 1674; x_wconf 89' lang='lat' dir='ltr'>tamen,</span> <span class='ocrx_word' id='word_1_185' title='bbox 1727 1638 1766 1667; x_wconf 90' lang='lat' dir='ltr'>et</span> <span class='ocrx_word' id='word_1_186' title='bbox 1782 1630 1907 1668; x_wconf 89' lang='lat' dir='ltr'>multa</span> 
     </span>
     <span class='ocr_line' id='line_1_23' title="bbox 502 1696 1905 1750; baseline -0.001 -14"><span class='ocrx_word' id='word_1_187' title='bbox 502 1711 596 1736; x_wconf 89' lang='lat' dir='ltr'>cum</span> <span class='ocrx_word' id='word_1_188' title='bbox 615 1698 789 1736; x_wconf 89' lang='lat' dir='ltr'>libertate</span> <span class='ocrx_word' id='word_1_189' title='bbox 809 1697 959 1736; x_wconf 88' lang='lat' dir='ltr'>dicebat</span> <span class='ocrx_word' id='word_1_190' title='bbox 978 1712 986 1735; x_wconf 90' lang='lat'>:</span> <span class='ocrx_word' id='word_1_191' title='bbox 1019 1697 1096 1735; x_wconf 89' lang='lat' dir='ltr'>duo</span> <span class='ocrx_word' id='word_1_192' title='bbox 1116 1706 1293 1750; x_wconf 84' lang='lat' dir='ltr'>praeterea</span> <span class='ocrx_word' id='word_1_193' title='bbox 1313 1696 1472 1735; x_wconf 85' lang='lat' dir='ltr'>Lentuli</span> <span class='ocrx_word' id='word_1_194' title='bbox 1493 1696 1722 1740; x_wconf 81' lang='lat' dir='ltr'>consulares,</span> <span class='ocrx_word' id='word_1_195' title='bbox 1736 1709 1905 1748; x_wconf 88' lang='lat' dir='ltr'>quorum</span> 
     </span>
     <span class='ocr_line' id='line_1_24' title="bbox 503 1762 1906 1816; baseline -0.002 -13"><span class='ocrx_word' id='word_1_196' title='bbox 503 1765 666 1803; x_wconf 85' lang='lat' dir='ltr'>Publius</span> <span class='ocrx_word' id='word_1_197' title='bbox 698 1765 777 1810; x_wconf 88' lang='lat' dir='ltr'>ille,</span> <span class='ocrx_word' id='word_1_198' title='bbox 809 1764 1021 1802; x_wconf 88' lang='lat' dir='ltr'>nostrarum</span> <span class='ocrx_word' id='word_1_199' title='bbox 1054 1764 1284 1816; x_wconf 83' lang='lat' dir='ltr'>injuriarum</span> <span class='ocrx_word' id='word_1_200' title='bbox 1305 1763 1420 1808; x_wconf 89' lang='lat' dir='ltr'>ultor,</span> <span class='ocrx_word' id='word_1_201' title='bbox 1452 1765 1581 1801; x_wconf 59' lang='lat' dir='ltr'>auctor</span> <span class='ocrx_word' id='word_1_202' title='bbox 1614 1762 1757 1807; x_wconf 88' lang='lat' dir='ltr'>salutis,</span> <span class='ocrx_word' id='word_1_203' title='bbox 1788 1762 1906 1814; x_wconf 89' lang='lat' dir='ltr'>quid-</span> 
     </span>
     <span class='ocr_line' id='line_1_25' title="bbox 504 1828 1907 1883; baseline -0.001 -14"><span class='ocrx_word' id='word_1_204' title='bbox 504 1832 601 1883; x_wconf 86' lang='lat' dir='ltr'>quid</span> <span class='ocrx_word' id='word_1_205' title='bbox 619 1831 769 1876; x_wconf 87' lang='lat' dir='ltr'>habuit,</span> <span class='ocrx_word' id='word_1_206' title='bbox 801 1840 1147 1883; x_wconf 87' lang='lat' dir='ltr'>quantumcunque</span> <span class='ocrx_word' id='word_1_207' title='bbox 1168 1829 1257 1875; x_wconf 83' lang='lat' dir='ltr'>fuit,</span> <span class='ocrx_word' id='word_1_208' title='bbox 1291 1830 1388 1868; x_wconf 89' lang='lat' dir='ltr'>illud</span> <span class='ocrx_word' id='word_1_209' title='bbox 1421 1839 1548 1868; x_wconf 88' lang='lat' dir='ltr'>totum</span> <span class='ocrx_word' id='word_1_210' title='bbox 1568 1828 1706 1867; x_wconf 83' lang='lat' dir='ltr'>habuit</span> <span class='ocrx_word' id='word_1_211' title='bbox 1725 1842 1771 1867; x_wconf 82' lang='lat' dir='ltr'>ex</span> <span class='ocrx_word' id='word_1_212' title='bbox 1791 1829 1907 1868; x_wconf 86' lang='lat' dir='ltr'>disci-</span> 
     </span>
     <span class='ocr_line' id='line_1_26' title="bbox 502 1895 1906 1950; baseline -0.001 -15"><span class='ocrx_word' id='word_1_213' title='bbox 502 1897 609 1950; x_wconf 86' lang='lat' dir='ltr'>plina</span> <span class='ocrx_word' id='word_1_214' title='bbox 625 1916 636 1942; x_wconf 88' lang='lat'>;</span> <span class='ocrx_word' id='word_1_215' title='bbox 669 1897 919 1935; x_wconf 85' lang='lat' dir='ltr'>instrumenta</span> <span class='ocrx_word' id='word_1_216' title='bbox 950 1906 1091 1935; x_wconf 86' lang='lat' dir='ltr'>naturae</span> <span class='ocrx_word' id='word_1_217' title='bbox 1123 1897 1277 1935; x_wconf 88' lang='lat' dir='ltr'>deerant</span> <span class='ocrx_word' id='word_1_218' title='bbox 1293 1915 1303 1941; x_wconf 86' lang='lat'>;</span> <span class='ocrx_word' id='word_1_219' title='bbox 1336 1896 1399 1934; x_wconf 92' lang='lat' dir='ltr'>sed</span> <span class='ocrx_word' id='word_1_220' title='bbox 1419 1905 1545 1934; x_wconf 81' lang='lat' dir='ltr'>tantus</span> <span class='ocrx_word' id='word_1_221' title='bbox 1565 1896 1685 1934; x_wconf 89' lang='lat' dir='ltr'>animi</span> <span class='ocrx_word' id='word_1_222' title='bbox 1716 1895 1906 1948; x_wconf 86' lang='lat' dir='ltr'>splendor,</span> 
     </span>
     <span class='ocr_line' id='line_1_27' title="bbox 502 1961 1905 2016; baseline -0.001 -15"><span class='ocrx_word' id='word_1_223' title='bbox 502 1973 541 2001; x_wconf 91' lang='lat' dir='ltr'>et</span> <span class='ocrx_word' id='word_1_224' title='bbox 561 1973 662 2002; x_wconf 83' lang='lat' dir='ltr'>tanta</span> <span class='ocrx_word' id='word_1_225' title='bbox 682 1964 923 2016; x_wconf 87' lang='lat' dir='ltr'>magnitudo,</span> <span class='ocrx_word' id='word_1_226' title='bbox 946 1973 989 2002; x_wconf 92' lang='lat' dir='ltr'>ut</span> <span class='ocrx_word' id='word_1_227' title='bbox 1010 1963 1078 2002; x_wconf 86' lang='lat' dir='ltr'>fibi</span> <span class='ocrx_word' id='word_1_228' title='bbox 1099 1963 1241 2007; x_wconf 86' lang='lat' dir='ltr'>omnia,</span> <span class='ocrx_word' id='word_1_229' title='bbox 1263 1976 1348 2015; x_wconf 80' lang='lat' dir='ltr'>quae</span> <span class='ocrx_word' id='word_1_230' title='bbox 1367 1962 1559 2000; x_wconf 89' lang='lat' dir='ltr'>clarorum</span> <span class='ocrx_word' id='word_1_231' title='bbox 1581 1962 1753 1999; x_wconf 89' lang='lat' dir='ltr'>virorum</span> <span class='ocrx_word' id='word_1_232' title='bbox 1774 1961 1905 2007; x_wconf 85' lang='lat' dir='ltr'>effent,</span> 
     </span>
     <span class='ocr_line' id='line_1_28' title="bbox 502 2027 1902 2081; baseline -0.001 -13"><span class='ocrx_word' id='word_1_233' title='bbox 502 2043 583 2067; x_wconf 90' lang='lat' dir='ltr'>non</span> <span class='ocrx_word' id='word_1_234' title='bbox 616 2029 808 2068; x_wconf 87' lang='lat' dir='ltr'>dubitaret</span> <span class='ocrx_word' id='word_1_235' title='bbox 841 2029 1057 2075; x_wconf 85' lang='lat' dir='ltr'>adsciscere,</span> <span class='ocrx_word' id='word_1_236' title='bbox 1088 2043 1206 2081; x_wconf 90' lang='lat' dir='ltr'>eaque</span> <span class='ocrx_word' id='word_1_237' title='bbox 1240 2029 1349 2066; x_wconf 90' lang='lat' dir='ltr'>omni</span> <span class='ocrx_word' id='word_1_238' title='bbox 1384 2028 1570 2080; x_wconf 86' lang='lat' dir='ltr'>dignitate</span> <span class='ocrx_word' id='word_1_239' title='bbox 1603 2027 1794 2065; x_wconf 90' lang='lat' dir='ltr'>obtineret</span> <span class='ocrx_word' id='word_1_240' title='bbox 1812 2042 1820 2065; x_wconf 90' lang='lat'><strong>:</strong></span> <span class='ocrx_word' id='word_1_241' title='bbox 1853 2027 1902 2066; x_wconf 90' lang='lat' dir='ltr'>L.</span> 
     </span>
     <span class='ocr_line' id='line_1_29' title="bbox 505 2092 1905 2138; baseline -0.001 -4"><span class='ocrx_word' id='word_1_242' title='bbox 505 2106 632 2133; x_wconf 85' lang='lat' dir='ltr'>autem</span> <span class='ocrx_word' id='word_1_243' title='bbox 655 2096 845 2134; x_wconf 85' lang='lat' dir='ltr'>Lentulus</span> <span class='ocrx_word' id='word_1_244' title='bbox 866 2097 951 2134; x_wconf 87' lang='lat' dir='ltr'>satis</span> <span class='ocrx_word' id='word_1_245' title='bbox 972 2105 1049 2133; x_wconf 80' lang='lat' dir='ltr'>erat</span> <span class='ocrx_word' id='word_1_246' title='bbox 1079 2094 1189 2133; x_wconf 88' lang='lat' dir='ltr'>fortis</span> <span class='ocrx_word' id='word_1_247' title='bbox 1220 2104 1358 2138; x_wconf 88' lang='lat' dir='ltr'>orator,</span> <span class='ocrx_word' id='word_1_248' title='bbox 1390 2094 1416 2132; x_wconf 79' lang='lat' dir='ltr'>si</span> <span class='ocrx_word' id='word_1_249' title='bbox 1448 2093 1566 2131; x_wconf 90' lang='lat' dir='ltr'>modo</span> <span class='ocrx_word' id='word_1_250' title='bbox 1585 2102 1724 2137; x_wconf 87' lang='lat' dir='ltr'>orator,</span> <span class='ocrx_word' id='word_1_251' title='bbox 1756 2092 1816 2131; x_wconf 89' lang='lat' dir='ltr'>sed</span> <span class='ocrx_word' id='word_1_252' title='bbox 1836 2106 1905 2132; x_wconf 91' lang='lat' dir='ltr'>co-</span> 
     </span>
     <span class='ocr_line' id='line_1_30' title="bbox 503 2157 1906 2213; baseline -0.001 -15"><span class='ocrx_word' id='word_1_253' title='bbox 503 2161 650 2213; x_wconf 82' lang='lat' dir='ltr'>gitandi</span> <span class='ocrx_word' id='word_1_254' title='bbox 678 2175 753 2199; x_wconf 92' lang='lat' dir='ltr'>non</span> <span class='ocrx_word' id='word_1_255' title='bbox 775 2160 920 2199; x_wconf 87' lang='lat' dir='ltr'>ferebat</span> <span class='ocrx_word' id='word_1_256' title='bbox 947 2161 1131 2198; x_wconf 83' lang='lat' dir='ltr'>laborem.</span> <span class='ocrx_word' id='word_1_257' title='bbox 1192 2160 1280 2197; x_wconf 85' lang='lat' dir='ltr'>Vox</span> <span class='ocrx_word' id='word_1_258' title='bbox 1315 2172 1462 2204; x_wconf 83' lang='lat' dir='ltr'>canora,</span> <span class='ocrx_word' id='word_1_259' title='bbox 1493 2158 1606 2197; x_wconf 87' lang='lat' dir='ltr'>verba</span> <span class='ocrx_word' id='word_1_260' title='bbox 1641 2172 1718 2196; x_wconf 87' lang='lat' dir='ltr'>non</span> <span class='ocrx_word' id='word_1_261' title='bbox 1751 2157 1906 2196; x_wconf 88' lang='lat' dir='ltr'>horrida</span> 
     </span>
     <span class='ocr_line' id='line_1_31' title="bbox 502 2212 1921 2279; baseline -0.001 -15"><span class='ocrx_word' id='word_1_262' title='bbox 502 2226 601 2272; x_wconf 87' lang='lat' dir='ltr'>sane,</span> <span class='ocrx_word' id='word_1_263' title='bbox 624 2236 667 2264; x_wconf 90' lang='lat' dir='ltr'>ut</span> <span class='ocrx_word' id='word_1_264' title='bbox 687 2227 798 2279; x_wconf 76' lang='lat' dir='ltr'>plena</span> <span class='ocrx_word' id='word_1_265' title='bbox 833 2227 921 2265; x_wconf 77' lang='lat' dir='ltr'>efl&#39;et</span> <span class='ocrx_word' id='word_1_266' title='bbox 941 2227 1059 2264; x_wconf 90' lang='lat' dir='ltr'>animi</span> <span class='ocrx_word' id='word_1_267' title='bbox 1081 2235 1119 2263; x_wconf 91' lang='lat' dir='ltr'>et</span> <span class='ocrx_word' id='word_1_268' title='bbox 1140 2226 1290 2263; x_wconf 88' lang='lat' dir='ltr'>terroris</span> <span class='ocrx_word' id='word_1_269' title='bbox 1311 2226 1445 2263; x_wconf 88' lang='lat' dir='ltr'>oratio.</span> <span class='ocrx_word' id='word_1_270' title='bbox 1505 2226 1704 2277; x_wconf 83' lang='lat' dir='ltr'>Qaereres</span> <span class='ocrx_word' id='word_1_271' title='bbox 1725 2225 1766 2262; x_wconf 91' lang='lat' dir='ltr'>in</span> <span class='ocrx_word' id='word_1_272' title='bbox 1795 2212 1921 2278; x_wconf 33' lang='lat' dir='ltr'>judi--</span> 
     </span>
     <span class='ocr_line' id='line_1_32' title="bbox 502 2291 1902 2346; baseline -0.001 -15"><span class='ocrx_word' id='word_1_273' title='bbox 502 2294 572 2331; x_wconf 89' lang='lat' dir='ltr'>ciis</span> <span class='ocrx_word' id='word_1_274' title='bbox 593 2292 742 2331; x_wconf 82' lang='lat' dir='ltr'>fortaffe</span> <span class='ocrx_word' id='word_1_275' title='bbox 763 2293 901 2331; x_wconf 89' lang='lat' dir='ltr'>melius</span> <span class='ocrx_word' id='word_1_276' title='bbox 917 2312 928 2338; x_wconf 77' lang='lat'>3</span> <span class='ocrx_word' id='word_1_277' title='bbox 961 2294 1001 2330; x_wconf 90' lang='lat' dir='ltr'>in</span> <span class='ocrx_word' id='word_1_278' title='bbox 1022 2292 1231 2346; x_wconf 83' lang='lat' dir='ltr'>republica,</span> <span class='ocrx_word' id='word_1_279' title='bbox 1255 2292 1359 2344; x_wconf 89' lang='lat' dir='ltr'>quod</span> <span class='ocrx_word' id='word_1_280' title='bbox 1379 2301 1470 2336; x_wconf 87' lang='lat' dir='ltr'>erat,</span> <span class='ocrx_word' id='word_1_281' title='bbox 1493 2291 1564 2329; x_wconf 84' lang='lat' dir='ltr'>effe</span> <span class='ocrx_word' id='word_1_282' title='bbox 1579 2291 1771 2344; x_wconf 84' lang='lat' dir='ltr'>judicares</span> <span class='ocrx_word' id='word_1_283' title='bbox 1787 2291 1874 2330; x_wconf 88' lang='lat' dir='ltr'>satis</span> <span class='ocrx_word' id='word_1_284' title='bbox 1892 2307 1902 2330; x_wconf 73' lang='grc' dir='ltr'>ε</span> 
     </span>
     <span class='ocr_line' id='line_1_33' title="bbox 502 2358 1904 2412; baseline -0.002 -14"><span class='ocrx_word' id='word_1_285' title='bbox 502 2373 550 2398; x_wconf 91' lang='lat' dir='ltr'>ne</span> <span class='ocrx_word' id='word_1_286' title='bbox 571 2361 623 2398; x_wconf 90' lang='lat' dir='ltr'>T.</span> <span class='ocrx_word' id='word_1_287' title='bbox 647 2360 807 2412; x_wconf 89' lang='lat' dir='ltr'>quidem</span> <span class='ocrx_word' id='word_1_288' title='bbox 828 2359 1046 2398; x_wconf 89' lang='lat' dir='ltr'>Postumius</span> <span class='ocrx_word' id='word_1_289' title='bbox 1067 2358 1372 2397; x_wconf 84' lang='lat' dir='ltr'>contemnendus</span> <span class='ocrx_word' id='word_1_290' title='bbox 1402 2360 1441 2396; x_wconf 90' lang='lat' dir='ltr'>in</span> <span class='ocrx_word' id='word_1_291' title='bbox 1473 2358 1662 2403; x_wconf 79' lang='lat' dir='ltr'>dicend03</span> <span class='ocrx_word' id='word_1_292' title='bbox 1695 2358 1741 2396; x_wconf 93' lang='lat' dir='ltr'>de</span> <span class='ocrx_word' id='word_1_293' title='bbox 1761 2358 1904 2410; x_wconf 89' lang='lat' dir='ltr'>repub-</span> 
     </span>
     <span class='ocr_line' id='line_1_34' title="bbox 501 2423 1902 2478; baseline -0.001 -14"><span class='ocrx_word' id='word_1_294' title='bbox 501 2426 577 2464; x_wconf 86' lang='lat' dir='ltr'>lica</span> <span class='ocrx_word' id='word_1_295' title='bbox 597 2440 685 2464; x_wconf 93' lang='lat' dir='ltr'>vero</span> <span class='ocrx_word' id='word_1_296' title='bbox 706 2440 782 2464; x_wconf 89' lang='lat' dir='ltr'>non</span> <span class='ocrx_word' id='word_1_297' title='bbox 803 2427 932 2464; x_wconf 89' lang='lat' dir='ltr'>minus</span> <span class='ocrx_word' id='word_1_298' title='bbox 953 2425 1158 2463; x_wconf 86' lang='lat' dir='ltr'>vehemens</span> <span class='ocrx_word' id='word_1_299' title='bbox 1179 2434 1317 2470; x_wconf 83' lang='lat' dir='ltr'>orator,</span> <span class='ocrx_word' id='word_1_300' title='bbox 1332 2439 1450 2478; x_wconf 87' lang='lat' dir='ltr'>quam</span> <span class='ocrx_word' id='word_1_301' title='bbox 1469 2425 1642 2470; x_wconf 85' lang='lat' dir='ltr'>bellator,</span> <span class='ocrx_word' id='word_1_302' title='bbox 1664 2423 1740 2462; x_wconf 89' lang='lat' dir='ltr'>fuit</span> <span class='ocrx_word' id='word_1_303' title='bbox 1755 2443 1767 2469; x_wconf 68' lang='grc' dir='ltr'><strong><em>ς</em></strong></span> <span class='ocrx_word' id='word_1_304' title='bbox 1789 2423 1902 2462; x_wconf 86' lang='lat' dir='ltr'>effre-</span> 
     </span>
     <span class='ocr_line' id='line_1_35' title="bbox 500 2489 1904 2545; baseline -0.002 -15"><span class='ocrx_word' id='word_1_305' title='bbox 500 2502 625 2538; x_wconf 87' lang='lat' dir='ltr'>natus,</span> <span class='ocrx_word' id='word_1_306' title='bbox 656 2502 694 2531; x_wconf 88' lang='lat' dir='ltr'>et</span> <span class='ocrx_word' id='word_1_307' title='bbox 714 2506 797 2531; x_wconf 86' lang='lat' dir='ltr'>acer</span> <span class='ocrx_word' id='word_1_308' title='bbox 818 2493 949 2538; x_wconf 81' lang='lat' dir='ltr'>nimis,</span> <span class='ocrx_word' id='word_1_309' title='bbox 981 2493 1042 2531; x_wconf 85' lang='lat' dir='ltr'>sed</span> <span class='ocrx_word' id='word_1_310' title='bbox 1063 2493 1159 2531; x_wconf 90' lang='lat' dir='ltr'>bene</span> <span class='ocrx_word' id='word_1_311' title='bbox 1179 2492 1278 2544; x_wconf 85' lang='lat' dir='ltr'>juris</span> <span class='ocrx_word' id='word_1_312' title='bbox 1299 2492 1448 2545; x_wconf 88' lang='lat' dir='ltr'>publici</span> <span class='ocrx_word' id='word_1_313' title='bbox 1475 2491 1578 2544; x_wconf 85' lang='lat' dir='ltr'>leges</span> <span class='ocrx_word' id='word_1_314' title='bbox 1599 2500 1713 2544; x_wconf 88' lang='lat' dir='ltr'>atque</span> <span class='ocrx_word' id='word_1_315' title='bbox 1733 2489 1904 2530; x_wconf 87' lang='lat' dir='ltr'>instituta</span> 
     </span>
     <span class='ocr_line' id='line_1_36' title="bbox 501 2570 741 2613; baseline 0 -14"><span class='ocrx_word' id='word_1_316' title='bbox 501 2570 741 2613; x_wconf 79' lang='lat' dir='ltr'>cognoverat.</span> 
     </span>
    </p>
   </div>
  </div>
 </body>
</html>
