2176 2912
577 173 897 215 LIBER
972 170 1550 213 SECUNDUS.
1694 190 1766 230 271

424 269 566 322 Neque
584 269 668 306 sane
681 269 765 320 jam
781 266 889 305 causa
907 265 1059 304 videtur
1078 264 1161 311 effe,
1176 278 1245 304 cur
1258 265 1495 305 secernamus
1512 281 1553 305 ea
1568 279 1770 322 praecepta,

368 350 454 389 quae
474 336 520 374 de
539 334 772 373 suafionibus
794 333 975 371 tradenda
994 332 1096 378 sunt,
1129 342 1194 370 aut
1214 332 1524 378 laudationibus3
1557 334 1643 373 sunt
1664 337 1771 375 eninr

366 402 546 455 pleraque
565 401 814 438 communia:
846 399 909 437 sed
940 408 1069 437 tamen
1089 398 1242 437 suadere
1267 399 1428 452 aliquid,
1461 409 1526 438 aut
1552 400 1769 447 diffuadere,

365 466 589 519 graviffimae
609 465 709 504 mihi
728 466 879 504 videtur
898 464 969 503 effe
988 464 1168 518 personae.
1200 464 1307 503 Nam
1325 474 1363 503 et
1382 464 1558 518 sapientis
1587 466 1652 511 est,
1675 481 1769 505 con-

365 533 495 571 filium
515 533 705 586 explicare
725 532 838 570 suum
855 532 900 573 de
913 531 1095 570 maximis
1116 531 1228 570 rebus
1245 550 1257 576 ;
1289 541 1327 569 et
1342 530 1504 576 honesti,
1519 541 1556 570 et
1572 532 1713 578 diserti,
1729 543 1772 572 ut

364 608 496 637 mente
517 599 727 651 providere,
749 599 972 636 auctoritate
990 598 1163 650 probare,
1186 597 1357 636 oratione
1375 597 1609 650 persuadere,
1632 598 1758 651 poffit.

420 665 633 702 LXXXII.
666 666 798 716 Atque
817 663 899 702 haec
923 664 964 701 in
983 663 1111 701 senatu
1135 663 1286 701 minore
1304 673 1485 716 apparatu
1505 664 1648 715 agenda
1668 664 1770 703 sunt.

367 732 520 783 Sapiens
540 731 647 769 enim
671 731 722 768 est
742 730 945 769 confilium
962 748 973 774 ς
1006 730 1218 782 multisque
1237 730 1320 768 aliis
1342 730 1493 768 dicendi
1525 730 1769 782 reliquendus

365 795 488 834 locus.
549 797 715 834 Vitanda
729 796 846 833 etiam
867 797 1027 847 ingenii,
1045 795 1379 847 ostentationisque
1400 795 1574 848 suspicio.

421 861 571 900 Concio
590 862 691 914 capit
706 875 866 899 omnem
888 855 969 898 ifim
995 861 1191 905 orationis,
1223 871 1259 898 et
1279 862 1504 913 gravitatem
1526 862 1768 900 varietatem·

365 941 440 979 que
461 927 655 966 defiderat.
706 928 810 979 Ergo
832 928 871 964 in
892 927 1083 965 suadendo
1104 925 1203 964 nihil
1232 927 1284 964 est
1301 927 1523 979 optabilius,
1542 941 1659 979 quam
1680 928 1768 980 dig-

364 995 476 1033 nitas,
520 995 628 1033 Nam
648 994 715 1046 qui
732 994 942 1032 utilitatem
962 1002 1084 1046 putat,
1107 1007 1185 1032 non
1206 993 1300 1045 quid
1322 993 1492 1031 maxime
1518 994 1612 1030 velit
1632 994 1767 1039 suasor,

364 1059 427 1098 sed
447 1061 541 1112 quid
561 1061 757 1098 interdum
778 1061 899 1113 magis
920 1060 1109 1112 sequatur,
1132 1060 1248 1098 videt.
1295 1061 1429 1098 Nemo
1449 1060 1501 1097 est
1521 1060 1642 1105 enim,
1671 1074 1768 1113 prae-

364 1126 493 1164 sertim
515 1127 555 1164 in
574 1136 652 1164 tam
673 1127 770 1164 clara
789 1127 956 1171 civitate,
979 1128 1074 1178 quin
1095 1136 1204 1179 putet
1220 1126 1473 1180 expetendam
1492 1126 1661 1164 maxime
1682 1127 1769 1179 dig-

364 1193 554 1230 nitatem:
587 1193 648 1230 sed
675 1193 796 1230 vincit
820 1193 964 1230 utilitas
986 1193 1229 1245 plerumque,
1266 1207 1359 1231 cum
1390 1193 1513 1230 subest
1540 1192 1605 1230 ille
1636 1194 1768 1238 timor,

364 1271 406 1295 ea
426 1258 610 1310 neglecta,
641 1271 688 1295 ne
709 1258 938 1310 dignitatem
959 1258 1118 1310 quidem
1138 1258 1239 1310 poffe
1256 1258 1424 1296 retineri.

420 1325 685 1363 Controversia
710 1335 839 1363 autem
860 1326 959 1363 inter
984 1324 1195 1363 hominum
1221 1325 1424 1362 sententias
1455 1334 1519 1362 aut
1539 1325 1579 1362 in
1609 1325 1678 1362 illo
1699 1323 1765 1369 est,

364 1387 510 1424 Utrum
531 1386 575 1424 fit
596 1386 728 1425 utilius
742 1405 753 1431 3
785 1396 864 1430 aut,
895 1387 1011 1424 etiam
1028 1400 1121 1424 cum
1142 1386 1181 1423 id
1207 1387 1400 1430 convenit,
1431 1395 1610 1430 certatur,
1634 1395 1768 1423 utrum

363 1451 551 1490 honestati
572 1453 715 1505 potius,
733 1466 779 1490 an
797 1453 970 1497 utilitati,
989 1452 1269 1490 consulendum
1285 1453 1343 1490 fit.
1377 1453 1476 1503 Qae
1492 1452 1582 1503 quia
1597 1465 1768 1504 pugnare

364 1519 458 1571 saepe
478 1520 577 1556 inter
597 1518 632 1556 se
653 1519 844 1563 videntur,
876 1519 944 1570 qui
963 1518 1172 1555 utilitatem
1194 1517 1381 1562 defendit,
1399 1518 1637 1555 enumerabit
1653 1530 1765 1555 com-

363 1586 478 1624 moda
510 1586 626 1638 paciS‚
664 1599 799 1638 opum,
830 1585 1026 1637 potentiae‚
1058 1585 1242 1638 pecuniae,
1285 1584 1546 1636 vectigalium,
1591 1584 1766 1636 praefidii,

363 1651 553 1695 militum,
584 1651 767 1689 utilitates
789 1660 1012 1688 caeterarum
1034 1663 1177 1694 rerum,
1208 1663 1373 1702 quarum
1403 1648 1574 1687 fructum
1599 1649 1766 1687 utilitate

363 1717 561 1760 metimur,
592 1716 764 1768 itemque
781 1717 1031 1754 incommoda
1050 1716 1342 1754 contrariorum.
1377 1716 1458 1768 Qi
1474 1716 1519 1752 ad
1535 1715 1766 1768 dignitatern

363 1782 545 1835 impellit,
576 1783 768 1834 majorum
798 1783 988 1834 exempla,
1020 1795 1104 1834 quae
1134 1791 1245 1820 erunt
1270 1782 1329 1820 vel
1357 1795 1449 1820 cum
1476 1782 1647 1834 periculo
1676 1781 1764 1834 glo-

363 1849 470 1894 riosa,
492 1849 673 1901 colliget:
705 1848 930 1901 posteritatis
950 1849 1212 1886 immortalem
1229 1849 1457 1887 memoriam
1477 1849 1633 1901 augebit
1652 1863 1660 1886 ι
1684 1849 1763 1886 uti-

362 1915 512 1954 litatem
532 1928 580 1952 ex
606 1914 717 1952 laude
752 1913 853 1952 nasci
873 1913 1066 1959 defendet,
1098 1914 1321 1967 semperque
1352 1927 1436 1952 eam
1465 1928 1557 1952 cum
1578 1914 1765 1966 dignitate

361 1981 431 2020 effe
451 1981 711 2033 conjunctam.

417 2047 501 2091 Sed,
529 2046 624 2099 quid
653 2045 734 2083 fieri
753 2045 864 2098 poffit
885 2055 950 2083 aut
970 2058 1047 2084 non
1067 2045 1193 2098 possit,
1226 2045 1397 2098 quidque
1417 2045 1534 2083 etiam
1556 2044 1600 2082 fit
1620 2043 1764 2083 neceffe

361 2121 427 2152 aut
459 2126 536 2151 non
568 2112 626 2157 fit,
662 2112 702 2149 in
723 2122 882 2163 utraque
904 2125 942 2149 re
972 2112 1142 2150 maxime
1174 2111 1226 2149 est
1247 2112 1512 2163 quazrendum.
1574 2111 1763 2149 Inciditur

361 2179 467 2216 enim
487 2179 615 2217 omnis
630 2179 713 2231 jam
733 2177 970 2223 deliberatio,
988 2178 1014 2216 s1
1036 2178 1266 2230 intelligitur
1287 2192 1362 2216 non
1391 2177 1492 2231 poffe
1513 2177 1608 2222 fieri,
1639 2187 1704 2215 aut
1733 2177 1760 2215 fi

363 2244 554 2282 neceffitas
574 2243 753 2290 affertur,
785 2253 823 2282 et
840 2245 908 2296 qui
925 2244 964 2282 id
990 2245 1135 2289 docuit,
1159 2258 1236 2283 non
1253 2244 1472 2283 videntibus
1493 2244 1590 2289 aliis,
1622 2244 1652 2280 is
1669 2243 1759 2296 plu-

362 2311 508 2348 rimum
530 2310 640 2347 vidit.

416 2375 481 2415 Ad
512 2375 715 2414 confilium
750 2385 878 2415 autem
898 2377 945 2415 de
979 2378 1175 2430 republica
1202 2377 1386 2422 dandum,
1417 2385 1533 2430 caput
1562 2375 1628 2420 est,
1659 2374 1759 2413 nosse

362 2441 673 2496 rempublicam:
717 2442 764 2480 ad
805 2443 1015 2482 dicendum
1055 2458 1142 2483 vcro
1177 2444 1438 2496 probabiliter,
1495 2442 1595 2480 noffe
1635 2452 1757 2480 mores
