2176 2912
692 147 1413 189 ORATORIBUS.
1674 165 1750 208 375

350 242 494 283 nostros
514 242 625 280 video
644 241 929 280 disertiffimum
948 240 1128 279 habitum
1155 254 1201 279 ex
1223 242 1336 280 Latio
1358 243 1406 280 L.
1436 243 1634 295 Papirium
1655 246 1750 283 Fre-

348 310 560 362 gellanum,
593 307 688 346 Tib.
721 306 905 351 Gracchi,
942 308 986 345 P.
1005 306 1091 350 filii,
1128 306 1208 345 fere
1226 317 1358 346 aetate:
1391 309 1470 361 ejus
1492 310 1609 348 etiam
1630 313 1750 350 oratio

347 375 401 413 est
419 388 488 427 pro
509 372 758 425 Fregellanis,
781 372 1018 424 coloniisque
1038 373 1203 418 Latinis,
1221 372 1354 412 habita
1373 374 1413 412 in
1434 375 1575 414 senatu.

401 441 511 478 Tum
529 440 685 483 Brutus,
707 439 817 490 Qid
833 447 875 476 tu
893 439 1026 490 igitur,
1044 439 1186 492 inquit,
1206 440 1343 478 tribuis
1365 440 1442 478 istis
1463 443 1627 480 externis
1646 444 1749 494 quasi

345 505 557 544 oratoribus
577 505 592 542 ?
613 504 722 556 Qid
742 504 882 549 censes,
905 505 1081 557 inquam,
1104 505 1172 543 nisi
1193 506 1312 551 idem,
1334 506 1439 559 quod
1461 507 1628 552 urbanis,
1651 523 1747 560 prae-

344 580 403 609 ter
422 585 560 616 unum,
582 570 688 623 quod
710 585 786 608 non
807 571 859 608 est
879 584 1014 624 eorum
1035 571 1249 609 urbanitate
1269 572 1433 624 quadam
1461 573 1563 625 quasi
1584 574 1750 613 colorata

345 638 495 676 oratio?
518 639 570 675 Et
591 638 746 682 Brutus,
770 637 850 688 Qi
867 637 932 682 est,
955 637 1099 689 inquit,
1121 638 1188 676 iste
1205 639 1360 677 tandem
1378 639 1603 678 urbanitatis
1617 641 1746 679 color?

346 704 503 749 Nescio,
527 705 700 756 inquam.
747 701 923 742 Tantum
943 703 1014 741 effe
1033 705 1226 756 quendam
1247 704 1337 743 scio⁴
1375 706 1421 743 Id
1441 715 1497 750 tu,
1520 707 1649 752 Brute,
1665 709 1749 760 jam

346 770 552 822 intelliges,
571 783 662 807 cum
684 770 722 807 in
741 769 910 806 Galliam
927 770 1087 808 veneris.
1131 771 1276 809 Audies
1297 780 1339 809 tu
1354 771 1512 823 quidem
1532 773 1648 810 etiam
1664 788 1748 812 ver-

346 836 394 874 ba
414 836 588 888 quaedam
610 849 687 873 non
709 836 797 872 trita
817 835 973 879 Romae5
997 835 1059 873 sed
1075 835 1157 874 haec
1174 838 1329 882 mutari,
1347 837 1568 890 dediscique
1581 839 1746 891 possunt.

344 902 451 940 Illud
481 903 532 939 est
563 902 699 952 majus,
732 901 837 952 quod
871 902 911 938 in
942 902 1103 940 vocibus
1134 903 1351 941 nostrorum
1382 913 1579 942 oratorum
1612 906 1749 945 recinit

345 967 546 1021 quiddam,
568 976 606 1005 et
626 967 771 1005 resonat
791 967 986 1005 urbanius.
1032 967 1120 1006 Nec
1140 967 1216 1007 hoc
1237 969 1277 1007 in
1308 970 1518 1008 oratoribus
1541 972 1658 1009 modo
1679 986 1747 1024 ap-

344 1042 464 1086 paret,
496 1033 559 1071 sed
579 1033 695 1070 etiam
717 1033 757 1070 in
778 1033 936 1071 caeteris.
986 1034 1073 1086 Ego
1093 1035 1258 1073 memini
1287 1036 1340 1073 T.
1364 1036 1532 1074 Tincam
1553 1037 1747 1075 Placenti-

345 1114 457 1144 num,
492 1099 693 1137 hominem
727 1099 1012 1145 facetiffimum,
1041 1114 1133 1139 cum
1163 1100 1345 1140 familiari
1375 1103 1502 1141 nostro
1523 1104 1749 1155 QGranio

345 1179 519 1219 praecone
541 1166 741 1203 dicacitate
768 1175 922 1203 certare.
966 1167 1080 1211 Eon’,
1112 1167 1242 1219 inquit
1262 1169 1419 1214 Brutus,
1451 1169 1497 1206 de
1526 1183 1604 1221 quo
1625 1170 1749 1208 multa

345 1232 523 1270 Lucilius
540 1233 552 1269 ?
596 1232 671 1270 Isto
691 1232 771 1285 ipso
789 1247 798 1270 :
831 1232 893 1270 sed
913 1232 1081 1271 Tincam
1101 1247 1180 1272 non
1201 1235 1332 1273 minus
1352 1235 1478 1273 multa
1505 1236 1666 1274 ridicule
1686 1237 1748 1274 di—

345 1307 496 1336 centem
520 1298 688 1336 Granius
720 1298 906 1336 obruebat
940 1298 1066 1337 nescio
1098 1313 1176 1352 quo
1197 1300 1323 1353 sapore
1343 1301 1573 1340 vernaculo:
1607 1311 1649 1339 ut
1676 1316 1748 1354 ego

339 1366 424 1417 jam
455 1378 531 1402 non
563 1365 694 1410 mirer,
726 1365 824 1402 illud
844 1364 1114 1418 Theophrasto
1138 1367 1324 1412 accidisse,
1346 1367 1453 1419 quod
1471 1367 1626 1413 dicitur,
1654 1382 1750 1406 cum

344 1440 631 1484 percontaretur
650 1443 696 1469 ex
716 1431 866 1468 anicula
886 1431 1064 1483 quadam,
1086 1433 1220 1484 quanti
1235 1433 1381 1485 aliquid
1397 1433 1590 1478 venderet,
1612 1443 1650 1471 et
1670 1434 1749 1472 res-

344 1496 532 1548 pondiffet
552 1496 630 1540 illa,
665 1505 778 1548 atque
809 1496 1018 1541 addidisset,
1049 1498 1198 1550 Hospes,
1231 1513 1298 1536 nan
1317 1509 1402 1551 pote
1419 1499 1590 1543 minoris;
1623 1498 1750 1537 tuliffe

343 1575 434 1601 eum
455 1563 627 1608 moleste,
649 1562 683 1600 se
703 1577 780 1601 non
799 1563 964 1616 effugere
979 1562 1141 1616 hospi-tis
1158 1564 1341 1617 speciem,
1366 1579 1458 1604 cum
1485 1574 1635 1604 aetatem
1656 1579 1748 1618 age-

344 1638 400 1666 ret
421 1628 601 1674 Athenis,
632 1631 858 1682 optimeque
878 1630 1112 1683 loqueretur.
1147 1632 1324 1670 Omnino
1354 1632 1403 1670 fic
1437 1633 1497 1684 (ut
1517 1633 1670 1685 opinor)
1705 1634 1746 1671 in

344 1694 480 1733 nostris
498 1696 550 1733 est
569 1696 729 1748 quidam
750 1697 996 1742 urbanorum,
1028 1697 1124 1735 ficut
1143 1698 1209 1736 ille
1229 1700 1470 1744 Atticorum,
1501 1699 1627 1737 sonus.
1673 1699 1747 1738 Sed

344 1759 509 1798 domum
531 1760 740 1806 redeamus,
764 1762 802 1799 id
822 1762 888 1806 est,
910 1763 956 1800 ad
976 1763 1118 1801 nostros
1140 1774 1389 1803 revertamur.

399 1827 570 1864 XLVII.
604 1827 768 1865 Duobus
787 1828 906 1879 igitur
922 1828 1099 1873 summis,
1120 1830 1247 1867 Craffo
1267 1840 1305 1868 et
1321 1831 1507 1875 Antonio,
1526 1832 1573 1869 L.
1591 1830 1745 1884 Philip-

344 1906 416 1945 pus
437 1893 637 1944 proximus
668 1893 884 1938 accedebat,
912 1894 974 1932 sed
994 1894 1112 1947 longo
1131 1895 1345 1942 intervallo,
1380 1907 1507 1934 tamen
1528 1899 1747 1950 proximus,

345 1960 479 2011 Itaque
500 1972 604 2003 eum,
637 1960 701 1997 etsi
723 1973 837 1998 nemo
859 1960 1127 2006 intercedebat,
1160 1962 1227 2013 qui
1249 1962 1283 1999 se
1303 1963 1360 2000 illi
1381 1962 1597 2008 anteferret,
1621 1977 1747 2016 neque

344 2025 555 2064 secundum
575 2035 716 2071 tamen,
740 2040 863 2079 neque
885 2028 1042 2065 tertium
1063 2028 1241 2067 dixerim.
1266 2030 1352 2068 Nec
1372 2032 1477 2067 enim
1493 2031 1533 2067 in
1550 2031 1747 2083 quadrigis-

344 2104 434 2129 eum
461 2092 669 2130 secundum
690 2095 983 2139 numeraverim,
1018 2104 1082 2132 aut
1103 2095 1275 2140 tertium,
1308 2098 1376 2148 qui
1396 2098 1459 2134 vix
1486 2110 1505 2133 a
1531 2098 1747 2135 carceribus

344 2158 493 2203 exierit,
527 2173 619 2197 cum
641 2160 809 2211 palmam
834 2162 917 2213 jam
948 2162 1095 2213 primus
1114 2163 1325 2214 acceperit,
1358 2177 1427 2201 nec
1448 2163 1487 2200 in
1516 2164 1744 2207 oratoribus,

344 2225 413 2275 qui
434 2233 586 2263 tantum
606 2226 700 2264 absit
713 2240 732 2263 a
752 2227 892 2278 primo,
915 2228 979 2265 vix
1000 2238 1041 2266 ut
1059 2229 1097 2266 in
1118 2229 1253 2266 eodem
1270 2229 1463 2268 curriculo
1476 2229 1546 2268 effe
1559 2230 1741 2267 videatur.

346 2291 417 2328 Sed
440 2300 567 2329 tamen
598 2302 703 2329 erant
733 2307 776 2330 ea
794 2294 834 2331 in
856 2293 1052 2347 Philippo,
1083 2309 1181 2347 quae,
1205 2297 1273 2347 qui
1294 2298 1368 2334 fine
1389 2297 1671 2349 comparatione
1692 2296 1742 2332 il·-

345 2356 472 2394 lorum
493 2356 685 2408 spectaret,
708 2358 793 2396 satis
810 2373 948 2412 magna
964 2361 1131 2405 diceret,
1154 2362 1305 2400 summa
1325 2363 1477 2400 libertas
1499 2364 1537 2400 in
1559 2363 1744 2405 oratione,¹

344 2423 478 2460 multa}
498 2421 656 2468 facetiae,
690 2424 774 2461 satis
795 2426 926 2463 creber
946 2428 985 2464 in
1007 2427 1252 2479 reperiendis,
1281 2429 1424 2466 solutus
1446 2429 1483 2465 in
1505 2427 1742 2479 explicandis

346 2487 562 2527 sententiis:
606 2500 682 2528 erat
709 2491 824 2529 etiam
859 2492 898 2529 in
926 2493 1075 2545 primis,
1123 2502 1164 2531 ut
1199 2495 1435 2550 teriiporibtis
1471 2494 1561 2538 illis,
1596 2492 1741 2531 Graccis
