<?xml version="1.0" encoding="UTF-8"?>
<!DOCTYPE html PUBLIC "-//W3C//DTD XHTML 1.0 Transitional//EN"
    "http://www.w3.org/TR/xhtml1/DTD/xhtml1-transitional.dtd">
<html xmlns="http://www.w3.org/1999/xhtml" xml:lang="en" lang="en">
 <head>
  <title>
</title>
<meta http-equiv="Content-Type" content="text/html;charset=utf-8" />
  <meta name='ocr-system' content='tesseract 3.04.00' />
  <meta name='ocr-capabilities' content='ocr_page ocr_carea ocr_par ocr_line ocrx_word'/>
</head>
<body>
  <div class='ocr_page' id='page_1' title='image "./operacumindicibu01ciceuoft_0152.png"; bbox 0 0 2176 2912; ppageno 0'>
   <div class='ocr_carea' id='block_1_1' title="bbox 401 288 1446 340">
    <p class='ocr_par' dir='ltr' id='par_1_1' title="bbox 401 288 1446 340">
     <span class='ocr_line' id='line_1_1' title="bbox 401 288 1446 340; baseline -0.003 -11"><span class='ocrx_word' id='word_1_1' title='bbox 401 302 474 340; x_wconf 82' lang='lat'>142</span> <span class='ocrx_word' id='word_1_2' title='bbox 751 288 864 326; x_wconf 83' lang='lat' dir='ltr'>DE</span> <span class='ocrx_word' id='word_1_3' title='bbox 942 288 1446 328; x_wconf 83' lang='lat' dir='ltr'>ORATORE</span> 
     </span>
    </p>
   </div>
   <div class='ocr_carea' id='block_1_2' title="bbox 395 380 1798 552">
    <p class='ocr_par' dir='ltr' id='par_1_2' title="bbox 395 380 1798 552">
     <span class='ocr_line' id='line_1_2' title="bbox 395 380 1792 436; baseline -0.001 -16"><span class='ocrx_word' id='word_1_4' title='bbox 395 381 574 436; x_wconf 78' lang='lat' dir='ltr'>physicus</span> <span class='ocrx_word' id='word_1_5' title='bbox 594 381 660 418; x_wconf 89' lang='lat' dir='ltr'>ille</span> <span class='ocrx_word' id='word_1_6' title='bbox 682 381 946 425; x_wconf 79' lang='lat' dir='ltr'>Democritus,</span> <span class='ocrx_word' id='word_1_7' title='bbox 969 382 1144 419; x_wconf 84' lang='lat' dir='ltr'>materies</span> <span class='ocrx_word' id='word_1_8' title='bbox 1166 381 1231 418; x_wconf 89' lang='lat' dir='ltr'>illa</span> <span class='ocrx_word' id='word_1_9' title='bbox 1250 380 1325 419; x_wconf 88' lang='lat' dir='ltr'>fuit</span> <span class='ocrx_word' id='word_1_10' title='bbox 1345 380 1505 434; x_wconf 78' lang='lat' dir='ltr'>physici,</span> <span class='ocrx_word' id='word_1_11' title='bbox 1523 381 1569 419; x_wconf 94' lang='lat' dir='ltr'>de</span> <span class='ocrx_word' id='word_1_12' title='bbox 1584 395 1660 434; x_wconf 89' lang='lat' dir='ltr'>qua</span> <span class='ocrx_word' id='word_1_13' title='bbox 1674 382 1792 426; x_wconf 84' lang='lat' dir='ltr'>dixit;</span> 
     </span>
     <span class='ocr_line' id='line_1_3' title="bbox 396 447 1798 500; baseline 0 -14"><span class='ocrx_word' id='word_1_14' title='bbox 396 457 552 486; x_wconf 84' lang='lat' dir='ltr'>ornatus</span> <span class='ocrx_word' id='word_1_15' title='bbox 573 460 661 485; x_wconf 90' lang='lat' dir='ltr'>vero</span> <span class='ocrx_word' id='word_1_16' title='bbox 681 447 758 500; x_wconf 86' lang='lat' dir='ltr'>ipse</span> <span class='ocrx_word' id='word_1_17' title='bbox 778 447 982 485; x_wconf 88' lang='lat' dir='ltr'>verborum</span> <span class='ocrx_word' id='word_1_18' title='bbox 1013 450 1170 485; x_wconf 84' lang='lat' dir='ltr'>oratoris</span> <span class='ocrx_word' id='word_1_19' title='bbox 1198 448 1390 499; x_wconf 85' lang='lat' dir='ltr'>putandus</span> <span class='ocrx_word' id='word_1_20' title='bbox 1411 448 1475 486; x_wconf 89' lang='lat' dir='ltr'>est.</span> <span class='ocrx_word' id='word_1_21' title='bbox 1536 449 1588 486; x_wconf 88' lang='lat' dir='ltr'>Et</span> <span class='ocrx_word' id='word_1_22' title='bbox 1623 449 1649 486; x_wconf 88' lang='lat' dir='ltr'>s1</span> <span class='ocrx_word' id='word_1_23' title='bbox 1686 448 1798 486; x_wconf 85' lang='lat' dir='ltr'>Plato</span> 
     </span>
     <span class='ocr_line' id='line_1_4' title="bbox 397 514 1793 552; baseline 0 -1"><span class='ocrx_word' id='word_1_24' title='bbox 397 515 443 552; x_wconf 92' lang='lat' dir='ltr'>de</span> <span class='ocrx_word' id='word_1_25' title='bbox 464 514 575 551; x_wconf 83' lang='lat' dir='ltr'>rebus</span> <span class='ocrx_word' id='word_1_26' title='bbox 596 527 617 550; x_wconf 89' lang='lat' dir='ltr'>a</span> <span class='ocrx_word' id='word_1_27' title='bbox 635 514 815 551; x_wconf 86' lang='lat' dir='ltr'>civilibus</span> <span class='ocrx_word' id='word_1_28' title='bbox 836 514 1098 551; x_wconf 80' lang='lat' dir='ltr'>controversiis</span> <span class='ocrx_word' id='word_1_29' title='bbox 1120 514 1379 551; x_wconf 87' lang='lat' dir='ltr'>remotiflimis</span> <span class='ocrx_word' id='word_1_30' title='bbox 1400 514 1585 551; x_wconf 87' lang='lat' dir='ltr'>divinitus</span> <span class='ocrx_word' id='word_1_31' title='bbox 1611 514 1663 552; x_wconf 92' lang='lat' dir='ltr'>est</span> <span class='ocrx_word' id='word_1_32' title='bbox 1683 514 1793 552; x_wconf 92' lang='lat' dir='ltr'>locu-</span> 
     </span>
    </p>
   </div>
   <div class='ocr_carea' id='block_1_3' title="bbox 399 577 1857 631">
    <p class='ocr_par' dir='ltr' id='par_1_3' title="bbox 399 577 1857 631">
     <span class='ocr_line' id='line_1_5' title="bbox 399 577 1857 631; baseline 0.001 -15"><span class='ocrx_word' id='word_1_33' title='bbox 399 590 474 630; x_wconf 84' lang='lat' dir='ltr'>tus,</span> <span class='ocrx_word' id='word_1_34' title='bbox 506 579 611 631; x_wconf 90' lang='lat' dir='ltr'>quod</span> <span class='ocrx_word' id='word_1_35' title='bbox 630 592 702 631; x_wconf 87' lang='lat' dir='ltr'>ego</span> <span class='ocrx_word' id='word_1_36' title='bbox 727 579 919 623; x_wconf 65' lang='lat' dir='ltr'>concedo,</span> <span class='ocrx_word' id='word_1_37' title='bbox 952 578 977 616; x_wconf 90' lang='lat' dir='ltr'><strong>fi</strong></span> <span class='ocrx_word' id='word_1_38' title='bbox 999 579 1093 617; x_wconf 90' lang='lat' dir='ltr'>item</span> <span class='ocrx_word' id='word_1_39' title='bbox 1115 578 1350 624; x_wconf 85' lang='lat' dir='ltr'>Aristoteles,</span> <span class='ocrx_word' id='word_1_40' title='bbox 1380 579 1407 617; x_wconf 90' lang='lat' dir='ltr'>fi</span> <span class='ocrx_word' id='word_1_41' title='bbox 1434 577 1736 631; x_wconf 84' lang='lat' dir='ltr'>Theophrastus,</span> <span class='ocrx_word' id='word_1_42' title='bbox 1769 580 1796 617; x_wconf 90' lang='lat' dir='ltr'>fi</span> <span class='ocrx_word' id='word_1_43' title='bbox 1854 596 1857 597; x_wconf 45' lang='lat'><em>⁷</em></span> 
     </span>
    </p>
   </div>
   <div class='ocr_carea' id='block_1_4' title="bbox 394 644 1807 2605">
    <p class='ocr_par' dir='ltr' id='par_1_4' title="bbox 394 644 1798 1147">
     <span class='ocr_line' id='line_1_6' title="bbox 400 644 1797 697; baseline 0 -14"><span class='ocrx_word' id='word_1_44' title='bbox 400 645 612 695; x_wconf 86' lang='lat' dir='ltr'>Carneades</span> <span class='ocrx_word' id='word_1_45' title='bbox 643 646 683 682; x_wconf 89' lang='lat' dir='ltr'>in</span> <span class='ocrx_word' id='word_1_46' title='bbox 705 645 816 682; x_wconf 85' lang='lat' dir='ltr'>rebus</span> <span class='ocrx_word' id='word_1_47' title='bbox 838 645 898 689; x_wconf 84' lang='lat' dir='ltr'>iis,</span> <span class='ocrx_word' id='word_1_48' title='bbox 934 644 980 682; x_wconf 90' lang='lat' dir='ltr'>de</span> <span class='ocrx_word' id='word_1_49' title='bbox 1000 646 1141 696; x_wconf 86' lang='lat' dir='ltr'>quibus</span> <span class='ocrx_word' id='word_1_50' title='bbox 1163 645 1463 697; x_wconf 88' lang='lat' dir='ltr'>disputaverunt,</span> <span class='ocrx_word' id='word_1_51' title='bbox 1490 645 1728 697; x_wconf 84' lang='lat' dir='ltr'>eloquentes,</span> <span class='ocrx_word' id='word_1_52' title='bbox 1758 654 1797 683; x_wconf 90' lang='lat' dir='ltr'>et</span> 
     </span>
     <span class='ocr_line' id='line_1_7' title="bbox 397 709 1796 761; baseline -0.001 -12"><span class='ocrx_word' id='word_1_53' title='bbox 397 712 437 749; x_wconf 86' lang='lat' dir='ltr'>in</span> <span class='ocrx_word' id='word_1_54' title='bbox 458 711 621 748; x_wconf 89' lang='lat' dir='ltr'>dicendo</span> <span class='ocrx_word' id='word_1_55' title='bbox 641 709 767 747; x_wconf 81' lang='lat' dir='ltr'>suaves</span> <span class='ocrx_word' id='word_1_56' title='bbox 789 719 902 761; x_wconf 85' lang='lat' dir='ltr'>atque</span> <span class='ocrx_word' id='word_1_57' title='bbox 932 710 1056 746; x_wconf 87' lang='lat' dir='ltr'>ornati</span> <span class='ocrx_word' id='word_1_58' title='bbox 1075 709 1258 754; x_wconf 70' lang='lat' dir='ltr'>fuerunt,</span> <span class='ocrx_word' id='word_1_59' title='bbox 1291 710 1363 747; x_wconf 76' lang='lat' dir='ltr'>sint</span> <span class='ocrx_word' id='word_1_60' title='bbox 1381 709 1441 748; x_wconf 83' lang='lat' dir='ltr'>hae</span> <span class='ocrx_word' id='word_1_61' title='bbox 1472 723 1544 754; x_wconf 86' lang='lat' dir='ltr'>res,</span> <span class='ocrx_word' id='word_1_62' title='bbox 1575 710 1621 747; x_wconf 93' lang='lat' dir='ltr'>de</span> <span class='ocrx_word' id='word_1_63' title='bbox 1653 711 1796 761; x_wconf 90' lang='lat' dir='ltr'>quibus</span> 
     </span>
     <span class='ocr_line' id='line_1_8' title="bbox 394 775 1795 830; baseline -0.002 -14"><span class='ocrx_word' id='word_1_64' title='bbox 394 777 602 830; x_wconf 85' lang='lat' dir='ltr'>disputant,</span> <span class='ocrx_word' id='word_1_65' title='bbox 620 777 659 814; x_wconf 85' lang='lat' dir='ltr'>in</span> <span class='ocrx_word' id='word_1_66' title='bbox 679 775 761 813; x_wconf 85' lang='lat' dir='ltr'>aliis</span> <span class='ocrx_word' id='word_1_67' title='bbox 782 775 1012 827; x_wconf 82' lang='lat' dir='ltr'>quibusdam</span> <span class='ocrx_word' id='word_1_68' title='bbox 1030 775 1163 812; x_wconf 82' lang='lat' dir='ltr'>studiis</span> <span class='ocrx_word' id='word_1_69' title='bbox 1182 789 1190 813; x_wconf 76' lang='grc' dir='ltr'>ε</span> <span class='ocrx_word' id='word_1_70' title='bbox 1222 775 1344 813; x_wconf 89' lang='lat' dir='ltr'>oratio</span> <span class='ocrx_word' id='word_1_71' title='bbox 1361 775 1523 827; x_wconf 88' lang='lat' dir='ltr'>quidem</span> <span class='ocrx_word' id='word_1_72' title='bbox 1544 775 1622 828; x_wconf 90' lang='lat' dir='ltr'>ipsa</span> <span class='ocrx_word' id='word_1_73' title='bbox 1642 777 1795 829; x_wconf 88' lang='lat' dir='ltr'>propria</span> 
     </span>
     <span class='ocr_line' id='line_1_9' title="bbox 398 841 1798 894; baseline -0.001 -13"><span class='ocrx_word' id='word_1_74' title='bbox 398 843 452 881; x_wconf 89' lang='lat' dir='ltr'>est</span> <span class='ocrx_word' id='word_1_75' title='bbox 471 842 587 894; x_wconf 83' lang='lat' dir='ltr'>hujus</span> <span class='ocrx_word' id='word_1_76' title='bbox 609 842 723 879; x_wconf 86' lang='lat' dir='ltr'>unius</span> <span class='ocrx_word' id='word_1_77' title='bbox 744 841 916 885; x_wconf 79' lang='lat' dir='ltr'>rationis,</span> <span class='ocrx_word' id='word_1_78' title='bbox 939 841 985 878; x_wconf 88' lang='lat' dir='ltr'>de</span> <span class='ocrx_word' id='word_1_79' title='bbox 1005 854 1080 893; x_wconf 89' lang='lat' dir='ltr'>qua</span> <span class='ocrx_word' id='word_1_80' title='bbox 1101 841 1301 892; x_wconf 89' lang='lat' dir='ltr'>loquimur</span> <span class='ocrx_word' id='word_1_81' title='bbox 1320 850 1357 878; x_wconf 92' lang='lat' dir='ltr'>et</span> <span class='ocrx_word' id='word_1_82' title='bbox 1377 841 1599 893; x_wconf 85' lang='lat' dir='ltr'>quaerimus.</span> <span class='ocrx_word' id='word_1_83' title='bbox 1638 842 1798 879; x_wconf 82' lang='lat' dir='ltr'><strong>Etenim</strong></span> 
     </span>
     <span class='ocr_line' id='line_1_10' title="bbox 398 907 1796 960; baseline -0.001 -13"><span class='ocrx_word' id='word_1_84' title='bbox 398 910 587 953; x_wconf 86' lang='lat' dir='ltr'>videmus,</span> <span class='ocrx_word' id='word_1_85' title='bbox 625 908 760 945; x_wconf 88' lang='lat' dir='ltr'>iisdem</span> <span class='ocrx_word' id='word_1_86' title='bbox 793 908 839 945; x_wconf 89' lang='lat' dir='ltr'>de</span> <span class='ocrx_word' id='word_1_87' title='bbox 859 907 971 945; x_wconf 85' lang='lat' dir='ltr'>rebus</span> <span class='ocrx_word' id='word_1_88' title='bbox 986 908 1119 959; x_wconf 86' lang='lat' dir='ltr'>jejune</span> <span class='ocrx_word' id='word_1_89' title='bbox 1141 907 1325 960; x_wconf 88' lang='lat' dir='ltr'>quosdam</span> <span class='ocrx_word' id='word_1_90' title='bbox 1345 916 1383 945; x_wconf 91' lang='lat' dir='ltr'>et</span> <span class='ocrx_word' id='word_1_91' title='bbox 1417 907 1581 953; x_wconf 86' lang='lat' dir='ltr'>exiliter,</span> <span class='ocrx_word' id='word_1_92' title='bbox 1613 916 1657 946; x_wconf 91' lang='lat' dir='ltr'>ut</span> <span class='ocrx_word' id='word_1_93' title='bbox 1690 921 1796 952; x_wconf 88' lang='lat' dir='ltr'>eum,</span> 
     </span>
     <span class='ocr_line' id='line_1_11' title="bbox 398 972 1797 1028; baseline -0.001 -16"><span class='ocrx_word' id='word_1_94' title='bbox 398 989 516 1028; x_wconf 88' lang='lat' dir='ltr'>quem</span> <span class='ocrx_word' id='word_1_95' title='bbox 536 974 796 1012; x_wconf 87' lang='lat' dir='ltr'>acutiffimum</span> <span class='ocrx_word' id='word_1_96' title='bbox 817 972 961 1016; x_wconf 88' lang='lat' dir='ltr'>ferunt,</span> <span class='ocrx_word' id='word_1_97' title='bbox 994 972 1270 1026; x_wconf 86' lang='lat' dir='ltr'>Chryfippum,</span> <span class='ocrx_word' id='word_1_98' title='bbox 1303 972 1543 1026; x_wconf 72' lang='lat' dir='ltr'>disputavisse</span> <span class='ocrx_word' id='word_1_99' title='bbox 1560 993 1571 1018; x_wconf 87' lang='lat'>;</span> <span class='ocrx_word' id='word_1_100' title='bbox 1603 986 1727 1025; x_wconf 87' lang='lat' dir='ltr'>neque</span> <span class='ocrx_word' id='word_1_101' title='bbox 1747 974 1797 1012; x_wconf 91' lang='lat' dir='ltr'>ob</span> 
     </span>
     <span class='ocr_line' id='line_1_12' title="bbox 398 1038 1797 1092; baseline 0 -14"><span class='ocrx_word' id='word_1_102' title='bbox 398 1055 483 1079; x_wconf 87' lang='lat' dir='ltr'>eam</span> <span class='ocrx_word' id='word_1_103' title='bbox 515 1054 596 1078; x_wconf 90' lang='lat' dir='ltr'>rem</span> <span class='ocrx_word' id='word_1_104' title='bbox 631 1039 885 1092; x_wconf 81' lang='lat' dir='ltr'>philosophiae</span> <span class='ocrx_word' id='word_1_105' title='bbox 905 1052 983 1077; x_wconf 91' lang='lat' dir='ltr'>non</span> <span class='ocrx_word' id='word_1_106' title='bbox 1005 1038 1232 1084; x_wconf 66' lang='lat' dir='ltr'>satisfecisse,</span> <span class='ocrx_word' id='word_1_107' title='bbox 1263 1039 1369 1092; x_wconf 91' lang='lat' dir='ltr'>quod</span> <span class='ocrx_word' id='word_1_108' title='bbox 1390 1053 1466 1077; x_wconf 92' lang='lat' dir='ltr'>non</span> <span class='ocrx_word' id='word_1_109' title='bbox 1501 1038 1678 1077; x_wconf 83' lang='lat' dir='ltr'>habuerit</span> <span class='ocrx_word' id='word_1_110' title='bbox 1697 1038 1797 1078; x_wconf 87' lang='lat' dir='ltr'>hanc</span> 
     </span>
     <span class='ocr_line' id='line_1_13' title="bbox 399 1104 1156 1147; baseline -0.004 -1"><span class='ocrx_word' id='word_1_111' title='bbox 399 1106 552 1147; x_wconf 89' lang='lat' dir='ltr'>dicendi</span> <span class='ocrx_word' id='word_1_112' title='bbox 572 1120 618 1143; x_wconf 82' lang='lat' dir='ltr'>ex</span> <span class='ocrx_word' id='word_1_113' title='bbox 637 1115 714 1143; x_wconf 89' lang='lat' dir='ltr'>arte</span> <span class='ocrx_word' id='word_1_114' title='bbox 733 1105 897 1143; x_wconf 85' lang='lat' dir='ltr'>alienam</span> <span class='ocrx_word' id='word_1_115' title='bbox 916 1104 1156 1143; x_wconf 82' lang='lat' dir='ltr'>facultatem.</span> 
     </span>
    </p>

    <p class='ocr_par' dir='ltr' id='par_1_5' title="bbox 398 1170 1807 2000">
     <span class='ocr_line' id='line_1_14' title="bbox 454 1170 1797 1223; baseline -0.002 -13"><span class='ocrx_word' id='word_1_116' title='bbox 454 1173 548 1210; x_wconf 90' lang='lat' dir='ltr'><strong>XII.</strong></span> <span class='ocrx_word' id='word_1_117' title='bbox 580 1172 689 1222; x_wconf 85' lang='lat' dir='ltr'>Qid</span> <span class='ocrx_word' id='word_1_118' title='bbox 709 1184 800 1223; x_wconf 87' lang='lat' dir='ltr'>ergo</span> <span class='ocrx_word' id='word_1_119' title='bbox 820 1171 1000 1208; x_wconf 86' lang='lat' dir='ltr'>interest?</span> <span class='ocrx_word' id='word_1_120' title='bbox 1032 1180 1097 1208; x_wconf 91' lang='lat' dir='ltr'>aut</span> <span class='ocrx_word' id='word_1_121' title='bbox 1124 1171 1192 1223; x_wconf 66' lang='lat' dir='ltr'>qui</span> <span class='ocrx_word' id='word_1_122' title='bbox 1212 1170 1399 1208; x_wconf 85' lang='lat' dir='ltr'>discernes</span> <span class='ocrx_word' id='word_1_123' title='bbox 1427 1183 1575 1214; x_wconf 89' lang='lat' dir='ltr'>eorum,</span> <span class='ocrx_word' id='word_1_124' title='bbox 1608 1183 1703 1222; x_wconf 91' lang='lat' dir='ltr'>quos</span> <span class='ocrx_word' id='word_1_125' title='bbox 1725 1183 1797 1207; x_wconf 92' lang='lat' dir='ltr'>no-</span> 
     </span>
     <span class='ocr_line' id='line_1_15' title="bbox 400 1235 1799 1288; baseline -0.003 -12"><span class='ocrx_word' id='word_1_126' title='bbox 400 1238 558 1282; x_wconf 89' lang='lat' dir='ltr'>minavi,</span> <span class='ocrx_word' id='word_1_127' title='bbox 582 1237 795 1275; x_wconf 86' lang='lat' dir='ltr'>ubertatem</span> <span class='ocrx_word' id='word_1_128' title='bbox 816 1237 856 1274; x_wconf 89' lang='lat' dir='ltr'>in</span> <span class='ocrx_word' id='word_1_129' title='bbox 877 1236 1041 1274; x_wconf 85' lang='lat' dir='ltr'>dicendo</span> <span class='ocrx_word' id='word_1_130' title='bbox 1060 1245 1098 1274; x_wconf 92' lang='lat' dir='ltr'>et</span> <span class='ocrx_word' id='word_1_131' title='bbox 1117 1237 1285 1288; x_wconf 84' lang='lat' dir='ltr'>copiam,</span> <span class='ocrx_word' id='word_1_132' title='bbox 1303 1237 1349 1273; x_wconf 90' lang='lat' dir='ltr'>ab</span> <span class='ocrx_word' id='word_1_133' title='bbox 1370 1249 1504 1273; x_wconf 89' lang='lat' dir='ltr'>eorum</span> <span class='ocrx_word' id='word_1_134' title='bbox 1525 1235 1709 1279; x_wconf 79' lang='lat' dir='ltr'>exilitate,</span> <span class='ocrx_word' id='word_1_135' title='bbox 1730 1235 1799 1286; x_wconf 91' lang='lat' dir='ltr'>qui</span> 
     </span>
     <span class='ocr_line' id='line_1_16' title="bbox 398 1301 1798 1354; baseline -0.001 -14"><span class='ocrx_word' id='word_1_136' title='bbox 398 1303 470 1341; x_wconf 88' lang='lat' dir='ltr'>hac</span> <span class='ocrx_word' id='word_1_137' title='bbox 492 1302 645 1340; x_wconf 85' lang='lat' dir='ltr'>dicendi</span> <span class='ocrx_word' id='word_1_138' title='bbox 665 1303 842 1340; x_wconf 84' lang='lat' dir='ltr'>varietate</span> <span class='ocrx_word' id='word_1_139' title='bbox 861 1311 899 1339; x_wconf 92' lang='lat' dir='ltr'>et</span> <span class='ocrx_word' id='word_1_140' title='bbox 924 1302 1112 1354; x_wconf 85' lang='lat' dir='ltr'>elegantia</span> <span class='ocrx_word' id='word_1_141' title='bbox 1132 1315 1209 1339; x_wconf 89' lang='lat' dir='ltr'>non</span> <span class='ocrx_word' id='word_1_142' title='bbox 1232 1310 1395 1338; x_wconf 84' lang='lat' dir='ltr'>utuntur</span> <span class='ocrx_word' id='word_1_143' title='bbox 1413 1302 1425 1338; x_wconf 90' lang='lat'>?</span> <span class='ocrx_word' id='word_1_144' title='bbox 1458 1302 1596 1338; x_wconf 89' lang='lat' dir='ltr'>Unum</span> <span class='ocrx_word' id='word_1_145' title='bbox 1617 1301 1687 1338; x_wconf 86' lang='lat' dir='ltr'>erit</span> <span class='ocrx_word' id='word_1_146' title='bbox 1706 1313 1798 1353; x_wconf 89' lang='lat' dir='ltr'>pro-</span> 
     </span>
     <span class='ocr_line' id='line_1_17' title="bbox 399 1366 1807 1420; baseline -0.002 -14"><span class='ocrx_word' id='word_1_147' title='bbox 399 1368 514 1412; x_wconf 66' lang='lat' dir='ltr'>fecto,</span> <span class='ocrx_word' id='word_1_148' title='bbox 536 1368 641 1420; x_wconf 90' lang='lat' dir='ltr'>quod</span> <span class='ocrx_word' id='word_1_149' title='bbox 662 1368 703 1412; x_wconf 86' lang='lat' dir='ltr'>ii,</span> <span class='ocrx_word' id='word_1_150' title='bbox 726 1368 793 1420; x_wconf 88' lang='lat' dir='ltr'>qui</span> <span class='ocrx_word' id='word_1_151' title='bbox 820 1368 918 1405; x_wconf 86' lang='lat' dir='ltr'>bene</span> <span class='ocrx_word' id='word_1_152' title='bbox 937 1368 1087 1411; x_wconf 90' lang='lat' dir='ltr'>dicunt,</span> <span class='ocrx_word' id='word_1_153' title='bbox 1105 1366 1269 1405; x_wconf 86' lang='lat' dir='ltr'>afferunt</span> <span class='ocrx_word' id='word_1_154' title='bbox 1290 1367 1514 1420; x_wconf 69' lang='lat' dir='ltr'>proprium,</span> <span class='ocrx_word' id='word_1_155' title='bbox 1546 1366 1807 1418; x_wconf 68' lang='lat' dir='ltr'>compositam⁸</span> 
     </span>
     <span class='ocr_line' id='line_1_18' title="bbox 398 1432 1796 1485; baseline -0.002 -13"><span class='ocrx_word' id='word_1_156' title='bbox 398 1435 612 1473; x_wconf 86' lang='lat' dir='ltr'>orationem</span> <span class='ocrx_word' id='word_1_157' title='bbox 632 1443 671 1471; x_wconf 87' lang='lat' dir='ltr'>et</span> <span class='ocrx_word' id='word_1_158' title='bbox 690 1443 877 1478; x_wconf 81' lang='lat' dir='ltr'>ornatam,</span> <span class='ocrx_word' id='word_1_159' title='bbox 900 1444 938 1471; x_wconf 90' lang='lat' dir='ltr'>et</span> <span class='ocrx_word' id='word_1_160' title='bbox 956 1433 1119 1471; x_wconf 85' lang='lat' dir='ltr'>artificio</span> <span class='ocrx_word' id='word_1_161' title='bbox 1139 1433 1307 1485; x_wconf 89' lang='lat' dir='ltr'>quodam</span> <span class='ocrx_word' id='word_1_162' title='bbox 1327 1442 1364 1470; x_wconf 91' lang='lat' dir='ltr'>et</span> <span class='ocrx_word' id='word_1_163' title='bbox 1384 1432 1619 1485; x_wconf 88' lang='lat' dir='ltr'>expolitione</span> <span class='ocrx_word' id='word_1_164' title='bbox 1639 1432 1796 1469; x_wconf 84' lang='lat' dir='ltr'>distinc-</span> 
     </span>
     <span class='ocr_line' id='line_1_19' title="bbox 399 1499 1799 1550; baseline -0.003 -11"><span class='ocrx_word' id='word_1_165' title='bbox 399 1511 494 1539; x_wconf 84' lang='lat' dir='ltr'>tam.</span> <span class='ocrx_word' id='word_1_166' title='bbox 537 1501 634 1539; x_wconf 83' lang='lat' dir='ltr'>Haec</span> <span class='ocrx_word' id='word_1_167' title='bbox 650 1510 779 1538; x_wconf 88' lang='lat' dir='ltr'>autem</span> <span class='ocrx_word' id='word_1_168' title='bbox 800 1501 934 1544; x_wconf 87' lang='lat' dir='ltr'>oratio,</span> <span class='ocrx_word' id='word_1_169' title='bbox 958 1500 983 1537; x_wconf 90' lang='lat' dir='ltr'><strong>fi</strong></span> <span class='ocrx_word' id='word_1_170' title='bbox 1015 1513 1070 1537; x_wconf 84' lang='lat' dir='ltr'>res</span> <span class='ocrx_word' id='word_1_171' title='bbox 1092 1513 1170 1537; x_wconf 91' lang='lat' dir='ltr'>non</span> <span class='ocrx_word' id='word_1_172' title='bbox 1192 1499 1315 1537; x_wconf 89' lang='lat' dir='ltr'>subest</span> <span class='ocrx_word' id='word_1_173' title='bbox 1335 1499 1381 1536; x_wconf 90' lang='lat' dir='ltr'>ab</span> <span class='ocrx_word' id='word_1_174' title='bbox 1402 1508 1548 1536; x_wconf 84' lang='lat' dir='ltr'>oratore</span> <span class='ocrx_word' id='word_1_175' title='bbox 1567 1507 1741 1550; x_wconf 82' lang='lat' dir='ltr'>percepta</span> <span class='ocrx_word' id='word_1_176' title='bbox 1761 1507 1799 1535; x_wconf 92' lang='lat' dir='ltr'>et</span> 
     </span>
     <span class='ocr_line' id='line_1_20' title="bbox 400 1557 1796 1618; baseline -0.003 -13"><span class='ocrx_word' id='word_1_177' title='bbox 400 1557 569 1618; x_wconf 59' lang='lat' dir='ltr'>cognit’a,</span> <span class='ocrx_word' id='word_1_178' title='bbox 601 1575 665 1604; x_wconf 83' lang='lat' dir='ltr'>aut</span> <span class='ocrx_word' id='word_1_179' title='bbox 686 1566 791 1603; x_wconf 83' lang='lat' dir='ltr'>nulla</span> <span class='ocrx_word' id='word_1_180' title='bbox 811 1567 854 1603; x_wconf 74' lang='lat' dir='ltr'>sit</span> <span class='ocrx_word' id='word_1_181' title='bbox 875 1565 1017 1603; x_wconf 85' lang='lat' dir='ltr'>neceffe</span> <span class='ocrx_word' id='word_1_182' title='bbox 1047 1566 1113 1609; x_wconf 90' lang='lat' dir='ltr'>est,</span> <span class='ocrx_word' id='word_1_183' title='bbox 1145 1574 1209 1602; x_wconf 87' lang='lat' dir='ltr'>aut</span> <span class='ocrx_word' id='word_1_184' title='bbox 1239 1566 1419 1602; x_wconf 88' lang='lat' dir='ltr'>omnium</span> <span class='ocrx_word' id='word_1_185' title='bbox 1441 1565 1607 1602; x_wconf 75' lang='lat' dir='ltr'>irrisione</span> <span class='ocrx_word' id='word_1_186' title='bbox 1632 1564 1796 1602; x_wconf 89' lang='lat' dir='ltr'>ludatur.</span> 
     </span>
     <span class='ocr_line' id='line_1_21' title="bbox 402 1630 1797 1684; baseline -0.002 -15"><span class='ocrx_word' id='word_1_187' title='bbox 402 1632 511 1684; x_wconf 86' lang='lat' dir='ltr'>Qid</span> <span class='ocrx_word' id='word_1_188' title='bbox 531 1632 582 1669; x_wconf 91' lang='lat' dir='ltr'>est</span> <span class='ocrx_word' id='word_1_189' title='bbox 599 1632 703 1668; x_wconf 87' lang='lat' dir='ltr'>enim</span> <span class='ocrx_word' id='word_1_190' title='bbox 725 1640 803 1669; x_wconf 86' lang='lat' dir='ltr'>tam</span> <span class='ocrx_word' id='word_1_191' title='bbox 816 1630 1019 1674; x_wconf 83' lang='lat' dir='ltr'>furiosum,</span> <span class='ocrx_word' id='word_1_192' title='bbox 1035 1644 1152 1682; x_wconf 85' lang='lat' dir='ltr'>quam</span> <span class='ocrx_word' id='word_1_193' title='bbox 1169 1630 1388 1674; x_wconf 83' lang='lat' dir='ltr'>verborum,</span> <span class='ocrx_word' id='word_1_194' title='bbox 1406 1631 1465 1668; x_wconf 87' lang='lat' dir='ltr'>vel</span> <span class='ocrx_word' id='word_1_195' title='bbox 1482 1630 1722 1682; x_wconf 85' lang='lat' dir='ltr'>optimorum</span> <span class='ocrx_word' id='word_1_196' title='bbox 1740 1638 1797 1666; x_wconf 88' lang='lat' dir='ltr'>at-</span> 
     </span>
     <span class='ocr_line' id='line_1_22' title="bbox 401 1696 1799 1750; baseline -0.002 -14"><span class='ocrx_word' id='word_1_197' title='bbox 401 1712 476 1750; x_wconf 86' lang='lat' dir='ltr'>que</span> <span class='ocrx_word' id='word_1_198' title='bbox 496 1697 835 1742; x_wconf 64' lang='lat' dir='ltr'>ornatissimorum,</span> <span class='ocrx_word' id='word_1_199' title='bbox 857 1696 1001 1734; x_wconf 79' lang='lat' dir='ltr'>sonitus</span> <span class='ocrx_word' id='word_1_200' title='bbox 1022 1697 1158 1741; x_wconf 86' lang='lat' dir='ltr'>inanis,</span> <span class='ocrx_word' id='word_1_201' title='bbox 1191 1696 1296 1733; x_wconf 86' lang='lat' dir='ltr'>nulla</span> <span class='ocrx_word' id='word_1_202' title='bbox 1318 1696 1482 1748; x_wconf 68' lang='lat' dir='ltr'>subjecta</span> <span class='ocrx_word' id='word_1_203' title='bbox 1502 1696 1698 1739; x_wconf 87' lang='lat' dir='ltr'>sententia,</span> <span class='ocrx_word' id='word_1_204' title='bbox 1730 1709 1799 1733; x_wconf 90' lang='lat' dir='ltr'>nec</span> 
     </span>
     <span class='ocr_line' id='line_1_23' title="bbox 402 1763 1799 1815; baseline -0.002 -13"><span class='ocrx_word' id='word_1_205' title='bbox 402 1765 558 1815; x_wconf 83' lang='lat' dir='ltr'>scientia</span> <span class='ocrx_word' id='word_1_206' title='bbox 576 1765 588 1801; x_wconf 89' lang='lat'>?</span> <span class='ocrx_word' id='word_1_207' title='bbox 621 1763 822 1815; x_wconf 83' lang='lat' dir='ltr'>Qicquid</span> <span class='ocrx_word' id='word_1_208' title='bbox 842 1763 913 1800; x_wconf 87' lang='lat' dir='ltr'>erit</span> <span class='ocrx_word' id='word_1_209' title='bbox 934 1763 1066 1815; x_wconf 80' lang='lat' dir='ltr'>igitur,</span> <span class='ocrx_word' id='word_1_210' title='bbox 1098 1776 1344 1815; x_wconf 86' lang='lat' dir='ltr'>quacumque</span> <span class='ocrx_word' id='word_1_211' title='bbox 1364 1776 1409 1800; x_wconf 86' lang='lat' dir='ltr'>ex</span> <span class='ocrx_word' id='word_1_212' title='bbox 1431 1772 1520 1806; x_wconf 85' lang='lat' dir='ltr'>arte,</span> <span class='ocrx_word' id='word_1_213' title='bbox 1549 1775 1799 1814; x_wconf 88' lang='lat' dir='ltr'>quocumque</span> 
     </span>
     <span class='ocr_line' id='line_1_24' title="bbox 402 1828 1800 1883; baseline -0.002 -15"><span class='ocrx_word' id='word_1_214' title='bbox 402 1831 448 1873; x_wconf 89' lang='lat' dir='ltr'>de</span> <span class='ocrx_word' id='word_1_215' title='bbox 468 1844 617 1883; x_wconf 84' lang='lat' dir='ltr'>genere,</span> <span class='ocrx_word' id='word_1_216' title='bbox 639 1830 679 1867; x_wconf 92' lang='lat' dir='ltr'>id</span> <span class='ocrx_word' id='word_1_217' title='bbox 698 1838 835 1873; x_wconf 81' lang='lat' dir='ltr'>orator,</span> <span class='ocrx_word' id='word_1_218' title='bbox 858 1830 897 1874; x_wconf 88' lang='lat' dir='ltr'>fi,</span> <span class='ocrx_word' id='word_1_219' title='bbox 922 1838 1104 1880; x_wconf 82' lang='lat' dir='ltr'>tanquam</span> <span class='ocrx_word' id='word_1_220' title='bbox 1123 1829 1273 1867; x_wconf 79' lang='lat' dir='ltr'>clientis</span> <span class='ocrx_word' id='word_1_221' title='bbox 1294 1829 1458 1873; x_wconf 86' lang='lat' dir='ltr'>causam,</span> <span class='ocrx_word' id='word_1_222' title='bbox 1488 1829 1678 1872; x_wconf 85' lang='lat' dir='ltr'>didicerit,</span> <span class='ocrx_word' id='word_1_223' title='bbox 1699 1828 1800 1866; x_wconf 87' lang='lat' dir='ltr'>dicet</span> 
     </span>
     <span class='ocr_line' id='line_1_25' title="bbox 403 1895 1799 1947; baseline -0.002 -13"><span class='ocrx_word' id='word_1_224' title='bbox 403 1897 541 1939; x_wconf 88' lang='lat' dir='ltr'>melius</span> <span class='ocrx_word' id='word_1_225' title='bbox 563 1905 599 1934; x_wconf 90' lang='lat' dir='ltr'>et</span> <span class='ocrx_word' id='word_1_226' title='bbox 625 1896 810 1940; x_wconf 85' lang='lat' dir='ltr'>ornatius,</span> <span class='ocrx_word' id='word_1_227' title='bbox 842 1909 959 1947; x_wconf 85' lang='lat' dir='ltr'>quam</span> <span class='ocrx_word' id='word_1_228' title='bbox 987 1895 1052 1932; x_wconf 88' lang='lat' dir='ltr'>ille</span> <span class='ocrx_word' id='word_1_229' title='bbox 1088 1895 1164 1947; x_wconf 85' lang='lat' dir='ltr'>ipse</span> <span class='ocrx_word' id='word_1_230' title='bbox 1185 1896 1264 1946; x_wconf 86' lang='lat' dir='ltr'>ejus</span> <span class='ocrx_word' id='word_1_231' title='bbox 1286 1895 1337 1932; x_wconf 88' lang='lat' dir='ltr'>rei</span> <span class='ocrx_word' id='word_1_232' title='bbox 1359 1895 1533 1933; x_wconf 88' lang='lat' dir='ltr'>inventor</span> <span class='ocrx_word' id='word_1_233' title='bbox 1564 1903 1678 1946; x_wconf 86' lang='lat' dir='ltr'>atque</span> <span class='ocrx_word' id='word_1_234' title='bbox 1707 1895 1799 1932; x_wconf 82' lang='lat' dir='ltr'>arti-</span> 
     </span>
     <span class='ocr_line' id='line_1_26' title="bbox 402 1962 480 2000; baseline 0 0"><span class='ocrx_word' id='word_1_235' title='bbox 402 1962 480 2000; x_wconf 84' lang='lat' dir='ltr'>fex.</span> 
     </span>
    </p>

    <p class='ocr_par' dir='ltr' id='par_1_6' title="bbox 403 2025 1800 2605">
     <span class='ocr_line' id='line_1_27' title="bbox 458 2025 1799 2078; baseline -0.002 -14"><span class='ocrx_word' id='word_1_236' title='bbox 458 2028 564 2065; x_wconf 86' lang='lat' dir='ltr'>Nam</span> <span class='ocrx_word' id='word_1_237' title='bbox 586 2027 610 2064; x_wconf 79' lang='lat' dir='ltr'>si</span> <span class='ocrx_word' id='word_1_238' title='bbox 632 2027 718 2078; x_wconf 79' lang='lat' dir='ltr'>quis</span> <span class='ocrx_word' id='word_1_239' title='bbox 749 2027 834 2071; x_wconf 89' lang='lat' dir='ltr'>erit,</span> <span class='ocrx_word' id='word_1_240' title='bbox 867 2027 935 2078; x_wconf 89' lang='lat' dir='ltr'>qui</span> <span class='ocrx_word' id='word_1_241' title='bbox 963 2025 1039 2064; x_wconf 89' lang='lat' dir='ltr'>hoc</span> <span class='ocrx_word' id='word_1_242' title='bbox 1060 2026 1174 2069; x_wconf 86' lang='lat' dir='ltr'>dicat,</span> <span class='ocrx_word' id='word_1_243' title='bbox 1196 2025 1265 2063; x_wconf 82' lang='lat' dir='ltr'>effe</span> <span class='ocrx_word' id='word_1_244' title='bbox 1291 2026 1471 2077; x_wconf 82' lang='lat' dir='ltr'>quasdam</span> <span class='ocrx_word' id='word_1_245' title='bbox 1492 2034 1686 2062; x_wconf 87' lang='lat' dir='ltr'>oratorum</span> <span class='ocrx_word' id='word_1_246' title='bbox 1708 2037 1799 2076; x_wconf 85' lang='lat' dir='ltr'>pro-</span> 
     </span>
     <span class='ocr_line' id='line_1_28' title="bbox 403 2089 1799 2145; baseline -0.003 -15"><span class='ocrx_word' id='word_1_247' title='bbox 403 2094 500 2145; x_wconf 72' lang='lat' dir='ltr'>prIas</span> <span class='ocrx_word' id='word_1_248' title='bbox 524 2093 724 2130; x_wconf 86' lang='lat' dir='ltr'>sententias</span> <span class='ocrx_word' id='word_1_249' title='bbox 745 2102 858 2144; x_wconf 82' lang='lat' dir='ltr'>atque</span> <span class='ocrx_word' id='word_1_250' title='bbox 879 2092 1018 2136; x_wconf 77' lang='lat' dir='ltr'>causas,</span> <span class='ocrx_word' id='word_1_251' title='bbox 1050 2101 1087 2128; x_wconf 91' lang='lat' dir='ltr'>et</span> <span class='ocrx_word' id='word_1_252' title='bbox 1107 2100 1296 2128; x_wconf 84' lang='lat' dir='ltr'>certarum</span> <span class='ocrx_word' id='word_1_253' title='bbox 1318 2104 1445 2128; x_wconf 86' lang='lat' dir='ltr'>rerum</span> <span class='ocrx_word' id='word_1_254' title='bbox 1471 2089 1682 2128; x_wconf 71' lang='lat' dir='ltr'>forensibus</span> <span class='ocrx_word' id='word_1_255' title='bbox 1707 2102 1799 2126; x_wconf 88' lang='lat' dir='ltr'>can-</span> 
     </span>
     <span class='ocr_line' id='line_1_29' title="bbox 403 2155 1798 2211; baseline -0.003 -15"><span class='ocrx_word' id='word_1_256' title='bbox 403 2159 509 2197; x_wconf 78' lang='lat' dir='ltr'>cellis</span> <span class='ocrx_word' id='word_1_257' title='bbox 530 2159 861 2211; x_wconf 82' lang='lat' dir='ltr'>circumscriptam</span> <span class='ocrx_word' id='word_1_258' title='bbox 883 2159 1109 2201; x_wconf 68' lang='lat' dir='ltr'>scientiam,</span> <span class='ocrx_word' id='word_1_259' title='bbox 1141 2156 1288 2194; x_wconf 80' lang='lat' dir='ltr'>fatebor</span> <span class='ocrx_word' id='word_1_260' title='bbox 1314 2156 1496 2208; x_wconf 88' lang='lat' dir='ltr'>equidem</span> <span class='ocrx_word' id='word_1_261' title='bbox 1524 2156 1561 2194; x_wconf 88' lang='lat' dir='ltr'>in</span> <span class='ocrx_word' id='word_1_262' title='bbox 1594 2155 1653 2193; x_wconf 85' lang='lat' dir='ltr'>his</span> <span class='ocrx_word' id='word_1_263' title='bbox 1677 2155 1798 2207; x_wconf 87' lang='lat' dir='ltr'>magis</span> 
     </span>
     <span class='ocr_line' id='line_1_30' title="bbox 405 2220 1798 2273; baseline -0.003 -11"><span class='ocrx_word' id='word_1_264' title='bbox 405 2226 542 2267; x_wconf 74' lang='lat' dir='ltr'>assidue</span> <span class='ocrx_word' id='word_1_265' title='bbox 575 2225 708 2263; x_wconf 81' lang='lat' dir='ltr'>versari</span> <span class='ocrx_word' id='word_1_266' title='bbox 729 2224 827 2262; x_wconf 66' lang='lat' dir='ltr'>hanc</span> <span class='ocrx_word' id='word_1_267' title='bbox 849 2224 1013 2262; x_wconf 83' lang='lat' dir='ltr'>nostram</span> <span class='ocrx_word' id='word_1_268' title='bbox 1037 2223 1274 2260; x_wconf 60' lang='lat' dir='ltr'>dictionem:</span> <span class='ocrx_word' id='word_1_269' title='bbox 1312 2221 1372 2260; x_wconf 87' lang='lat' dir='ltr'>sed</span> <span class='ocrx_word' id='word_1_270' title='bbox 1403 2231 1530 2260; x_wconf 86' lang='lat' dir='ltr'>tamen</span> <span class='ocrx_word' id='word_1_271' title='bbox 1557 2221 1596 2258; x_wconf 88' lang='lat' dir='ltr'>in</span> <span class='ocrx_word' id='word_1_272' title='bbox 1624 2220 1684 2259; x_wconf 84' lang='lat' dir='ltr'>his</span> <span class='ocrx_word' id='word_1_273' title='bbox 1712 2221 1798 2273; x_wconf 81' lang='lat' dir='ltr'>ipfis</span> 
     </span>
     <span class='ocr_line' id='line_1_31' title="bbox 404 2287 1799 2342; baseline -0.004 -13"><span class='ocrx_word' id='word_1_274' title='bbox 404 2292 514 2329; x_wconf 83' lang='lat' dir='ltr'>rebus</span> <span class='ocrx_word' id='word_1_275' title='bbox 532 2291 720 2342; x_wconf 85' lang='lat' dir='ltr'>permulta</span> <span class='ocrx_word' id='word_1_276' title='bbox 734 2291 833 2334; x_wconf 83' lang='lat' dir='ltr'>sunt,</span> <span class='ocrx_word' id='word_1_277' title='bbox 848 2304 932 2341; x_wconf 82' lang='lat' dir='ltr'>quae</span> <span class='ocrx_word' id='word_1_278' title='bbox 945 2290 1003 2327; x_wconf 84' lang='lat' dir='ltr'>isti</span> <span class='ocrx_word' id='word_1_279' title='bbox 1018 2289 1201 2342; x_wconf 84' lang='lat' dir='ltr'>magistri,</span> <span class='ocrx_word' id='word_1_280' title='bbox 1220 2289 1284 2340; x_wconf 87' lang='lat' dir='ltr'>qui</span> <span class='ocrx_word' id='word_1_281' title='bbox 1301 2287 1501 2325; x_wconf 85' lang='lat' dir='ltr'>Rhetorici</span> <span class='ocrx_word' id='word_1_282' title='bbox 1516 2297 1711 2331; x_wconf 86' lang='lat' dir='ltr'>vocantur,</span> <span class='ocrx_word' id='word_1_283' title='bbox 1729 2300 1799 2324; x_wconf 84' lang='lat' dir='ltr'>nec</span> 
     </span>
     <span class='ocr_line' id='line_1_32' title="bbox 405 2354 1800 2406; baseline -0.003 -11"><span class='ocrx_word' id='word_1_284' title='bbox 405 2358 573 2401; x_wconf 76' lang='lat' dir='ltr'>tradunt,</span> <span class='ocrx_word' id='word_1_285' title='bbox 596 2370 665 2394; x_wconf 86' lang='lat' dir='ltr'>nec</span> <span class='ocrx_word' id='word_1_286' title='bbox 689 2366 830 2394; x_wconf 87' lang='lat' dir='ltr'>tenent.</span> <span class='ocrx_word' id='word_1_287' title='bbox 892 2356 991 2406; x_wconf 83' lang='lat' dir='ltr'>Qis</span> <span class='ocrx_word' id='word_1_288' title='bbox 1011 2356 1116 2393; x_wconf 88' lang='lat' dir='ltr'>enim</span> <span class='ocrx_word' id='word_1_289' title='bbox 1146 2355 1276 2399; x_wconf 88' lang='lat' dir='ltr'>nescit,</span> <span class='ocrx_word' id='word_1_290' title='bbox 1300 2356 1510 2392; x_wconf 82' lang='lat' dir='ltr'>maximam</span> <span class='ocrx_word' id='word_1_291' title='bbox 1534 2355 1614 2392; x_wconf 89' lang='lat' dir='ltr'>vim</span> <span class='ocrx_word' id='word_1_292' title='bbox 1630 2354 1800 2392; x_wconf 82' lang='lat' dir='ltr'>exfistere</span> 
     </span>
     <span class='ocr_line' id='line_1_33' title="bbox 405 2420 1797 2465; baseline -0.003 -4"><span class='ocrx_word' id='word_1_293' title='bbox 405 2424 561 2462; x_wconf 62' lang='lat' dir='ltr'>oratoris</span> <span class='ocrx_word' id='word_1_294' title='bbox 583 2423 622 2460; x_wconf 86' lang='lat' dir='ltr'>in</span> <span class='ocrx_word' id='word_1_295' title='bbox 642 2423 849 2461; x_wconf 81' lang='lat' dir='ltr'>hominum</span> <span class='ocrx_word' id='word_1_296' title='bbox 868 2422 1063 2461; x_wconf 86' lang='lat' dir='ltr'>mentibus</span> <span class='ocrx_word' id='word_1_297' title='bbox 1080 2421 1138 2459; x_wconf 88' lang='lat' dir='ltr'>vel</span> <span class='ocrx_word' id='word_1_298' title='bbox 1155 2421 1200 2460; x_wconf 87' lang='lat' dir='ltr'>ad</span> <span class='ocrx_word' id='word_1_299' title='bbox 1214 2422 1323 2464; x_wconf 83' lang='lat' dir='ltr'>iram,</span> <span class='ocrx_word' id='word_1_300' title='bbox 1338 2430 1402 2458; x_wconf 89' lang='lat' dir='ltr'>aut</span> <span class='ocrx_word' id='word_1_301' title='bbox 1418 2421 1462 2458; x_wconf 91' lang='lat' dir='ltr'>ad</span> <span class='ocrx_word' id='word_1_302' title='bbox 1479 2420 1628 2465; x_wconf 85' lang='lat' dir='ltr'>odium,</span> <span class='ocrx_word' id='word_1_303' title='bbox 1643 2429 1706 2457; x_wconf 87' lang='lat' dir='ltr'>aut</span> <span class='ocrx_word' id='word_1_304' title='bbox 1727 2420 1797 2457; x_wconf 92' lang='lat' dir='ltr'>do-</span> 
     </span>
     <span class='ocr_line' id='line_1_34' title="bbox 406 2485 1798 2538; baseline -0.004 -11"><span class='ocrx_word' id='word_1_305' title='bbox 406 2490 526 2527; x_wconf 88' lang='lat' dir='ltr'>lorem</span> <span class='ocrx_word' id='word_1_306' title='bbox 545 2488 763 2532; x_wconf 84' lang='lat' dir='ltr'>incitandis,</span> <span class='ocrx_word' id='word_1_307' title='bbox 779 2488 836 2525; x_wconf 92' lang='lat' dir='ltr'>vel</span> <span class='ocrx_word' id='word_1_308' title='bbox 857 2488 902 2524; x_wconf 87' lang='lat' dir='ltr'>ab</span> <span class='ocrx_word' id='word_1_309' title='bbox 921 2486 1024 2524; x_wconf 87' lang='lat' dir='ltr'>hisce</span> <span class='ocrx_word' id='word_1_310' title='bbox 1045 2486 1178 2524; x_wconf 87' lang='lat' dir='ltr'>iisdem</span> <span class='ocrx_word' id='word_1_311' title='bbox 1191 2486 1499 2538; x_wconf 85' lang='lat' dir='ltr'>permotionibus</span> <span class='ocrx_word' id='word_1_312' title='bbox 1520 2486 1566 2524; x_wconf 86' lang='lat' dir='ltr'>ad</span> <span class='ocrx_word' id='word_1_313' title='bbox 1586 2485 1798 2530; x_wconf 87' lang='lat' dir='ltr'>lenitatem,</span> 
     </span>
     <span class='ocr_line' id='line_1_35' title="bbox 406 2550 1797 2605; baseline -0.004 -11"><span class='ocrx_word' id='word_1_314' title='bbox 406 2554 781 2605; x_wconf 75' lang='lat' dir='ltr'>misericordiamque</span> <span class='ocrx_word' id='word_1_315' title='bbox 799 2553 1019 2593; x_wconf 77' lang='lat' dir='ltr'>revocandis</span> <span class='ocrx_word' id='word_1_316' title='bbox 1038 2554 1052 2590; x_wconf 91' lang='lat'>?</span> <span class='ocrx_word' id='word_1_317' title='bbox 1084 2566 1184 2605; x_wconf 80' lang='lat' dir='ltr'>quae,</span> <span class='ocrx_word' id='word_1_318' title='bbox 1215 2552 1282 2591; x_wconf 90' lang='lat' dir='ltr'>nifi</span> <span class='ocrx_word' id='word_1_319' title='bbox 1305 2553 1371 2604; x_wconf 89' lang='lat' dir='ltr'>qui</span> <span class='ocrx_word' id='word_1_320' title='bbox 1393 2561 1542 2591; x_wconf 85' lang='lat' dir='ltr'>naturas</span> <span class='ocrx_word' id='word_1_321' title='bbox 1573 2550 1797 2595; x_wconf 87' lang='lat' dir='ltr'>hominum,</span> 
     </span>
    </p>
   </div>
  </div>
 </body>
</html>
