2176 2912
391 268 467 309 154
711 251 1437 293 DEORATORE

387 358 612 401 pertenuem
640 346 773 391 videri,
804 346 865 384 sed
895 359 1055 384 omnem
1074 345 1146 384 effe
1170 345 1458 384 contentionem
1484 345 1584 382 inter
1603 342 1782 383 homines

388 415 519 452 dostos
539 414 579 452 in
600 414 705 451 verbi
725 412 974 451 controversia
994 412 1168 464 positam.
1206 412 1313 450 Nam
1334 411 1359 449 fi
1381 425 1436 449 ars
1453 412 1505 449 ita
1524 410 1720 456 definitur,
1739 420 1783 448 ut

389 480 503 533 paulo
523 490 610 517 ante
628 479 801 531 exposuit
823 479 1029 522 Antonius,
1063 491 1109 516 ex
1136 478 1246 516 rebus
1268 478 1420 530 penitus
1451 475 1667 530 perspectis,
1699 477 1782 529 pla-

390 559 514 597 neque
534 545 714 597 cognitis,
746 555 860 596 atque
879 545 925 582 ab
946 544 1137 596 opinionis
1157 544 1314 582 arbitrio
1334 543 1525 596 sejunctis,
1554 543 1785 595 scientiaque

390 610 696 664 comprehensrs3
720 624 796 648 non
818 609 918 647 mihi
938 610 1088 647 videtur
1102 623 1158 647 ars
1178 611 1333 647 oratoris
1350 609 1419 647 effe
1436 609 1528 647 ulla.
1565 611 1661 646 Sunt
1679 610 1784 646 enim

390 678 502 722 varia,
534 687 571 714 et
591 677 636 715 ad
656 676 851 728 vulgarem
872 675 1172 728 popularemque
1192 675 1342 712 sensum
1365 674 1667 718 accommodata,
1696 686 1784 711 om·

393 744 455 781 nia
474 756 609 795 genera
639 741 754 792 hujus
785 740 939 778 forenfis
961 739 1092 776 nostrae
1120 739 1310 777 dictionis.
1370 740 1436 777 Sin
1466 748 1595 776 autem
1615 751 1671 783 ea,
1701 750 1788 790 quae

393 808 584 846 observ-ata
604 808 690 845 sunt
708 807 747 843 in
769 806 836 842 usu
856 818 897 842 ac
920 804 1062 842 ratione
1077 805 1245 849 dicendi,
1266 803 1347 842 haec
1362 805 1409 842 ab
1428 803 1656 842 hominibus
1675 803 1787 841 cani-

394 875 452 913 dis
472 888 513 912 ac
533 874 663 926 peritis
684 871 937 910 animadversa
966 884 1006 908 ac
1027 880 1169 916 notata,
1199 871 1323 909 verbis
1353 871 1555 924 designata,
1585 870 1789 923 generibus

394 939 590 983 illustrata,
622 938 790 991 partibus
822 936 1021 974 distributa
1041 937 1140 981 sunt,
1174 936 1231 988 (id
1252 936 1355 988 quod
1376 936 1456 974 fieri
1476 936 1639 989 potuisse
1656 935 1787 987 video)

396 1019 473 1043 non
493 1005 683 1057 intelligo,
713 1002 966 1056 quamobrem
987 1015 1079 1047 non,
1110 1002 1135 1040 fi
1166 1002 1294 1039 minus
1315 1002 1381 1039 illa
1401 1002 1530 1040 subtili
1552 1001 1788 1046 definitione,

396 1080 434 1108 at
464 1069 535 1108 hac
555 1070 701 1122 vulgari
721 1069 916 1121 opinione,
947 1081 1003 1105 ars
1032 1068 1103 1105 effe
1124 1068 1310 1106 videatur.
1360 1068 1432 1106 Sed
1452 1068 1524 1105 five
1543 1066 1595 1105 est
1614 1080 1685 1112 ars,
1717 1066 1791 1104 five

397 1136 485 1173 artis
506 1136 681 1187 quaedam
703 1134 929 1177 fimilitudo,
960 1146 1037 1171 non
1057 1133 1109 1171 est
1128 1134 1286 1185 quidem
1308 1146 1348 1171 ea
1369 1133 1596 1185 negligenda
1612 1150 1624 1177 3
1655 1144 1791 1170 verum

398 1201 695 1254 intelligendum
729 1200 796 1244 est,
825 1200 897 1237 alia
915 1199 1091 1251 quaedam
1115 1200 1163 1236 ad
1191 1198 1500 1251 consequendam
1532 1197 1793 1250 eloquentiam

397 1267 467 1305 effe
487 1268 642 1318 majora.

443 1333 595 1370 XXIV.
617 1333 726 1369 Tum
736 1331 928 1368 Antonius
942 1329 1186 1369 vehementer
1199 1329 1234 1367 se
1245 1328 1408 1367 affentiri
1423 1328 1550 1366 Crafi‘o
1566 1326 1797 1379 dixit,quod

399 1411 523 1450 neque
553 1398 607 1435 ita
635 1397 927 1449 amplecteretur
946 1406 1081 1440 artem,
1115 1405 1158 1433 ut
1187 1395 1215 1432 ii
1234 1395 1409 1439 solerent,
1439 1394 1507 1446 qui
1527 1406 1685 1431 omnem
1711 1393 1794 1431 vim

398 1463 550 1502 dicendi
571 1463 611 1500 in
631 1471 709 1500 arte
729 1471 914 1515 ponerent
922 1481 933 1507 3
957 1475 1080 1514 neque
1095 1462 1242 1499 rursum
1259 1475 1341 1498 eam
1359 1469 1494 1504 totam,
1512 1460 1605 1497 ficut
1620 1459 1795 1512 plerique

400 1528 624 1580 Philosophi
644 1527 823 1572 facerent,
844 1528 1070 1580 repudiaret.
1107 1527 1179 1565 Sed
1204 1526 1394 1570 existimo,
1415 1525 1557 1576 inquit,
1578 1534 1731 1576 gratum
1758 1534 1794 1561 te

398 1594 474 1639 his,
494 1594 631 1638 Craffe,
651 1592 858 1636 faciurum,
880 1593 906 1630 fi
933 1593 999 1630 ista
1018 1593 1246 1644 exposueris,
1278 1605 1361 1644 quae
1381 1600 1491 1644 putas
1512 1590 1557 1628 ad
1582 1590 1793 1628 dicendum

400 1660 500 1714 plus,
532 1672 647 1711 quam
669 1658 789 1710 ipsam
808 1667 941 1702 artem,
962 1657 1063 1710 poffe
1082 1657 1261 1709 prodeffe.

456 1725 597 1763 Dicam
619 1723 812 1776 equidem,
842 1723 1026 1775 quoniam
1047 1723 1207 1766 institui,
1234 1733 1440 1775 petamque
1459 1735 1480 1759 a
1498 1721 1620 1765 vobis,
1651 1720 1795 1773 inquit,

401 1783 448 1829 ne
467 1789 534 1828 has
566 1802 667 1827 meas
699 1788 859 1841 ineptias
889 1788 1078 1826 efferatis:
1111 1801 1331 1840 quanquam
1358 1787 1582 1825 moderabor
1611 1786 1700 1839 ipse,
1732 1799 1794 1831 ne,

402 1867 445 1894 ut
472 1855 630 1908 quidam
662 1855 839 1907 magister
868 1864 982 1906 atque
1010 1854 1160 1898 artifex,
1192 1854 1256 1892 sed
1274 1855 1375 1906 quafi
1399 1866 1497 1891 unus
1525 1867 1545 1890 e
1577 1862 1799 1905 togatorum

402 1935 578 1965 numerO,
609 1931 721 1973 atque
754 1934 801 1959 ex
831 1920 968 1958 forenfi
999 1921 1067 1958 usu
1097 1919 1218 1958 homo
1245 1920 1462 1964 mediocris,
1493 1931 1616 1972 neque
1636 1920 1798 1957 omnino

402 1987 522 2031 rudis,
552 1985 679 2024 videar
698 2000 775 2024 non
795 1986 872 2039 ipse
904 1986 1051 2038 aliquid
1081 1999 1101 2023 a
1121 1999 1183 2024 me
1210 1985 1442 2039 prompsisse,
1473 1984 1534 2022 sed
1564 1983 1728 2023 fortuito
1756 1984 1798 2022 in

401 2053 614 2090 sermonem
634 2051 799 2089 vestrum
819 2051 1001 2089 incidiffe.

459 2118 667 2169 Equidem,
698 2131 790 2155 cum
824 2126 995 2170 peterem
1025 2116 1276 2169 magistratus,
1314 2115 1480 2152 solebam
1515 2115 1553 2151 in
1588 2113 1799 2166 prensando

404 2184 597 2223 dimittere
629 2198 649 2220 a
679 2197 741 2221 me
772 2183 992 2227 Scaevolam,
1023 2196 1114 2220 cum
1148 2183 1182 2219 ei
1214 2183 1266 2219 ita
1295 2181 1475 2224 dicerem,
1507 2181 1578 2218 Me
1608 2180 1705 2217 velle
1727 2179 1798 2217 effe

405 2249 595 2301 ineptum.
629 2248 672 2286 Id
693 2258 770 2286 erat
789 2258 913 2300 petere
933 2248 1137 2291 blandius;
1169 2246 1273 2298 quod
1305 2246 1372 2283 nisi
1404 2246 1531 2298 inepte
1552 2245 1672 2289 fieret,
1703 2245 1799 2282 bene

406 2328 483 2352 non
504 2313 620 2365 poffet
641 2313 734 2351 fieri.
778 2314 898 2351 Hunc
918 2323 1046 2350 autem
1067 2312 1135 2350 effe
1155 2312 1357 2349 hominem
1379 2325 1501 2348 unum
1528 2324 1574 2348 ex
1600 2310 1797 2354 omnibus,

405 2393 483 2432 quo
515 2378 692 2431 praesente
723 2392 793 2431 ego
824 2379 974 2431 ineptus
1004 2378 1075 2416 effe
1106 2378 1268 2416 minime
1295 2377 1459 2420 vellem;
1491 2389 1606 2428 quem
1639 2375 1798 2428 quidem

406 2458 509 2482 nunc
523 2457 695 2481 mearum
710 2444 940 2496 ineptiarum
954 2443 1086 2482 testem
1099 2453 1135 2480 et
1155 2443 1400 2495 speetatorem
1418 2440 1572 2479 fortuna
1583 2440 1796 2478 constituit.

406 2510 512 2550 Nam
543 2509 635 2561 quid
657 2508 709 2546 est
729 2509 908 2562 ineptius,
929 2523 1046 2562 quam
1073 2509 1117 2547 de
1137 2508 1300 2547 dicendo
1316 2508 1453 2553 dicere,
1477 2520 1570 2546 cum
1596 2506 1636 2544 id
1658 2505 1797 2560 ipsum,
