2176 2912
397 281 470 308 100
637 266 1543 307 DEINVENTIONE

390 361 510 399 levius
531 359 600 398 effe
620 360 718 398 illud
739 360 843 412 quod
871 361 910 398 in
931 361 1094 398 alterum
1115 369 1317 413 peccatum
1338 372 1420 398 reus
1442 359 1653 404 transferat,
1674 373 1793 412 quarn

391 427 496 479 quod
515 426 591 478 ipse
606 426 819 478 susceperit.
852 426 982 464 Postea
996 426 1245 464 transsationis
1266 426 1435 478 partibus
1456 427 1527 471 uti,
1545 436 1582 464 et
1602 426 1794 464 ostendere

392 506 412 529 a
431 506 524 544 quo,
553 500 591 529 et
611 505 676 543 per
701 505 812 543 quOS,
844 501 881 528 et
901 506 979 543 quo
1000 491 1131 536 modo,
1161 501 1198 529 et
1222 505 1300 543 quo
1320 501 1507 544 tempore,
1529 501 1592 529 aut
1622 492 1698 543 agi,
1728 501 1794 530 aut

385 558 564 610 judicari,
595 566 660 594 aut
679 557 789 594 statui
814 557 859 594 de
879 571 920 594 ea
940 571 978 595 re
999 558 1218 595 convenerit
1237 572 1245 594 ε
1277 570 1321 595 ac
1342 557 1455 595 fimul
1476 558 1685 602 ostendere,
1714 571 1795 595 non

391 623 594 676 oportuiffe
613 633 699 660 ante
719 623 966 675 supplicium,
995 629 1112 674 q'uam
1128 623 1339 674 judicium,
1370 624 1622 677 interponere.
1683 625 1794 661 Tum

392 689 492 742 leges
513 701 668 740 quoque
688 698 726 725 et
745 689 893 739 judicia
913 689 1203 726 demonstranda
1221 689 1322 732 sunt,
1355 702 1421 740 per
1440 703 1526 740 quae
1553 689 1723 741 potuerit
1752 688 1794 726 id

392 764 609 808 peccatum,
641 754 746 805 quod
767 754 897 806 sponte
917 754 979 791 sua
1010 767 1094 791 reus
1120 755 1277 806 punitus
1299 755 1356 798 fit,
1388 754 1562 792 moribus
1590 763 1629 792 et
1643 754 1797 806 judicio

390 820 590 858 vindicari.
650 820 802 857 Deinde
833 832 967 871 negare
999 819 1170 864 debebit,
1200 820 1323 858 audiri
1342 829 1515 872 oportere
1534 820 1588 865 id,
1622 820 1727 872 quod
1752 820 1795 858 in

389 900 480 924 eum
499 885 674 924 criminis
695 884 925 930 conferatur,
955 886 1001 923 de
1020 899 1098 937 quo
1118 886 1149 923 is
1168 885 1258 938 ipse,
1289 887 1358 938 qui
1389 885 1572 931 conferat,
1596 885 1795 937 judicium

391 951 471 989 fieri
493 951 657 989 noluerit
670 969 682 995 ς
713 960 751 988 et
771 951 825 995 id,
856 952 961 1003 quod
974 952 1193 1003 judicatum
1215 965 1291 990 non
1312 952 1369 996 fit,
1402 965 1471 1004 pro
1491 951 1634 990 infecto
1660 950 1795 989 haberi

394 1026 581 1070 oportere.
604 1015 734 1054 Postea
753 1016 1035 1068 impudentiam
1054 1017 1310 1054 demonstrare
1329 1030 1476 1061 eorum,
1492 1017 1560 1069 qui
1579 1030 1669 1054 eum
1688 1029 1794 1054 nunc

390 1083 491 1135 apud
504 1082 655 1134 judices
675 1081 864 1126 accusent,
882 1096 1000 1134 quem
1022 1082 1097 1120 fine
1111 1083 1310 1134 judicibus
1327 1083 1395 1135 ipfi
1416 1082 1734 1127 condemnarint3
1755 1090 1796 1121 et

391 1147 437 1184 de
452 1161 497 1185 eo
510 1147 708 1199 judicium
728 1145 884 1191 faciant,
913 1147 959 1184 de
983 1161 1060 1199 quo
1081 1148 1165 1199 jam
1191 1148 1259 1200 ips1
1286 1148 1521 1200 supplicium
1547 1147 1792 1200 sumpserint.

390 1213 521 1251 Postea
532 1213 861 1265 perturbationem
868 1213 1008 1264 judicii
1020 1212 1191 1251 futuram
1209 1213 1397 1257 dicemus,
1411 1222 1447 1250 et
1458 1213 1607 1264 judices
1620 1212 1792 1264 longius,

390 1291 509 1330 quam
539 1278 762 1330 potestatem
793 1277 974 1323 habeant,
1005 1279 1274 1331 progressuros,
1305 1278 1331 1315 fi
1363 1277 1477 1315 fimul
1507 1286 1546 1314 et
1571 1277 1617 1314 de
1647 1290 1725 1320 reo,
1755 1284 1795 1315 et

390 1343 436 1380 de
455 1356 516 1387 eo,
536 1357 654 1395 quem
675 1356 758 1380 reus
778 1352 921 1394 arguat,
938 1343 1160 1394 judicarint.
1205 1342 1369 1388 Deinde,
1391 1341 1466 1380 hoc
1493 1342 1518 1380 fi
1539 1341 1794 1380 constitutum

389 1408 448 1453 fit,
481 1417 524 1446 ut
541 1417 697 1461 peccata
719 1407 896 1445 homines
928 1409 1107 1461 peccatis,
1131 1418 1169 1446 et
1191 1409 1347 1460 injurias
1375 1409 1525 1459 injuriis
1546 1406 1793 1451 ulciscantur,

390 1483 580 1526 quantum
612 1474 955 1512 incommodorum
987 1474 1253 1527 consequatur.
1299 1477 1359 1514 Ac
1380 1474 1405 1511 fi
1425 1473 1530 1511 idem
1548 1472 1671 1510 facere
1700 1471 1794 1524 ipse,

389 1540 458 1591 qui
478 1553 580 1577 nunc
601 1539 762 1584 accusat,
783 1540 956 1578 voluiffet
971 1558 984 1584 ς
1015 1554 1063 1578 ne
1084 1539 1159 1578 hoc
1180 1541 1338 1592 quidem
1352 1539 1440 1592 ipso
1459 1538 1672 1591 quidquam
1693 1551 1790 1590 opus

389 1604 515 1643 fuifl‘et
529 1605 706 1656 judicio:
739 1605 764 1642 s1
795 1619 883 1642 vero
902 1606 1027 1643 caeteri
1053 1619 1208 1658 quoque
1238 1606 1343 1644 idem
1362 1605 1518 1650 faciant,
1548 1605 1710 1643 omnino
1724 1605 1793 1655 ju-

390 1670 537 1708 dicium
567 1670 720 1708 nullum
741 1669 932 1708 futurum.
978 1671 1108 1709 Postea
1138 1671 1469 1716 demonstrabitur,
1504 1683 1566 1716 ne,
1600 1670 1794 1722 fijudicio

390 1736 550 1787 quidem
571 1735 636 1773 illa
656 1735 834 1773 damnata
853 1735 955 1780 esset,
977 1736 1018 1774 in
1038 1750 1155 1788 quam
1184 1737 1223 1774 id
1243 1738 1389 1775 crimen
1411 1737 1458 1774 ab
1477 1750 1541 1774 reo
1560 1735 1791 1780 conferatur,

389 1800 548 1853 potuiffe
568 1800 673 1839 hunc
693 1801 819 1854 ipsum
836 1801 882 1838 de
902 1801 968 1838 illa
983 1802 1216 1854 supplicium
1238 1802 1395 1840 sumere.
1420 1803 1548 1853 Qare
1569 1801 1639 1839 effe
1659 1801 1790 1852 indig-

391 1880 501 1911 num,
523 1880 628 1911 eum,
665 1867 733 1918 qui
754 1880 801 1904 ne
832 1867 877 1904 de
899 1867 1075 1905 damnata
1093 1868 1252 1920 quidem
1272 1881 1403 1920 poenas
1425 1868 1572 1906 sumere
1601 1867 1794 1919 potuisset,

389 1933 436 1969 de
455 1945 496 1969 ea
515 1932 749 1985 supplicium
776 1932 978 1984 sumpfiffe,
1011 1947 1095 1984 quae
1121 1947 1168 1971 ne
1188 1934 1347 1971 adducta
1367 1934 1526 1986 quidem
1553 1933 1597 1970 fit
1616 1933 1656 1970 in
1681 1932 1791 1983 judi-

388 1998 510 2035 cium.
562 1998 711 2035 Deinde
742 1998 960 2050 postulabit,
992 2008 1034 2036 ut
1054 1999 1195 2051 legem,
1227 2013 1303 2051 qua
1328 1999 1412 2051 lege
1431 1998 1578 2043 fecerit,
1609 1997 1788 2050 proferat.

391 2063 541 2101 Deinde
561 2064 891 2115 quemadmodum
914 2065 952 2101 in
965 2066 1247 2116 comparatione
1260 2064 1590 2116 praecipiebamuS,
1613 2072 1656 2099 ut
1677 2062 1790 2106 illud,

389 2128 493 2180 quod
512 2129 817 2181 comparabatur,
847 2139 1113 2166 extenuaretur
1139 2129 1185 2166 ab
1206 2128 1418 2166 accusatore
1450 2142 1567 2179 quam
1596 2128 1789 2165 maxime:

390 2193 439 2231 sic
459 2194 498 2231 in
519 2193 593 2231 hoc
613 2207 748 2246 genere
767 2195 959 2246 oportebit
982 2194 1083 2231 illius
1105 2194 1277 2246 culpam,
1305 2194 1342 2231 in
1365 2207 1482 2245 quem
1503 2193 1649 2230 crimen
1671 2192 1791 2230 trans-

390 2257 544 2302 feretur,
564 2272 655 2296 cum
677 2258 790 2310 hujus
810 2258 1013 2303 maleficio,
1034 2259 1101 2310 qui
1122 2259 1156 2296 se
1171 2260 1257 2310 jure
1277 2257 1404 2296 feciffe
1425 2259 1538 2302 dicat,-
1557 2271 1789 2310 comparare.

391 2323 521 2362 Postea
541 2324 878 2362 demonstrandum
899 2324 963 2368 est,
996 2338 1071 2361 non
1092 2324 1161 2362 effe
1182 2325 1279 2362 illud
1301 2324 1505 2375 ejusmodi,
1528 2332 1570 2361 ut
1591 2324 1640 2361 ob
1656 2324 1696 2361 id
1716 2322 1791 2361 hoc

390 2388 471 2426 fieri
502 2389 735 2427 conveniret.
796 2389 980 2427 Extrema
1010 2389 1075 2433 est,
1108 2398 1151 2426 ut
1183 2390 1223 2426 in
1253 2390 1554 2441 comparatione,
1587 2389 1792 2441 assumptio

381 2454 648 2505 judicationis,
680 2464 717 2492 et
737 2454 782 2492 de
803 2468 844 2492 ea
863 2468 929 2507 per
948 2454 1292 2507 amplificationem
1312 2469 1359 2493 ex
1380 2454 1663 2492 deliberationis
1692 2468 1790 2507 prae-

380 2520 510 2571 -ceptis
531 2519 661 2557 diecio.

436 2585 629 2624 XXVIII.
654 2584 838 2624 Defensor
853 2595 981 2624 autem
1002 2600 1086 2639 quae
1101 2600 1168 2639 per
1187 2586 1276 2625 alias
1293 2586 1584 2626 constitutiones
1599 2586 1789 2626 inducen-
