<?xml version="1.0" encoding="UTF-8"?>
<!DOCTYPE html PUBLIC "-//W3C//DTD XHTML 1.0 Transitional//EN"
    "http://www.w3.org/TR/xhtml1/DTD/xhtml1-transitional.dtd">
<html xmlns="http://www.w3.org/1999/xhtml" xml:lang="en" lang="en">
 <head>
  <title>
</title>
<meta http-equiv="Content-Type" content="text/html;charset=utf-8" />
  <meta name='ocr-system' content='tesseract 3.04.00' />
  <meta name='ocr-capabilities' content='ocr_page ocr_carea ocr_par ocr_line ocrx_word'/>
</head>
<body>
  <div class='ocr_page' id='page_1' title='image "./operacumindicibu01ciceuoft_0490.png"; bbox 0 0 2176 2912; ppageno 0'>
   <div class='ocr_carea' id='block_1_1' title="bbox 471 198 1445 256">
    <p class='ocr_par' dir='ltr' id='par_1_1' title="bbox 471 198 1445 256">
     <span class='ocr_line' id='line_1_1' title="bbox 471 198 1445 256; baseline -0.006 -14"><span class='ocrx_word' id='word_1_1' title='bbox 471 202 549 256; x_wconf 77' lang='lat'><strong>478</strong></span> <span class='ocrx_word' id='word_1_2' title='bbox 915 198 1445 237; x_wconf 77' lang='lat' dir='ltr'><strong>ORATOR.</strong></span> 
     </span>
    </p>
   </div>
   <div class='ocr_carea' id='block_1_2' title="bbox 470 288 1942 2526">
    <p class='ocr_par' dir='ltr' id='par_1_2' title="bbox 471 288 1879 543">
     <span class='ocr_line' id='line_1_2' title="bbox 472 288 1876 342; baseline -0.004 -10"><span class='ocrx_word' id='word_1_3' title='bbox 472 308 542 332; x_wconf 88' lang='lat' dir='ltr'><strong>nos</strong></span> <span class='ocrx_word' id='word_1_4' title='bbox 563 292 803 331; x_wconf 77' lang='lat' dir='ltr'><strong>membrum.</strong></span> <span class='ocrx_word' id='word_1_5' title='bbox 850 291 1030 342; x_wconf 83' lang='lat' dir='ltr'>Sequitur</span> <span class='ocrx_word' id='word_1_6' title='bbox 1050 303 1127 328; x_wconf 88' lang='lat' dir='ltr'><strong>non</strong></span> <span class='ocrx_word' id='word_1_7' title='bbox 1156 289 1271 342; x_wconf 85' lang='lat' dir='ltr'><strong>longa</strong></span> <span class='ocrx_word' id='word_1_8' title='bbox 1302 290 1367 341; x_wconf 85' lang='lat' dir='ltr'><strong>(ex</strong></span> <span class='ocrx_word' id='word_1_9' title='bbox 1393 289 1544 327; x_wconf 81' lang='lat' dir='ltr'><strong>duobus</strong></span> <span class='ocrx_word' id='word_1_10' title='bbox 1571 288 1677 327; x_wconf 86' lang='lat' dir='ltr'><strong>enim</strong></span> <span class='ocrx_word' id='word_1_11' title='bbox 1696 288 1876 334; x_wconf 77' lang='lat' dir='ltr'><strong>versibus,</strong></span> 
     </span>
     <span class='ocr_line' id='line_1_3' title="bbox 473 356 1877 410; baseline -0.003 -12"><span class='ocrx_word' id='word_1_12' title='bbox 473 361 513 398; x_wconf 81' lang='lat' dir='ltr'><strong>id</strong></span> <span class='ocrx_word' id='word_1_13' title='bbox 535 360 599 404; x_wconf 89' lang='lat' dir='ltr'><strong>est,</strong></span> <span class='ocrx_word' id='word_1_14' title='bbox 620 359 822 402; x_wconf 81' lang='lat' dir='ltr'>membris,</span> <span class='ocrx_word' id='word_1_15' title='bbox 839 357 891 395; x_wconf 87' lang='lat' dir='ltr'><strong>est</strong></span> <span class='ocrx_word' id='word_1_16' title='bbox 910 356 1092 410; x_wconf 59' lang='lat' dir='ltr'><strong>persedia)</strong></span> <span class='ocrx_word' id='word_1_17' title='bbox 1115 356 1418 409; x_wconf 81' lang='lat' dir='ltr'><strong>comprehensio,</strong></span> <span class='ocrx_word' id='word_1_18' title='bbox 1447 366 1485 395; x_wconf 91' lang='lat' dir='ltr'><strong>et</strong></span> <span class='ocrx_word' id='word_1_19' title='bbox 1505 357 1543 394; x_wconf 93' lang='lat' dir='ltr'><strong>in</strong></span> <span class='ocrx_word' id='word_1_20' title='bbox 1561 356 1744 409; x_wconf 87' lang='lat' dir='ltr'><strong>spondeos</strong></span> <span class='ocrx_word' id='word_1_21' title='bbox 1762 356 1877 394; x_wconf 80' lang='lat' dir='ltr'><strong>cadit.</strong></span> 
     </span>
     <span class='ocr_line' id='line_1_4' title="bbox 473 422 1879 477; baseline -0.004 -12"><span class='ocrx_word' id='word_1_22' title='bbox 473 428 529 465; x_wconf 79' lang='lat' dir='ltr'><strong>Et</strong></span> <span class='ocrx_word' id='word_1_23' title='bbox 549 425 698 465; x_wconf 72' lang='lat' dir='ltr'><strong>Crafl‘us</strong></span> <span class='ocrx_word' id='word_1_24' title='bbox 719 424 879 477; x_wconf 90' lang='lat' dir='ltr'><strong>quidem</strong></span> <span class='ocrx_word' id='word_1_25' title='bbox 900 424 949 461; x_wconf 89' lang='lat' dir='ltr'><strong>fic</strong></span> <span class='ocrx_word' id='word_1_26' title='bbox 975 423 1206 476; x_wconf 85' lang='lat' dir='ltr'><strong>plerumque</strong></span> <span class='ocrx_word' id='word_1_27' title='bbox 1227 423 1379 461; x_wconf 83' lang='lat' dir='ltr'><strong>dicebat</strong></span> <span class='ocrx_word' id='word_1_28' title='bbox 1393 441 1405 468; x_wconf 82' lang='lat'><strong>,-</strong></span> <span class='ocrx_word' id='word_1_29' title='bbox 1437 423 1554 475; x_wconf 91' lang='lat' dir='ltr'><strong>idque</strong></span> <span class='ocrx_word' id='word_1_30' title='bbox 1584 423 1661 476; x_wconf 89' lang='lat' dir='ltr'><strong>ipse</strong></span> <span class='ocrx_word' id='word_1_31' title='bbox 1680 435 1799 475; x_wconf 86' lang='lat' dir='ltr'><strong>genus</strong></span> <span class='ocrx_word' id='word_1_32' title='bbox 1817 422 1879 460; x_wconf 49' lang='lat' dir='ltr'><strong>dia-</strong></span> 
     </span>
     <span class='ocr_line' id='line_1_5' title="bbox 471 491 932 543; baseline -0.007 -12"><span class='ocrx_word' id='word_1_33' title='bbox 471 493 585 532; x_wconf 87' lang='lat' dir='ltr'><strong>cendi</strong></span> <span class='ocrx_word' id='word_1_34' title='bbox 607 493 776 531; x_wconf 80' lang='lat' dir='ltr'>maxime</span> <span class='ocrx_word' id='word_1_35' title='bbox 796 491 932 543; x_wconf 88' lang='lat' dir='ltr'><strong>probo.</strong></span> 
     </span>
    </p>

    <p class='ocr_par' dir='ltr' id='par_1_3' title="bbox 470 546 1901 1340">
     <span class='ocr_line' id='line_1_6' title="bbox 530 546 1901 609; baseline -0.003 -11"><span class='ocrx_word' id='word_1_36' title='bbox 530 560 700 598; x_wconf 88' lang='lat' dir='ltr'><strong>LXVII.</strong></span> <span class='ocrx_word' id='word_1_37' title='bbox 733 557 804 595; x_wconf 89' lang='lat' dir='ltr'><strong>Sed</strong></span> <span class='ocrx_word' id='word_1_38' title='bbox 825 571 910 609; x_wconf 84' lang='lat' dir='ltr'><strong>quae</strong></span> <span class='ocrx_word' id='word_1_39' title='bbox 929 555 1092 600; x_wconf 85' lang='lat' dir='ltr'><strong>incifim,</strong></span> <span class='ocrx_word' id='word_1_40' title='bbox 1126 565 1191 593; x_wconf 90' lang='lat' dir='ltr'><strong>aut</strong></span> <span class='ocrx_word' id='word_1_41' title='bbox 1222 555 1470 594; x_wconf 75' lang='lat' dir='ltr'>membratim</span> <span class='ocrx_word' id='word_1_42' title='bbox 1491 555 1714 599; x_wconf 83' lang='lat' dir='ltr'><strong>efferuntur,</strong></span> <span class='ocrx_word' id='word_1_43' title='bbox 1746 569 1787 593; x_wconf 91' lang='lat' dir='ltr'><strong>ea</strong></span> <span class='ocrx_word' id='word_1_44' title='bbox 1820 546 1901 594; x_wconf 52' lang='lat' dir='ltr'><strong>vel‘</strong></span> 
     </span>
     <span class='ocr_line' id='line_1_7' title="bbox 475 621 1881 679; baseline -0.003 -14"><span class='ocrx_word' id='word_1_45' title='bbox 475 627 663 679; x_wconf 83' lang='lat' dir='ltr'><strong>aptiffime</strong></span> <span class='ocrx_word' id='word_1_46' title='bbox 683 625 815 663; x_wconf 86' lang='lat' dir='ltr'><strong>cadere</strong></span> <span class='ocrx_word' id='word_1_47' title='bbox 836 624 976 661; x_wconf 89' lang='lat' dir='ltr'><strong>debent</strong></span> <span class='ocrx_word' id='word_1_48' title='bbox 992 640 1003 668; x_wconf 79' lang='lat'>3</span> <span class='ocrx_word' id='word_1_49' title='bbox 1036 631 1079 659; x_wconf 90' lang='lat' dir='ltr'><strong>ut</strong></span> <span class='ocrx_word' id='word_1_50' title='bbox 1099 621 1151 659; x_wconf 90' lang='lat' dir='ltr'><strong>est</strong></span> <span class='ocrx_word' id='word_1_51' title='bbox 1170 622 1271 674; x_wconf 89' lang='lat' dir='ltr'><strong>apud</strong></span> <span class='ocrx_word' id='word_1_52' title='bbox 1292 635 1369 666; x_wconf 89' lang='lat' dir='ltr'><strong>me,</strong></span> <span class='ocrx_word' id='word_1_53' title='bbox 1400 623 1541 660; x_wconf 78' lang='lat' dir='ltr'><strong>Domus</strong></span> <span class='ocrx_word' id='word_1_54' title='bbox 1560 621 1630 659; x_wconf 71' lang='lat' dir='ltr'><strong>tibi</strong></span> <span class='ocrx_word' id='word_1_55' title='bbox 1657 621 1810 661; x_wconf 74' lang='lat' dir='ltr'><strong>deerat?</strong></span> <span class='ocrx_word' id='word_1_56' title='bbox 1840 631 1881 661; x_wconf 80' lang='lat' dir='ltr'><strong>at</strong></span> 
     </span>
     <span class='ocr_line' id='line_1_8' title="bbox 474 687 1882 741; baseline -0.004 -9"><span class='ocrx_word' id='word_1_57' title='bbox 474 693 639 732; x_wconf 69' lang='lat' dir='ltr'><strong>habebas.</strong></span> <span class='ocrx_word' id='word_1_58' title='bbox 700 690 859 729; x_wconf 75' lang='lat' dir='ltr'><em>Pecunia</em></span> <span class='ocrx_word' id='word_1_59' title='bbox 876 687 1115 741; x_wconf 74' lang='lat' dir='ltr'><strong>ficperabat?</strong></span> <span class='ocrx_word' id='word_1_60' title='bbox 1150 696 1192 725; x_wconf 75' lang='lat' dir='ltr'><strong>at</strong></span> <span class='ocrx_word' id='word_1_61' title='bbox 1221 687 1355 740; x_wconf 76' lang='lat' dir='ltr'><strong>egebas.</strong></span> <span class='ocrx_word' id='word_1_62' title='bbox 1416 688 1514 725; x_wconf 83' lang='lat' dir='ltr'><strong>Haec</strong></span> <span class='ocrx_word' id='word_1_63' title='bbox 1541 687 1657 724; x_wconf 87' lang='lat' dir='ltr'><strong>incise</strong></span> <span class='ocrx_word' id='word_1_64' title='bbox 1678 687 1777 725; x_wconf 69' lang='lat' dir='ltr'><strong>die&#39;ta</strong></span> <span class='ocrx_word' id='word_1_65' title='bbox 1795 687 1882 726; x_wconf 87' lang='lat' dir='ltr'><strong>sunt</strong></span> 
     </span>
     <span class='ocr_line' id='line_1_9' title="bbox 474 753 1884 811; baseline -0.004 -15"><span class='ocrx_word' id='word_1_66' title='bbox 474 768 653 811; x_wconf 87' lang='lat' dir='ltr'><strong>quatuor.</strong></span> <span class='ocrx_word' id='word_1_67' title='bbox 699 758 755 794; x_wconf 87' lang='lat' dir='ltr'><strong>At</strong></span> <span class='ocrx_word' id='word_1_68' title='bbox 775 754 1041 799; x_wconf 89' lang='lat' dir='ltr'>membratim,</span> <span class='ocrx_word' id='word_1_69' title='bbox 1073 767 1158 806; x_wconf 87' lang='lat' dir='ltr'><strong>quae</strong></span> <span class='ocrx_word' id='word_1_70' title='bbox 1178 753 1404 805; x_wconf 88' lang='lat' dir='ltr'><strong>sequuntur,</strong></span> <span class='ocrx_word' id='word_1_71' title='bbox 1437 753 1527 798; x_wconf 91' lang='lat' dir='ltr'><strong>duo,</strong></span> <span class='ocrx_word' id='word_1_72' title='bbox 1558 754 1712 792; x_wconf 77' lang='lat' dir='ltr'><strong>Incurri</strong></span> <span class='ocrx_word' id='word_1_73' title='bbox 1737 753 1753 790; x_wconf 91' lang='lat' dir='ltr'><strong>i</strong></span> <span class='ocrx_word' id='word_1_74' title='bbox 1766 767 1884 791; x_wconf 67' lang='lat' dir='ltr'><strong>amens</strong></span> 
     </span>
     <span class='ocr_line' id='line_1_10' title="bbox 476 819 1884 874; baseline -0.004 -11"><span class='ocrx_word' id='word_1_75' title='bbox 476 826 512 863; x_wconf 76' lang='lat' dir='ltr'><strong>in</strong></span> <span class='ocrx_word' id='word_1_76' title='bbox 533 825 708 863; x_wconf 76' lang='lat' dir='ltr'><strong>columnas</strong></span> <span class='ocrx_word' id='word_1_77' title='bbox 723 839 737 861; x_wconf 91' lang='lat'><strong>.·</strong></span> <span class='ocrx_word' id='word_1_78' title='bbox 768 823 804 860; x_wconf 81' lang='lat' dir='ltr'><strong>in</strong></span> <span class='ocrx_word' id='word_1_79' title='bbox 824 821 951 860; x_wconf 79' lang='lat' dir='ltr'><strong>alienos</strong></span> <span class='ocrx_word' id='word_1_80' title='bbox 980 821 1124 874; x_wconf 78' lang='lat' dir='ltr'><strong>insanus</strong></span> <span class='ocrx_word' id='word_1_81' title='bbox 1142 819 1311 873; x_wconf 63' lang='lat' dir='ltr'><strong>irqfiznssi.</strong></span> <span class='ocrx_word' id='word_1_82' title='bbox 1348 819 1502 858; x_wconf 81' lang='lat' dir='ltr'><strong>Deinde</strong></span> <span class='ocrx_word' id='word_1_83' title='bbox 1522 820 1667 864; x_wconf 87' lang='lat' dir='ltr'><strong>omnia,</strong></span> <span class='ocrx_word' id='word_1_84' title='bbox 1700 828 1884 872; x_wconf 84' lang='lat' dir='ltr'>tanquam</span> 
     </span>
     <span class='ocr_line' id='line_1_11' title="bbox 476 875 1883 943; baseline -0.004 -15"><span class='ocrx_word' id='word_1_85' title='bbox 476 891 672 943; x_wconf 81' lang='lat' dir='ltr'><strong>crepidine</strong></span> <span class='ocrx_word' id='word_1_86' title='bbox 706 889 886 942; x_wconf 89' lang='lat' dir='ltr'><strong>quadam,</strong></span> <span class='ocrx_word' id='word_1_87' title='bbox 922 875 1267 939; x_wconf 78' lang='lat' dir='ltr'><strong>comprehensione</strong></span> <span class='ocrx_word' id='word_1_88' title='bbox 1301 886 1475 939; x_wconf 84' lang='lat' dir='ltr'><strong>longiore</strong></span> <span class='ocrx_word' id='word_1_89' title='bbox 1509 886 1752 931; x_wconf 83' lang='lat' dir='ltr'><strong>sustinentur,</strong></span> <span class='ocrx_word' id='word_1_90' title='bbox 1799 887 1883 924; x_wconf 81' lang='lat' dir='ltr'><strong>De-</strong></span> 
     </span>
     <span class='ocr_line' id='line_1_12' title="bbox 470 951 1883 1010; baseline -0.004 -15"><span class='ocrx_word' id='word_1_91' title='bbox 470 956 637 1010; x_wconf 62' lang='lat' dir='ltr'><strong>prqffizm,</strong></span> <span class='ocrx_word' id='word_1_92' title='bbox 668 969 810 998; x_wconf 80' lang='lat' dir='ltr'><strong>caecam,</strong></span> <span class='ocrx_word' id='word_1_93' title='bbox 821 954 1001 1005; x_wconf 76' lang='lat' dir='ltr'><strong>jacentem</strong></span> <span class='ocrx_word' id='word_1_94' title='bbox 1020 951 1156 991; x_wconf 84' lang='lat' dir='ltr'><strong>domum</strong></span> <span class='ocrx_word' id='word_1_95' title='bbox 1170 952 1302 1004; x_wconf 72' lang='lat' dir='ltr'><strong>pluris,</strong></span> <span class='ocrx_word' id='word_1_96' title='bbox 1325 967 1430 1004; x_wconf 80' lang='lat' dir='ltr'><strong>quam</strong></span> <span class='ocrx_word' id='word_1_97' title='bbox 1456 962 1504 996; x_wconf 78' lang='lat' dir='ltr'><strong>te,</strong></span> <span class='ocrx_word' id='word_1_98' title='bbox 1525 961 1560 990; x_wconf 86' lang='lat' dir='ltr'><strong>et</strong></span> <span class='ocrx_word' id='word_1_99' title='bbox 1587 966 1690 1004; x_wconf 76' lang='lat' dir='ltr'><strong>quam</strong></span> <span class='ocrx_word' id='word_1_100' title='bbox 1702 952 1883 1003; x_wconf 76' lang='lat' dir='ltr'><strong>fortunas</strong></span> 
     </span>
     <span class='ocr_line' id='line_1_13' title="bbox 476 1017 1881 1076; baseline -0.004 -15"><span class='ocrx_word' id='word_1_101' title='bbox 476 1035 575 1067; x_wconf 77' lang='lat' dir='ltr'><strong>tuas,</strong></span> <span class='ocrx_word' id='word_1_102' title='bbox 596 1021 781 1076; x_wconf 65' lang='lat' dir='ltr'><strong>[rstimasti.</strong></span> <span class='ocrx_word' id='word_1_103' title='bbox 821 1019 1017 1058; x_wconf 83' lang='lat' dir='ltr'><strong>Dichoreo</strong></span> <span class='ocrx_word' id='word_1_104' title='bbox 1038 1018 1184 1056; x_wconf 86' lang='lat' dir='ltr'><strong>finitur.</strong></span> <span class='ocrx_word' id='word_1_105' title='bbox 1218 1020 1274 1056; x_wconf 85' lang='lat' dir='ltr'><strong>At</strong></span> <span class='ocrx_word' id='word_1_106' title='bbox 1293 1017 1501 1071; x_wconf 82' lang='lat' dir='ltr'><strong>dispondeo</strong></span> <span class='ocrx_word' id='word_1_107' title='bbox 1523 1019 1749 1070; x_wconf 86' lang='lat' dir='ltr'><strong>proximum</strong></span> <span class='ocrx_word' id='word_1_108' title='bbox 1768 1018 1881 1056; x_wconf 88' lang='lat' dir='ltr'><strong>illud.</strong></span> 
     </span>
     <span class='ocr_line' id='line_1_14' title="bbox 479 1084 1886 1139; baseline -0.003 -12"><span class='ocrx_word' id='word_1_109' title='bbox 479 1091 587 1130; x_wconf 86' lang='lat' dir='ltr'><strong>Nam</strong></span> <span class='ocrx_word' id='word_1_110' title='bbox 619 1089 658 1125; x_wconf 90' lang='lat' dir='ltr'><strong>in</strong></span> <span class='ocrx_word' id='word_1_111' title='bbox 686 1088 746 1132; x_wconf 88' lang='lat' dir='ltr'><strong>iis,</strong></span> <span class='ocrx_word' id='word_1_112' title='bbox 778 1087 933 1139; x_wconf 86' lang='lat' dir='ltr'><strong>quibus,</strong></span> <span class='ocrx_word' id='word_1_113' title='bbox 963 1095 1005 1123; x_wconf 91' lang='lat' dir='ltr'><strong>ut</strong></span> <span class='ocrx_word' id='word_1_114' title='bbox 1037 1085 1301 1138; x_wconf 82' lang='lat' dir='ltr'><strong>pugiunculis,</strong></span> <span class='ocrx_word' id='word_1_115' title='bbox 1330 1085 1387 1122; x_wconf 90' lang='lat' dir='ltr'><strong>uti</strong></span> <span class='ocrx_word' id='word_1_116' title='bbox 1408 1093 1571 1136; x_wconf 90' lang='lat' dir='ltr'><strong>oportet,</strong></span> <span class='ocrx_word' id='word_1_117' title='bbox 1603 1084 1766 1122; x_wconf 84' lang='lat' dir='ltr'><strong>brevitas</strong></span> <span class='ocrx_word' id='word_1_118' title='bbox 1791 1084 1886 1123; x_wconf 87' lang='lat' dir='ltr'><strong>facit</strong></span> 
     </span>
     <span class='ocr_line' id='line_1_15' title="bbox 480 1150 1885 1209; baseline -0.004 -16"><span class='ocrx_word' id='word_1_119' title='bbox 480 1156 559 1209; x_wconf 84' lang='lat' dir='ltr'><strong>ipsa</strong></span> <span class='ocrx_word' id='word_1_120' title='bbox 579 1155 774 1192; x_wconf 84' lang='lat' dir='ltr'><strong>liberiores</strong></span> <span class='ocrx_word' id='word_1_121' title='bbox 795 1154 923 1205; x_wconf 86' lang='lat' dir='ltr'><strong>pedes.</strong></span> <span class='ocrx_word' id='word_1_122' title='bbox 984 1154 1086 1203; x_wconf 76' lang='lat' dir='ltr'><strong>Saepe</strong></span> <span class='ocrx_word' id='word_1_123' title='bbox 1106 1152 1211 1189; x_wconf 87' lang='lat' dir='ltr'><strong>enim</strong></span> <span class='ocrx_word' id='word_1_124' title='bbox 1233 1150 1389 1202; x_wconf 81' lang='lat' dir='ltr'><strong>singulis</strong></span> <span class='ocrx_word' id='word_1_125' title='bbox 1412 1150 1601 1188; x_wconf 88' lang='lat' dir='ltr'><strong>utendum</strong></span> <span class='ocrx_word' id='word_1_126' title='bbox 1621 1150 1686 1195; x_wconf 85' lang='lat' dir='ltr'><strong>est,</strong></span> <span class='ocrx_word' id='word_1_127' title='bbox 1709 1151 1885 1203; x_wconf 91' lang='lat' dir='ltr'><strong>plerum-</strong></span> 
     </span>
     <span class='ocr_line' id='line_1_16' title="bbox 481 1216 1889 1275; baseline -0.003 -16"><span class='ocrx_word' id='word_1_128' title='bbox 481 1236 555 1275; x_wconf 88' lang='lat' dir='ltr'><strong>que</strong></span> <span class='ocrx_word' id='word_1_129' title='bbox 576 1221 690 1266; x_wconf 92' lang='lat' dir='ltr'><strong>binis,</strong></span> <span class='ocrx_word' id='word_1_130' title='bbox 725 1221 780 1272; x_wconf 90' lang='lat' dir='ltr'><strong>(et</strong></span> <span class='ocrx_word' id='word_1_131' title='bbox 801 1219 970 1271; x_wconf 85' lang='lat' dir='ltr'><strong>utrisque</strong></span> <span class='ocrx_word' id='word_1_132' title='bbox 991 1218 1077 1256; x_wconf 80' lang='lat' dir='ltr'><strong>addi</strong></span> <span class='ocrx_word' id='word_1_133' title='bbox 1113 1218 1219 1271; x_wconf 87' lang='lat' dir='ltr'><strong>pedis</strong></span> <span class='ocrx_word' id='word_1_134' title='bbox 1251 1230 1334 1270; x_wconf 88' lang='lat' dir='ltr'><strong>pars</strong></span> <span class='ocrx_word' id='word_1_135' title='bbox 1369 1217 1524 1271; x_wconf 89' lang='lat' dir='ltr'><strong>potest‚)</strong></span> <span class='ocrx_word' id='word_1_136' title='bbox 1558 1231 1637 1256; x_wconf 92' lang='lat' dir='ltr'><strong>non</strong></span> <span class='ocrx_word' id='word_1_137' title='bbox 1667 1216 1745 1255; x_wconf 86' lang='lat' dir='ltr'><strong>fere</strong></span> <span class='ocrx_word' id='word_1_138' title='bbox 1775 1218 1889 1256; x_wconf 88' lang='lat' dir='ltr'><strong>ternis</strong></span> 
     </span>
     <span class='ocr_line' id='line_1_17' title="bbox 481 1288 1220 1340; baseline -0.009 -14"><span class='ocrx_word' id='word_1_139' title='bbox 481 1288 662 1340; x_wconf 84' lang='lat' dir='ltr'><strong>amplius.</strong></span> <span class='ocrx_word' id='word_1_140' title='bbox 1217 1325 1220 1326; x_wconf 19' lang='lat'><em>⁷</em></span> 
     </span>
    </p>

    <p class='ocr_par' dir='ltr' id='par_1_4' title="bbox 480 1350 1888 1854">
     <span class='ocr_line' id='line_1_18' title="bbox 535 1350 1886 1398; baseline -0.002 -6"><span class='ocrx_word' id='word_1_141' title='bbox 535 1354 693 1393; x_wconf 86' lang='lat' dir='ltr'><strong>Incifim</strong></span> <span class='ocrx_word' id='word_1_142' title='bbox 726 1362 868 1398; x_wconf 81' lang='lat' dir='ltr'><strong>autem,</strong></span> <span class='ocrx_word' id='word_1_143' title='bbox 898 1360 936 1389; x_wconf 88' lang='lat' dir='ltr'><strong>et</strong></span> <span class='ocrx_word' id='word_1_144' title='bbox 968 1351 1218 1391; x_wconf 82' lang='lat' dir='ltr'><strong>membratim</strong></span> <span class='ocrx_word' id='word_1_145' title='bbox 1254 1353 1408 1390; x_wconf 68' lang='lat' dir='ltr'><strong>t1·a6tata</strong></span> <span class='ocrx_word' id='word_1_146' title='bbox 1432 1351 1554 1390; x_wconf 86' lang='lat' dir='ltr'><strong>oratio</strong></span> <span class='ocrx_word' id='word_1_147' title='bbox 1582 1352 1622 1389; x_wconf 90' lang='lat' dir='ltr'><strong>in</strong></span> <span class='ocrx_word' id='word_1_148' title='bbox 1654 1351 1750 1391; x_wconf 88' lang='lat' dir='ltr'><strong>veris</strong></span> <span class='ocrx_word' id='word_1_149' title='bbox 1769 1350 1886 1390; x_wconf 84' lang='lat' dir='ltr'><strong>caufis</strong></span> 
     </span>
     <span class='ocr_line' id='line_1_19' title="bbox 480 1416 1886 1474; baseline -0.003 -15"><span class='ocrx_word' id='word_1_150' title='bbox 480 1421 698 1474; x_wconf 87' lang='lat' dir='ltr'><strong>plurimum</strong></span> <span class='ocrx_word' id='word_1_151' title='bbox 717 1419 828 1464; x_wconf 89' lang='lat' dir='ltr'><strong>valet,</strong></span> <span class='ocrx_word' id='word_1_152' title='bbox 851 1418 1097 1470; x_wconf 84' lang='lat' dir='ltr'><strong>maximeque</strong></span> <span class='ocrx_word' id='word_1_153' title='bbox 1127 1416 1188 1455; x_wconf 88' lang='lat' dir='ltr'><strong>his</strong></span> <span class='ocrx_word' id='word_1_154' title='bbox 1219 1417 1330 1463; x_wconf 87' lang='lat' dir='ltr'><strong>locis,</strong></span> <span class='ocrx_word' id='word_1_155' title='bbox 1366 1431 1459 1456; x_wconf 88' lang='lat' dir='ltr'><strong>cum</strong></span> <span class='ocrx_word' id='word_1_156' title='bbox 1479 1427 1544 1456; x_wconf 90' lang='lat' dir='ltr'><strong>aut</strong></span> <span class='ocrx_word' id='word_1_157' title='bbox 1563 1430 1710 1470; x_wconf 83' lang='lat' dir='ltr'><strong>arguas,</strong></span> <span class='ocrx_word' id='word_1_158' title='bbox 1741 1426 1806 1455; x_wconf 84' lang='lat' dir='ltr'><strong>aut</strong></span> <span class='ocrx_word' id='word_1_159' title='bbox 1826 1430 1886 1455; x_wconf 90' lang='lat' dir='ltr'><strong>re-</strong></span> 
     </span>
     <span class='ocr_line' id='line_1_20' title="bbox 482 1482 1888 1531; baseline -0.003 -7"><span class='ocrx_word' id='word_1_160' title='bbox 482 1485 590 1525; x_wconf 86' lang='lat' dir='ltr'><strong>fellas</strong></span> <span class='ocrx_word' id='word_1_161' title='bbox 604 1504 615 1531; x_wconf 73' lang='lat'><strong>,</strong></span> <span class='ocrx_word' id='word_1_162' title='bbox 639 1494 681 1523; x_wconf 91' lang='lat' dir='ltr'><strong>ut</strong></span> <span class='ocrx_word' id='word_1_163' title='bbox 698 1484 821 1522; x_wconf 87' lang='lat' dir='ltr'><strong>nostra</strong></span> <span class='ocrx_word' id='word_1_164' title='bbox 840 1485 880 1522; x_wconf 89' lang='lat' dir='ltr'><strong>in</strong></span> <span class='ocrx_word' id='word_1_165' title='bbox 903 1483 1132 1521; x_wconf 83' lang='lat' dir='ltr'><strong>Corneliana</strong></span> <span class='ocrx_word' id='word_1_166' title='bbox 1152 1482 1325 1528; x_wconf 81' lang='lat' dir='ltr'><strong>secunda,</strong></span> <span class='ocrx_word' id='word_1_167' title='bbox 1349 1485 1383 1522; x_wconf 89' lang='lat' dir='ltr'><em>O</em></span> <span class='ocrx_word' id='word_1_168' title='bbox 1404 1483 1542 1522; x_wconf 80' lang='lat' dir='ltr'><strong>callidos</strong></span> <span class='ocrx_word' id='word_1_169' title='bbox 1558 1484 1738 1524; x_wconf 73' lang='lat' dir='ltr'><strong>homines!</strong></span> <span class='ocrx_word' id='word_1_170' title='bbox 1761 1484 1794 1521; x_wconf 91' lang='lat' dir='ltr'>O</span> <span class='ocrx_word' id='word_1_171' title='bbox 1814 1496 1888 1521; x_wconf 85' lang='lat' dir='ltr'><strong>rem</strong></span> 
     </span>
     <span class='ocr_line' id='line_1_21' title="bbox 482 1547 1887 1603; baseline -0.004 -13"><span class='ocrx_word' id='word_1_172' title='bbox 482 1551 751 1603; x_wconf 79' lang='lat' dir='ltr'><strong>excogitatam!</strong></span> <span class='ocrx_word' id='word_1_173' title='bbox 784 1551 817 1588; x_wconf 88' lang='lat' dir='ltr'><em>O</em></span> <span class='ocrx_word' id='word_1_174' title='bbox 838 1549 979 1601; x_wconf 75' lang='lat' dir='ltr'><strong>ingenia</strong></span> <span class='ocrx_word' id='word_1_175' title='bbox 1012 1548 1228 1587; x_wconf 81' lang='lat' dir='ltr'><strong>metuenda!</strong></span> <span class='ocrx_word' id='word_1_176' title='bbox 1273 1549 1535 1588; x_wconf 87' lang='lat' dir='ltr'><strong>Membratim</strong></span> <span class='ocrx_word' id='word_1_177' title='bbox 1564 1547 1716 1586; x_wconf 88' lang='lat' dir='ltr'><strong>adhuc:</strong></span> <span class='ocrx_word' id='word_1_178' title='bbox 1750 1547 1887 1586; x_wconf 91' lang='lat' dir='ltr'><strong>deinde</strong></span> 
     </span>
     <span class='ocr_line' id='line_1_22' title="bbox 483 1611 1886 1666; baseline -0.002 -12"><span class='ocrx_word' id='word_1_179' title='bbox 483 1617 609 1654; x_wconf 82' lang='lat' dir='ltr'><strong>caefim</strong></span> <span class='ocrx_word' id='word_1_180' title='bbox 629 1615 814 1653; x_wconf 83' lang='lat' dir='ltr'><strong>diximus.</strong></span> <span class='ocrx_word' id='word_1_181' title='bbox 874 1613 1020 1651; x_wconf 87' lang='lat' dir='ltr'><strong>Rursus</strong></span> <span class='ocrx_word' id='word_1_182' title='bbox 1051 1613 1316 1658; x_wconf 86' lang='lat' dir='ltr'><strong>membratim,</strong></span> <span class='ocrx_word' id='word_1_183' title='bbox 1349 1611 1460 1666; x_wconf 59' lang='lat' dir='ltr'><em>Testes</em></span> <span class='ocrx_word' id='word_1_184' title='bbox 1478 1614 1564 1652; x_wconf 82' lang='lat' dir='ltr'><strong>dare</strong></span> <span class='ocrx_word' id='word_1_185' title='bbox 1583 1614 1755 1652; x_wconf 84' lang='lat' dir='ltr'><strong>volumus.</strong></span> <span class='ocrx_word' id='word_1_186' title='bbox 1802 1614 1886 1651; x_wconf 79' lang='lat' dir='ltr'><strong>Ex-</strong></span> 
     </span>
     <span class='ocr_line' id='line_1_23' title="bbox 484 1679 1887 1734; baseline -0.002 -13"><span class='ocrx_word' id='word_1_187' title='bbox 484 1693 606 1721; x_wconf 86' lang='lat' dir='ltr'><strong>trema</strong></span> <span class='ocrx_word' id='word_1_188' title='bbox 625 1681 795 1734; x_wconf 87' lang='lat' dir='ltr'><strong>sequitur</strong></span> <span class='ocrx_word' id='word_1_189' title='bbox 815 1679 1119 1732; x_wconf 79' lang='lat' dir='ltr'><strong>comprehensio,</strong></span> <span class='ocrx_word' id='word_1_190' title='bbox 1151 1679 1213 1718; x_wconf 93' lang='lat' dir='ltr'><strong>sed</strong></span> <span class='ocrx_word' id='word_1_191' title='bbox 1233 1694 1280 1718; x_wconf 82' lang='lat' dir='ltr'><strong>ex</strong></span> <span class='ocrx_word' id='word_1_192' title='bbox 1300 1680 1449 1719; x_wconf 88' lang='lat' dir='ltr'><strong>duobus</strong></span> <span class='ocrx_word' id='word_1_193' title='bbox 1472 1680 1671 1725; x_wconf 88' lang='lat' dir='ltr'><strong>membris,</strong></span> <span class='ocrx_word' id='word_1_194' title='bbox 1703 1693 1780 1733; x_wconf 87' lang='lat' dir='ltr'><strong>qua</strong></span> <span class='ocrx_word' id='word_1_195' title='bbox 1807 1693 1887 1718; x_wconf 89' lang='lat' dir='ltr'><strong>non</strong></span> 
     </span>
     <span class='ocr_line' id='line_1_24' title="bbox 484 1745 1887 1802; baseline -0.001 -15"><span class='ocrx_word' id='word_1_196' title='bbox 484 1748 607 1802; x_wconf 89' lang='lat' dir='ltr'><strong>potest</strong></span> <span class='ocrx_word' id='word_1_197' title='bbox 626 1747 695 1786; x_wconf 88' lang='lat' dir='ltr'><strong>esse</strong></span> <span class='ocrx_word' id='word_1_198' title='bbox 716 1747 879 1792; x_wconf 83' lang='lat' dir='ltr'><strong>brevior,</strong></span> <span class='ocrx_word' id='word_1_199' title='bbox 911 1748 1033 1798; x_wconf 75' lang='lat' dir='ltr'><strong>Qem,</strong></span> <span class='ocrx_word' id='word_1_200' title='bbox 1057 1748 1180 1799; x_wconf 65' lang='lat' dir='ltr'><strong>quast,</strong></span> <span class='ocrx_word' id='word_1_201' title='bbox 1211 1745 1364 1799; x_wconf 54' lang='lat' dir='ltr'><strong>nostrzssm</strong></span> <span class='ocrx_word' id='word_1_202' title='bbox 1378 1747 1532 1799; x_wconf 55' lang='lat' dir='ltr'><strong>fifidfft,</strong></span> <span class='ocrx_word' id='word_1_203' title='bbox 1564 1747 1618 1785; x_wconf 85' lang='lat' dir='ltr'><strong>ita</strong></span> <span class='ocrx_word' id='word_1_204' title='bbox 1637 1761 1699 1785; x_wconf 77' lang='lat' dir='ltr'><strong>vos</strong></span> <span class='ocrx_word' id='word_1_205' title='bbox 1719 1745 1778 1799; x_wconf 74' lang='lat' dir='ltr'><strong>effi</strong></span> <span class='ocrx_word' id='word_1_206' title='bbox 1792 1746 1887 1799; x_wconf 70' lang='lat' dir='ltr'><strong>filc-</strong></span> 
     </span>
     <span class='ocr_line' id='line_1_25' title="bbox 485 1815 623 1854; baseline -0.007 0"><span class='ocrx_word' id='word_1_207' title='bbox 485 1825 586 1854; x_wconf 84' lang='lat' dir='ltr'><strong>turos</strong></span> <span class='ocrx_word' id='word_1_208' title='bbox 603 1815 623 1853; x_wconf 63' lang='grc' dir='ltr'><strong>,ἲ</strong></span> 
     </span>
    </p>

    <p class='ocr_par' dir='ltr' id='par_1_5' title="bbox 482 1878 1942 2526">
     <span class='ocr_line' id='line_1_26' title="bbox 541 1878 1887 1935; baseline -0.002 -16"><span class='ocrx_word' id='word_1_209' title='bbox 541 1881 627 1935; x_wconf 85' lang='lat' dir='ltr'><strong>Nec</strong></span> <span class='ocrx_word' id='word_1_210' title='bbox 662 1880 788 1918; x_wconf 87' lang='lat' dir='ltr'><strong>ullum</strong></span> <span class='ocrx_word' id='word_1_211' title='bbox 809 1892 929 1931; x_wconf 79' lang='lat' dir='ltr'><strong>genus</strong></span> <span class='ocrx_word' id='word_1_212' title='bbox 959 1879 1011 1916; x_wconf 87' lang='lat' dir='ltr'><strong>est</strong></span> <span class='ocrx_word' id='word_1_213' title='bbox 1043 1878 1195 1916; x_wconf 88' lang='lat' dir='ltr'><strong>dicendi</strong></span> <span class='ocrx_word' id='word_1_214' title='bbox 1216 1888 1281 1917; x_wconf 81' lang='lat' dir='ltr'><strong>aut</strong></span> <span class='ocrx_word' id='word_1_215' title='bbox 1301 1879 1455 1923; x_wconf 88' lang='lat' dir='ltr'><strong>melius,</strong></span> <span class='ocrx_word' id='word_1_216' title='bbox 1488 1888 1553 1917; x_wconf 88' lang='lat' dir='ltr'><strong>aut</strong></span> <span class='ocrx_word' id='word_1_217' title='bbox 1586 1879 1739 1923; x_wconf 85' lang='lat' dir='ltr'><strong>fortius,</strong></span> <span class='ocrx_word' id='word_1_218' title='bbox 1770 1879 1887 1923; x_wconf 87' lang='lat' dir='ltr'><strong>binis,</strong></span> 
     </span>
     <span class='ocr_line' id='line_1_27' title="bbox 482 1945 1888 1998; baseline -0.002 -13"><span class='ocrx_word' id='word_1_219' title='bbox 482 1955 548 1985; x_wconf 86' lang='lat' dir='ltr'><strong>aut</strong></span> <span class='ocrx_word' id='word_1_220' title='bbox 579 1946 694 1984; x_wconf 85' lang='lat' dir='ltr'><strong>ternis</strong></span> <span class='ocrx_word' id='word_1_221' title='bbox 726 1945 839 1983; x_wconf 87' lang='lat' dir='ltr'><strong>ferire</strong></span> <span class='ocrx_word' id='word_1_222' title='bbox 859 1945 998 1990; x_wconf 86' lang='lat' dir='ltr'><strong>verbis,</strong></span> <span class='ocrx_word' id='word_1_223' title='bbox 1030 1959 1311 1997; x_wconf 86' lang='lat' dir='ltr'><strong>nonnunquam</strong></span> <span class='ocrx_word' id='word_1_224' title='bbox 1333 1945 1509 1997; x_wconf 73' lang='lat' dir='ltr'><strong>singulis,</strong></span> <span class='ocrx_word' id='word_1_225' title='bbox 1538 1946 1653 1998; x_wconf 89' lang='lat' dir='ltr'><strong>paulo</strong></span> <span class='ocrx_word' id='word_1_226' title='bbox 1687 1946 1776 1984; x_wconf 83' lang='lat' dir='ltr'><strong>alias</strong></span> <span class='ocrx_word' id='word_1_227' title='bbox 1797 1945 1888 1997; x_wconf 85' lang='lat' dir='ltr'><strong>plu·-</strong></span> 
     </span>
     <span class='ocr_line' id='line_1_28' title="bbox 485 2010 1889 2064; baseline -0.001 -14"><span class='ocrx_word' id='word_1_228' title='bbox 485 2013 589 2051; x_wconf 86' lang='lat' dir='ltr'><strong>ribus</strong></span> <span class='ocrx_word' id='word_1_229' title='bbox 606 2031 617 2058; x_wconf 87' lang='lat'>;</span> <span class='ocrx_word' id='word_1_230' title='bbox 663 2012 764 2049; x_wconf 89' lang='lat' dir='ltr'><strong>inter</strong></span> <span class='ocrx_word' id='word_1_231' title='bbox 797 2025 882 2064; x_wconf 78' lang='lat' dir='ltr'><strong>quae</strong></span> <span class='ocrx_word' id='word_1_232' title='bbox 916 2011 1026 2049; x_wconf 81' lang='lat' dir='ltr'><strong>variis</strong></span> <span class='ocrx_word' id='word_1_233' title='bbox 1060 2011 1239 2049; x_wconf 86' lang='lat' dir='ltr'><strong>clausulis</strong></span> <span class='ocrx_word' id='word_1_234' title='bbox 1269 2011 1481 2063; x_wconf 88' lang='lat' dir='ltr'><strong>interponit</strong></span> <span class='ocrx_word' id='word_1_235' title='bbox 1514 2010 1549 2048; x_wconf 88' lang='lat' dir='ltr'><strong>se</strong></span> <span class='ocrx_word' id='word_1_236' title='bbox 1581 2023 1663 2049; x_wconf 85' lang='lat' dir='ltr'><strong>raro</strong></span> <span class='ocrx_word' id='word_1_237' title='bbox 1690 2010 1889 2049; x_wconf 88' lang='lat' dir='ltr'><strong>numerosa</strong></span> 
     </span>
     <span class='ocr_line' id='line_1_29' title="bbox 485 2075 1887 2131; baseline -0.001 -15"><span class='ocrx_word' id='word_1_238' title='bbox 485 2076 802 2131; x_wconf 73' lang='lat' dir='ltr'><strong>comprehensio,</strong></span> <span class='ocrx_word' id='word_1_239' title='bbox 834 2091 952 2129; x_wconf 85' lang='lat' dir='ltr'><strong>quam</strong></span> <span class='ocrx_word' id='word_1_240' title='bbox 984 2076 1151 2129; x_wconf 87' lang='lat' dir='ltr'><strong>perverse</strong></span> <span class='ocrx_word' id='word_1_241' title='bbox 1178 2075 1329 2129; x_wconf 85' lang='lat' dir='ltr'><strong>fugiens</strong></span> <span class='ocrx_word' id='word_1_242' title='bbox 1352 2076 1546 2128; x_wconf 85' lang='lat' dir='ltr'><strong>Hegefias,</strong></span> <span class='ocrx_word' id='word_1_243' title='bbox 1578 2076 1673 2115; x_wconf 88' lang='lat' dir='ltr'><strong>dum</strong></span> <span class='ocrx_word' id='word_1_244' title='bbox 1694 2076 1758 2113; x_wconf 90' lang='lat' dir='ltr'><strong>ille</strong></span> <span class='ocrx_word' id='word_1_245' title='bbox 1787 2090 1887 2128; x_wconf 89' lang='lat' dir='ltr'><strong>quo-</strong></span> 
     </span>
     <span class='ocr_line' id='line_1_30' title="bbox 487 2140 1887 2196; baseline 0 -16"><span class='ocrx_word' id='word_1_246' title='bbox 487 2157 563 2196; x_wconf 84' lang='lat' dir='ltr'><strong>que</strong></span> <span class='ocrx_word' id='word_1_247' title='bbox 596 2143 738 2180; x_wconf 83' lang='lat' dir='ltr'><strong>imitari</strong></span> <span class='ocrx_word' id='word_1_248' title='bbox 773 2143 924 2193; x_wconf 79' lang='lat' dir='ltr'><strong>Lysiam</strong></span> <span class='ocrx_word' id='word_1_249' title='bbox 959 2143 1058 2187; x_wconf 91' lang='lat' dir='ltr'><strong>vult,</strong></span> <span class='ocrx_word' id='word_1_250' title='bbox 1089 2142 1251 2180; x_wconf 85' lang='lat' dir='ltr'><strong>alterum</strong></span> <span class='ocrx_word' id='word_1_251' title='bbox 1286 2155 1382 2194; x_wconf 90' lang='lat' dir='ltr'><strong>pene</strong></span> <span class='ocrx_word' id='word_1_252' title='bbox 1416 2140 1734 2186; x_wconf 81' lang='lat' dir='ltr'><strong>Demosthenem,</strong></span> <span class='ocrx_word' id='word_1_253' title='bbox 1766 2141 1887 2188; x_wconf 86' lang='lat' dir='ltr'><strong>saltat,</strong></span> 
     </span>
     <span class='ocr_line' id='line_1_31' title="bbox 487 2193 1942 2261; baseline -0.001 -14"><span class='ocrx_word' id='word_1_254' title='bbox 487 2208 661 2247; x_wconf 83' lang='lat' dir='ltr'><strong>incidens</strong></span> <span class='ocrx_word' id='word_1_255' title='bbox 695 2208 926 2261; x_wconf 89' lang='lat' dir='ltr'><strong>particulas:</strong></span> <span class='ocrx_word' id='word_1_256' title='bbox 958 2216 996 2246; x_wconf 90' lang='lat' dir='ltr'><strong>et</strong></span> <span class='ocrx_word' id='word_1_257' title='bbox 1021 2208 1053 2245; x_wconf 90' lang='lat' dir='ltr'><strong>is</strong></span> <span class='ocrx_word' id='word_1_258' title='bbox 1075 2207 1233 2259; x_wconf 88' lang='lat' dir='ltr'><strong>quidem</strong></span> <span class='ocrx_word' id='word_1_259' title='bbox 1265 2220 1342 2246; x_wconf 87' lang='lat' dir='ltr'><strong>non</strong></span> <span class='ocrx_word' id='word_1_260' title='bbox 1375 2208 1506 2246; x_wconf 89' lang='lat' dir='ltr'><strong>minus</strong></span> <span class='ocrx_word' id='word_1_261' title='bbox 1527 2207 1721 2247; x_wconf 86' lang='lat' dir='ltr'><strong>sententiis</strong></span> <span class='ocrx_word' id='word_1_262' title='bbox 1741 2217 1888 2261; x_wconf 89' lang='lat' dir='ltr'><strong>peccat,</strong></span> <span class='ocrx_word' id='word_1_263' title='bbox 1938 2193 1942 2195; x_wconf 96' lang='lat'>.</span> 
     </span>
     <span class='ocr_line' id='line_1_32' title="bbox 489 2274 1890 2327; baseline 0.001 -15"><span class='ocrx_word' id='word_1_264' title='bbox 489 2288 606 2327; x_wconf 85' lang='lat' dir='ltr'><strong>quam</strong></span> <span class='ocrx_word' id='word_1_265' title='bbox 627 2274 748 2312; x_wconf 87' lang='lat' dir='ltr'><strong>verbis</strong></span> <span class='ocrx_word' id='word_1_266' title='bbox 767 2292 778 2318; x_wconf 68' lang='grc' dir='ltr'><strong><em>ς</em></strong></span> <span class='ocrx_word' id='word_1_267' title='bbox 811 2283 854 2312; x_wconf 88' lang='lat' dir='ltr'><strong>ut</strong></span> <span class='ocrx_word' id='word_1_268' title='bbox 870 2287 947 2312; x_wconf 89' lang='lat' dir='ltr'><strong>non</strong></span> <span class='ocrx_word' id='word_1_269' title='bbox 968 2282 1123 2326; x_wconf 84' lang='lat' dir='ltr'><strong>quaerat‚</strong></span> <span class='ocrx_word' id='word_1_270' title='bbox 1145 2287 1264 2326; x_wconf 90' lang='lat' dir='ltr'><strong>quem</strong></span> <span class='ocrx_word' id='word_1_271' title='bbox 1280 2274 1445 2327; x_wconf 83' lang='lat' dir='ltr'><strong>appellet</strong></span> <span class='ocrx_word' id='word_1_272' title='bbox 1467 2274 1659 2326; x_wconf 90' lang='lat' dir='ltr'><strong>ineptum,</strong></span> <span class='ocrx_word' id='word_1_273' title='bbox 1687 2275 1754 2326; x_wconf 90' lang='lat' dir='ltr'><strong>qui</strong></span> <span class='ocrx_word' id='word_1_274' title='bbox 1774 2274 1890 2314; x_wconf 91' lang='lat' dir='ltr'><strong>illum</strong></span> 
     </span>
     <span class='ocr_line' id='line_1_33' title="bbox 489 2339 1887 2394; baseline 0 -14"><span class='ocrx_word' id='word_1_275' title='bbox 489 2340 726 2394; x_wconf 83' lang='lat' dir='ltr'><strong>cognoverit.</strong></span> <span class='ocrx_word' id='word_1_276' title='bbox 786 2339 858 2378; x_wconf 88' lang='lat' dir='ltr'><strong>Sed</strong></span> <span class='ocrx_word' id='word_1_277' title='bbox 887 2353 958 2393; x_wconf 89' lang='lat' dir='ltr'><strong>ego</strong></span> <span class='ocrx_word' id='word_1_278' title='bbox 992 2340 1057 2378; x_wconf 88' lang='lat' dir='ltr'><strong>illa</strong></span> <span class='ocrx_word' id='word_1_279' title='bbox 1078 2339 1209 2385; x_wconf 86' lang='lat' dir='ltr'><strong>Craffi,</strong></span> <span class='ocrx_word' id='word_1_280' title='bbox 1236 2350 1274 2380; x_wconf 90' lang='lat' dir='ltr'><strong>et</strong></span> <span class='ocrx_word' id='word_1_281' title='bbox 1304 2340 1427 2379; x_wconf 87' lang='lat' dir='ltr'><strong>nostra</strong></span> <span class='ocrx_word' id='word_1_282' title='bbox 1447 2340 1568 2394; x_wconf 89' lang='lat' dir='ltr'><strong>posui,</strong></span> <span class='ocrx_word' id='word_1_283' title='bbox 1601 2350 1643 2378; x_wconf 90' lang='lat' dir='ltr'><strong>ut</strong></span> <span class='ocrx_word' id='word_1_284' title='bbox 1664 2340 1730 2392; x_wconf 90' lang='lat' dir='ltr'><strong>qui</strong></span> <span class='ocrx_word' id='word_1_285' title='bbox 1758 2340 1887 2387; x_wconf 86' lang='lat' dir='ltr'><strong>vellet,</strong></span> 
     </span>
     <span class='ocr_line' id='line_1_34' title="bbox 490 2405 1888 2462; baseline 0 -18"><span class='ocrx_word' id='word_1_286' title='bbox 490 2406 644 2444; x_wconf 87' lang='lat' dir='ltr'><strong>auribus</strong></span> <span class='ocrx_word' id='word_1_287' title='bbox 664 2405 764 2459; x_wconf 88' lang='lat' dir='ltr'><strong>ipfis,</strong></span> <span class='ocrx_word' id='word_1_288' title='bbox 797 2405 892 2457; x_wconf 87' lang='lat' dir='ltr'><strong>quid</strong></span> <span class='ocrx_word' id='word_1_289' title='bbox 912 2405 1162 2446; x_wconf 87' lang='lat' dir='ltr'><strong>numerosum</strong></span> <span class='ocrx_word' id='word_1_290' title='bbox 1181 2406 1298 2446; x_wconf 87' lang='lat' dir='ltr'><strong>etiam</strong></span> <span class='ocrx_word' id='word_1_291' title='bbox 1317 2406 1357 2446; x_wconf 90' lang='lat' dir='ltr'><strong>in</strong></span> <span class='ocrx_word' id='word_1_292' title='bbox 1377 2407 1554 2446; x_wconf 87' lang='lat' dir='ltr'><strong>minimis</strong></span> <span class='ocrx_word' id='word_1_293' title='bbox 1576 2405 1772 2462; x_wconf 82' lang='lat' dir='ltr'><strong>particulis</strong></span> <span class='ocrx_word' id='word_1_294' title='bbox 1803 2419 1888 2445; x_wconf 80' lang='lat' dir='ltr'><strong>ora-</strong></span> 
     </span>
     <span class='ocr_line' id='line_1_35' title="bbox 492 2471 949 2526; baseline 0 -14"><span class='ocrx_word' id='word_1_295' title='bbox 492 2473 608 2514; x_wconf 83' lang='lat' dir='ltr'><strong>tionis</strong></span> <span class='ocrx_word' id='word_1_296' title='bbox 629 2472 730 2519; x_wconf 76' lang='lat' dir='ltr'><strong>esset,</strong></span> <span class='ocrx_word' id='word_1_297' title='bbox 746 2471 949 2526; x_wconf 86' lang='lat' dir='ltr'><strong>judicaret.</strong></span> 
     </span>
    </p>
   </div>
  </div>
 </body>
</html>
