2176 2912
422 193 496 247 518
806 188 1441 229 ORATORIAE

413 301 461 325 ex
480 286 539 324 his
562 284 762 329 efficietur,
795 284 821 322 fi
841 284 880 323 id
903 293 1078 337 apertum
1109 282 1167 327 fit,
1205 296 1282 321 non
1303 280 1536 325 habebimus
1558 281 1700 322 neceffe
1721 282 1822 322 sem-

413 368 479 407 per
500 351 742 391 concludere.

469 418 581 457 XIV.
615 418 788 456 F1L1us.
831 416 970 468 Qid?
1015 415 1093 460 illa,
1128 429 1212 468 quae
1249 415 1325 454 fine
1345 423 1422 452 arte
1450 414 1703 467 appellantur,
1740 429 1825 467 quae

408 484 644 537 jamdudum
661 483 847 541 affumpta
861 482 1002 530 dixisti,
1017 495 1232 533 ecquonam
1250 481 1380 525 modO,
1401 495 1617 534 ecquonam
1636 481 1723 519 loco
1737 481 1826 518 artis

415 551 618 604 indigent?
652 551 828 588 PATER.
854 549 926 601 Illa
945 562 1033 588 vero
1054 548 1256 600 indigent:
1281 560 1349 585 nec
1370 547 1415 585 eo
1437 548 1621 586 dicuntur
1638 547 1713 584 fine
1733 557 1824 592 arte,
1853 551 1857 553 “

415 617 520 670 quod
554 618 607 654 ita
641 616 740 659 sunt,
776 615 837 652 sed
859 614 964 666 quod
985 627 1026 650 ea
1047 627 1123 651 non
1145 614 1244 666 parit
1275 613 1433 660 oratoris
1455 626 1526 657 ars,
1562 612 1624 651 sed
1656 613 1749 651 foris
1779 613 1826 651 ad

413 684 449 722 se
469 683 605 726 delata,
643 691 771 719 tamen
802 690 879 717 arte
912 681 1057 723 tranat,
1089 688 1126 716 et
1157 679 1326 717 maxime
1360 679 1400 717 in
1423 679 1594 717 testibus.
1647 680 1755 718 Nam
1777 679 1823 717 de

416 759 498 787 toto
532 762 668 801 genere
708 746 875 790 testium,
912 744 1031 798 quiin]
1072 745 1110 783 id
1146 745 1190 783 sit
1230 745 1448 790 infirmum,
1488 745 1583 799 saepe
1618 745 1828 784 dicendum

416 816 468 855 est
486 831 494 854 :
528 826 564 853 et
584 823 810 867 argumenta
841 827 967 852 rerum
988 812 1059 852 effe
1083 812 1262 865 propria3
1295 812 1526 857 testimonia,
1548 813 1796 851 voluntatum
1814 827 1824 850 ε

416 882 686 934 utendumque
706 880 758 918 est
778 879 982 932 exemplis,
1019 879 1161 931 quibus
1193 878 1350 917 testibus
1372 879 1563 927 creditum
1584 893 1662 917 non
1684 879 1755 923 fit;
1789 888 1828 917 et

420 949 465 987 de
500 947 657 1000 singulis
694 946 867 991 testibus,
897 946 923 984 fi
948 946 1081 983 naturai
1102 946 1201 990 vani,
1240 945 1264 983 fi
1287 946 1399 990 leves,
1438 945 1463 983 fi
1484 959 1576 984 cum
1597 946 1827 999 ignominia,

418 1015 443 1053 fi
466 1014 542 1066 spe,
576 1014 602 1051 fi
624 1022 745 1056 metu,
782 1012 808 1050 fi
841 1012 1050 1056 iracundia,
1084 1011 1109 1049 fi
1131 1011 1390 1050 misericordia
1409 1011 1579 1064 impulsi,
1606 1012 1631 1050 s1
1651 1011 1826 1064 praemio,

416 1081 442 1119 fi
463 1080 583 1133 gratia
603 1079 756 1117 adducti
770 1096 781 1122 ;
814 1078 1142 1130 comparandique
1173 1077 1364 1130 superiore
1385 1091 1479 1116 cum
1498 1079 1721 1116 auctoritate
1752 1077 1828 1115 tes-

416 1148 531 1191 tium,
569 1146 709 1198 quibus
732 1154 860 1183 tamen
882 1145 1072 1183 creditum
1104 1158 1182 1182 non
1201 1144 1260 1182 fit.
1321 1145 1426 1197 Saepe
1460 1145 1577 1183 etiam
1604 1143 1827 1197 quaestioni-

418 1214 489 1252 bus
511 1211 757 1251 resistendum
778 1211 844 1255 est,
862 1210 969 1263 quod
989 1220 1025 1249 et
1043 1211 1217 1249 dolorem
1237 1209 1429 1264 fugientes
1452 1211 1570 1249 multi
1591 1211 1632 1249 in
1655 1219 1828 1249 tormen-

420 1281 466 1318 tis
494 1279 673 1317 ementiti
707 1277 869 1331 persaepe
902 1277 1002 1323 sunt,
1036 1278 1213 1330 morique
1240 1277 1460 1316 maluerunt
1493 1276 1633 1316 falsum
1654 1276 1826 1324 fatendo,

416 1360 536 1399 quam
557 1345 773 1389 infitiando,
802 1344 942 1383 dolere.
993 1344 1118 1387 Multi
1139 1344 1257 1382 etiam
1277 1344 1383 1382 suam
1410 1344 1530 1382 vitam
1562 1344 1829 1398 neglexerunt,

419 1423 461 1451 ut
482 1426 558 1457 eos,
590 1412 659 1464 qui
679 1411 739 1449 his
761 1411 936 1456 cariores,
968 1424 1086 1463 quam
1114 1410 1181 1463 ipsi
1213 1411 1281 1449 fibi
1313 1410 1442 1457 effent,
1465 1411 1684 1449 liberarent.
1744 1411 1828 1450 Alii

418 1488 547 1517 autem
583 1487 648 1515 aut
669 1487 801 1515 natura
821 1477 1007 1530 corporis,
1038 1486 1103 1516 aut
1134 1477 1410 1517 consuetudine
1430 1477 1601 1523 dolendi,
1634 1486 1700 1514 aut
1720 1486 1830 1516 metu

418 1545 611 1598 supplicii,
634 1555 698 1582 aut
720 1544 869 1588 mortis,
893 1544 973 1582 vim
996 1552 1280 1582 tormentorum
1301 1544 1554 1596 pertulerunt.
1587 1544 1670 1582 Alii
1690 1557 1826 1582 emen-

418 1612 480 1650 titi
501 1611 586 1649 sunt
607 1611 647 1648 in
678 1624 754 1655 eos,
788 1623 883 1663 quos
905 1609 1077 1663 oderant.
1137 1611 1270 1663 Atque
1302 1608 1384 1649 haec
1416 1609 1605 1663 exemplis
1640 1609 1828 1649 firmanda

418 1678 517 1728 sunt.
578 1677 719 1731 Neque
750 1676 803 1715 est
836 1675 1057 1720 obscurum,
1089 1676 1184 1728 quin
1222 1676 1424 1728 (quoniam
1455 1677 1496 1715 in
1533 1685 1696 1728 utraque
1722 1685 1830 1730 parte

419 1745 505 1783 sunt
535 1731 725 1796 exem-pla,
758 1752 795 1780 et
829 1743 924 1782 item
954 1742 1000 1782 ad
1036 1744 1297 1796 conjecturam
1317 1741 1533 1782 faciendam
1552 1742 1645 1795 loci)
1670 1743 1711 1781 in
1731 1755 1828 1790 con-

420 1810 542 1848 trariis
563 1809 751 1848 contraria
771 1809 843 1848 fint
863 1808 1059 1848 sumenda.
1088 1810 1222 1860 Atque
1242 1808 1360 1848 etiam
1381 1808 1544 1847 incurrit
1564 1808 1636 1848 alia
1652 1808 1829 1860 quaedam

420 1877 459 1915 in
481 1876 652 1921 testibus,
689 1885 727 1914 et
758 1876 797 1913 in
819 1875 1089 1930 quaestionibus
1112 1876 1220 1915 ratio,
1282 1878 1385 1930 Saepe
1413 1876 1519 1914 enim
1540 1889 1596 1920 ea,
1624 1889 1711 1928 quae
1730 1875 1829 1914 dieta

419 1943 519 1988 sunt,
553 1937 579 1981 fi
614 1952 678 1981 aut
698 1943 892 1996 ambigue,
928 1952 993 1981 aut
1018 1943 1288 1989 inconstanter,
1316 1952 1382 1980 aut
1416 1942 1694 1983 incredibiliter
1728 1942 1829 1981 difta

416 2009 517 2054 sunt,
540 2018 603 2048 aut
625 2009 741 2048 etiam
762 2009 870 2048 aliter
890 2009 936 2048 ab
958 2009 1032 2049 alio
1053 2010 1166 2054 dieta,
1189 2009 1378 2048 subtiliter
1399 2007 1746 2062 reprehenduntur.

473 2077 564 2115 XV.
597 2077 770 2115 Funus.
792 2078 979 2115 Extrema
999 2077 1070 2115 tibi
1091 2090 1175 2130 pars
1197 2076 1305 2115 restat
1325 2076 1520 2122 orationis,
1544 2089 1628 2128 quae
1648 2075 1767 2128 pofita
1786 2075 1828 2115 in

419 2142 628 2196 perorando
658 2142 724 2187 est,
758 2143 803 2181 de
824 2156 899 2195 qua
920 2143 1003 2181 sane
1035 2143 1152 2181 velim
1166 2143 1316 2194 laudire.
1378 2143 1555 2181 PATER.
1590 2142 1757 2181 Facilior
1777 2142 1829 2182 est

419 2208 626 2262 explicatio
647 2208 910 2261 perorationis,
944 2209 1050 2247 Nam
1071 2208 1123 2247 cst
1142 2208 1259 2249 divisa
1278 2208 1318 2246 in
1339 2207 1430 2248 duas
1452 2218 1588 2262 partes,
1611 2208 1827 2262 amplifica-

421 2275 569 2313 tionem
601 2283 638 2313 et
658 2274 1000 2313 enumerationem.
1051 2274 1234 2327 Augendi
1254 2283 1383 2313 autem
1414 2283 1452 2313 et
1482 2273 1547 2314 hic
1568 2273 1620 2313 est
1651 2274 1828 2329 proprius

419 2340 528 2379 locus
564 2340 603 2378 in
623 2341 858 2394 perorando5
891 2340 1003 2395 et'in
1031 2340 1142 2379 cursu
1174 2339 1255 2394 ipso
1275 2341 1456 2380 orationis
1479 2340 1751 2389 declinationes
1783 2341 1829 2386 ad

420 2405 740 2460 amplificandum
775 2406 926 2451 dantur,
960 2406 1187 2446 confirmata
1222 2420 1260 2446 re
1307 2407 1448 2461 aliqua,
1489 2416 1554 2446 aut
1593 2406 1828 2462 reprehensa.

421 2472 489 2512 Est
523 2472 641 2527 igitur
673 2471 924 2527 amplificatio
959 2473 1107 2526 gravior
1139 2473 1316 2527 quaedam
1344 2473 1564 2520 affirmatio,
1598 2487 1683 2527 quae
1717 2481 1830 2512 motu

420 2539 641 2580 animorum
669 2539 852 2579 conciliet
871 2540 911 2579 in
932 2539 1096 2579 dicendo
1127 2539 1259 2580 fidem.
1320 2541 1376 2580 Ea
1397 2549 1434 2580 et
1454 2542 1660 2580 verborum
1690 2551 1828 2594 genere
