2176 2912
411 269 460 310 88
717 270 820 308 DE
892 269 1508 310 INVENTIONE

408 362 552 416 quibus
571 370 659 401 ante
680 362 828 401 dictum
848 364 900 403 est
918 380 926 403 ε
959 375 996 404 et
1016 378 1108 403 cum
1123 377 1170 403 ex
1197 364 1368 417 fingulis,
1390 373 1476 402 tum
1503 377 1550 402 ex
1575 364 1806 416 conjunctis,

372 422 375 424 ¹
409 438 635 482 argumenta
653 438 755 467 certa
774 430 984 470 nascentur.
1045 432 1226 483 Qorum
1258 440 1575 483 argumentorum
1606 445 1689 483 pars
1715 445 1806 483 pro-

411 497 545 541 babili,
576 509 660 548 pars
681 496 882 535 necefl'ario
902 498 942 536 in
962 511 1111 551 genere,
1135 497 1356 536 versabitur.
1388 498 1593 535 Accedunt
1613 507 1741 535 autem
1762 498 1808 535 ad

410 564 671 614 conjecturam
680 562 773 614 saepe
786 564 1023 614 quaestiones,
1034 564 1262 608 testimonia,
1277 577 1466 601 rumores:
1483 578 1567 616 quae
1575 573 1705 602 contra
1717 577 1803 602 om-

409 629 474 667 nia
493 638 654 681 uterque
670 629 785 666 simili
801 630 860 666 via
875 640 1153 683 praeceptorum
1168 640 1341 681 torquere
1353 630 1399 668 ad
1412 630 1483 668 suae
1497 631 1614 668 causae
1627 644 1806 668 commo-

410 693 508 732 dum
528 693 697 732 debebit.
730 694 837 732 Nam
853 704 892 732 et
911 708 957 732 ex
976 694 1180 746 quaestione
1200 694 1428 746 suspiciones
1448 703 1486 732 et
1505 708 1552 732 ex
1573 694 1805 738 testimonio,

409 769 448 797 et
468 773 514 798 ex
534 773 688 797 rumore
705 759 848 811 aliquo,
866 761 946 812 pari
958 760 1120 804 ratione,
1136 768 1178 797 ut
1197 772 1244 798 ex
1264 759 1385 804 causa,
1399 769 1437 798 et
1456 773 1502 798 ex
1522 760 1692 812 persona,
1710 770 1806 799 etex

408 825 522 870 fafito,
545 825 635 863 duci
655 826 863 877 oportebit.

463 894 593 944 Qare
611 892 722 929 nobis
743 901 781 930 et
801 893 828 929 ii
856 893 1034 931 videntur
1053 906 1187 938 errare,
1219 893 1287 946 qui
1307 892 1382 931 hoc
1399 906 1518 946 genus
1547 892 1806 945 suspicionum

407 958 557 996 artificii
581 971 657 995 non
677 967 814 1010 putant
837 959 1031 1011 indigere,
1052 969 1089 997 et
1109 959 1152 1004 ii,
1167 959 1234 1010 qui
1251 959 1359 996 aliter
1379 958 1454 997 hoc
1475 959 1521 996 de
1541 972 1679 1011 genere
1698 972 1740 997 ac
1761 959 1807 997 de

407 1024 517 1062 omni
537 1024 754 1075 conjectura
772 1024 1074 1077 praecipiendum
1103 1033 1253 1077 putant.
1306 1025 1448 1062 Omnis
1469 1025 1575 1062 enim
1606 1024 1739 1062 iisdem
1759 1038 1805 1063 ex

407 1090 501 1127 locis
522 1090 739 1141 conjeffitura
756 1089 939 1128 sumenda
959 1090 1024 1128 est.
1058 1091 1164 1128 Nam
1185 1100 1223 1127 et
1243 1091 1337 1142 ejus,
1359 1091 1428 1142 qui
1448 1090 1488 1128 in
1508 1089 1713 1141 quaestione
1732 1090 1804 1128 ali-

406 1156 502 1209 quid
522 1156 674 1200 dixerit,
705 1164 743 1192 et
763 1156 857 1207 ejus,
889 1156 957 1208 qui
978 1156 1017 1193 in
1039 1156 1274 1201 testimonio,
1303 1165 1341 1194 et
1371 1157 1484 1209 ipsius
1512 1157 1677 1193 rumoris
1698 1156 1806 1194 causa

405 1232 443 1260 et
463 1223 597 1261 veritas
625 1236 672 1260 ex
702 1222 838 1260 iisdem
858 1223 1174 1261 attributionibus
1196 1223 1415 1276 reperietur.
1467 1223 1592 1260 Omni
1613 1232 1743 1260 autem
1765 1222 1806 1260 in

405 1289 515 1327 causa
534 1302 617 1341 pars
637 1298 955 1341 argumentorum
975 1289 1028 1327 est
1058 1288 1234 1340 adjuncta
1253 1290 1288 1326 ei
1314 1279 1431 1326 ca⁰usae
1452 1287 1579 1325 solum
1599 1301 1684 1339 quae
1704 1288 1803 1326 dici-

403 1364 480 1399 tur,
501 1364 539 1392 et
558 1355 604 1392 ab
626 1354 702 1407 ipsa
716 1355 769 1391 ita
788 1355 913 1399 duCta,
932 1365 975 1392 ut
994 1356 1040 1393 ab
1057 1368 1099 1392 ea
1114 1355 1313 1407 separatim
1330 1355 1368 1392 in
1388 1367 1522 1392 omnes
1544 1354 1714 1406 ejusdem
1733 1368 1802 1407 ge-

404 1421 504 1458 neris
523 1420 647 1458 causas
670 1419 864 1458 transferri
888 1434 965 1459 non
988 1421 1072 1458 satis
1092 1421 1298 1459 commode
1324 1420 1462 1473 poffit:
1494 1433 1579 1472 pars
1604 1429 1735 1457 autem
1752 1420 1805 1458 est

404 1487 654 1539 pervagatior,
685 1495 724 1524 et
743 1495 807 1524 aut
828 1487 868 1524 in
888 1500 1022 1525 omnes
1054 1487 1225 1539 ejusdem
1255 1487 1419 1539 generis,
1451 1496 1515 1524 aut
1540 1487 1581 1524 in
1607 1486 1804 1538 plerasque

403 1553 543 1597 causas,
574 1552 878 1590 accommodata.
1386 1596 1389 1598 μ

457 1619 546 1656 XV.
570 1619 667 1656 Haec
683 1631 772 1669 ergo
785 1626 1023 1670 argumenta,
1041 1632 1125 1670 quae
1144 1617 1336 1656 transferri
1354 1618 1393 1656 in
1411 1618 1551 1656 multas
1569 1617 1694 1656 causas
1714 1618 1802 1671 pos-

404 1683 504 1728 sunt,
536 1684 640 1722 locos
674 1696 902 1721 communes
923 1684 1183 1722 nominamus.
1232 1684 1337 1722 Nam
1358 1684 1466 1722 locus
1487 1684 1709 1722 communis
1738 1693 1804 1722 aut

402 1760 514 1789 certae
534 1751 587 1788 rei
604 1750 796 1803 quandam
812 1751 985 1788 continet
1000 1750 1359 1803 amplificationem,
1382 1759 1424 1788 ut
1450 1751 1477 1788 s1
1493 1751 1579 1803 quis
1606 1750 1681 1788 hoc
1700 1751 1804 1789 volet

402 1817 610 1862 ostendere,
641 1830 743 1861 eum,
777 1817 845 1869 qui
880 1826 1075 1869 parentem
1103 1817 1260 1860 necarit,
1303 1816 1474 1854 maximo
1510 1816 1698 1869 supplicio
1732 1816 1803 1854 effe

402 1883 567 1936 dignum
583 1902 594 1928 ;
627 1897 704 1935 quo
725 1883 824 1927 loco,
855 1883 923 1920 nis1
945 1882 1116 1935 perorata
1135 1891 1172 1920 et
1191 1882 1350 1935 probata
1369 1881 1490 1927 causa,
1516 1896 1593 1920 non
1615 1882 1667 1920 est
1686 1892 1800 1921 uten-

402 1949 518 1993 dum3
536 1958 600 1987 aut
621 1949 760 1993 dubiae,
788 1963 872 2001 quae
892 1963 937 1986 ex
958 1949 1150 1987 contrario
1169 1961 1324 2001 quoque
1345 1947 1482 1986 habeat
1502 1948 1718 2000 probabiles
1740 1962 1800 1986 ra-

401 2015 523 2052 tiones
544 2015 860 2068 argumentandi3
893 2024 936 2052 ut
956 2015 1233 2067 suspicionibus
1254 2014 1357 2052 credi
1378 2023 1565 2066 oportere,
1593 2022 1631 2051 et
1651 2023 1797 2059 contra,

401 2080 678 2132 suspicionibus
700 2081 802 2119 credi
824 2094 901 2118 non
923 2089 1108 2132 oportere.

457 2149 515 2184 Ac
539 2161 621 2199 pars
639 2148 814 2185 locorum
835 2146 1109 2185 communium
1130 2155 1194 2184 aut
1218 2160 1285 2198 per
1304 2145 1626 2199 indignationem,
1649 2153 1713 2182 aut
1733 2159 1799 2197 per

399 2214 729 2266 conquestionem,
749 2214 969 2258 inducitur;
1002 2213 1048 2251 de
1069 2213 1210 2265 quibus
1231 2222 1317 2251 ante
1333 2214 1480 2251 dictum
1501 2212 1577 2251 est:
1609 2225 1707 2265 pars,
1731 2225 1799 2264 per

399 2280 569 2332 aliquam
590 2280 832 2332 probabilem
853 2289 1013 2331 utraque
1032 2293 1078 2317 ex
1094 2289 1198 2331 parte
1220 2279 1420 2318 rationem.

456 2345 719 2397 Distinguitur
748 2355 878 2383 autem
900 2346 1020 2383 oratio
1047 2354 1161 2397 atque
1180 2345 1389 2383 illustratur
1409 2345 1592 2389 maxime,
1625 2357 1707 2381 raro
1734 2344 1796 2382 in-

398 2412 583 2450 ducendis
605 2412 697 2449 locis
725 2412 1017 2456 communibus,
1050 2421 1087 2449 et
1107 2412 1238 2464 aliquo
1266 2411 1353 2449 loco
1367 2413 1451 2463 jam
1472 2411 1698 2449 certioribus
1719 2411 1796 2449 illis

397 2478 634 2531 argumentiS
651 2478 902 2517 confirmatis.
936 2479 1041 2516 Nam
1059 2487 1096 2516 et
1110 2487 1195 2516 tum
1208 2478 1432 2516 conceditur
1450 2491 1660 2517 commune
1679 2477 1797 2529 quid-

397 2544 487 2586 dam
508 2543 645 2589 dicere,
665 2557 757 2582 cum
778 2543 982 2597 diligenter
1002 2544 1140 2597 aliquis
1156 2544 1332 2597 proprius
1353 2543 1469 2582 causae
1490 2544 1597 2582 locus
1619 2545 1795 2582 tractatus
