2176 2912
457 244 536 280 422
903 227 1435 267 ORATOR.

457 325 643 376 aliquem,
676 335 695 359 e
730 336 809 374 quo
852 321 1146 360 similitudinem
1181 321 1364 365 duceret;
1415 320 1476 360 sed
1510 320 1624 373 ipsius
1660 322 1699 360 in
1741 331 1872 361 mente

458 389 642 428 insidebat
676 388 816 442 species
845 386 1147 441 pulchritudinis
1170 388 1313 426 eximia
1339 387 1529 439 quaedam,
1561 401 1679 440 quam
1701 388 1875 435 intuens,

459 459 499 495 in
520 470 639 509 eaque
660 456 823 500 defixus,
852 455 897 493 ad
918 455 1021 493 illius
1054 454 1349 493 fimilitudinem
1377 463 1498 492 artem
1519 465 1555 493 et
1581 469 1743 494 manum
1775 455 1869 494 diri-

459 524 585 578 gebat.

516 591 589 630 ΙΙΙ.
623 591 680 627 Ut
712 590 829 641 igitur
856 590 895 626 in
932 587 1067 626 formis
1102 595 1140 624 et
1169 587 1302 639 figuris
1337 587 1389 624 est
1419 587 1567 639 aliquid
1588 587 1804 640 perfectum
1834 598 1871 626 et

459 658 666 701 excellens,
700 658 810 707 cujus
846 655 893 693 ad
912 654 1121 706 cogitatam
1142 653 1307 706 speciem
1341 654 1531 692 imitando
1564 653 1781 693 referuntur
1814 669 1870 699 ea,

462 739 546 777 quse
581 724 648 761 sub
681 722 814 760 oculos
843 721 921 773 ipsa
951 720 1095 758 cadunt
1112 738 1124 765 3
1156 720 1205 757 fic
1236 719 1412 773 perfectae
1444 720 1675 772 eloquentiae
1705 721 1872 774 speciem

460 793 591 829 animo
612 789 802 831 videmus,
835 788 1007 840 effigiem
1028 787 1183 825 auribus
1205 787 1429 839 quaerimus.
1475 788 1557 826 Has
1579 801 1708 826 rerum
1728 786 1873 827 formas

461 857 626 911 appellat
647 856 740 895 ideas
760 855 825 893 ille
846 868 925 893 non
945 853 1189 907 intelligendi
1212 854 1351 899 solum,
1379 854 1440 892 sed
1461 855 1576 892 etiam
1597 854 1765 900 dicendi,
1785 868 1873 908 gra-

460 925 632 963 vitlimus
663 924 794 961 auelor
824 930 862 959 et
894 921 1086 974 magister,
1119 920 1256 966 Plato;
1288 920 1423 973 easque
1455 921 1567 974 gigni
1597 930 1723 974 negat,
1755 931 1793 960 et
1821 922 1874 960 ait

461 992 609 1044 semper
641 990 727 1034 effe,
759 1003 801 1027 ac
835 989 980 1027 ratione
1010 996 1048 1025 et
1074 987 1331 1040 intelligentia
1351 988 1540 1026 contineri
1557 1006 1568 1032 ;
1601 997 1736 1026 caetera
1754 987 1873 1032 nasci,

460 1058 649 1103 occidere,
672 1057 801 1101 fluere,
822 1055 914 1100 labi,
937 1068 1005 1093 nec
1027 1054 1172 1092 diutius
1194 1055 1264 1092 effe
1284 1068 1362 1092 uno
1382 1064 1420 1093 et
1438 1054 1575 1093 eodem
1594 1054 1704 1093 statu.
1739 1054 1871 1107 Qid-

460 1126 557 1178 quid
577 1125 629 1163 est
649 1125 781 1177 igitur,
801 1123 847 1161 de
867 1136 945 1175 quo
962 1122 1106 1160 ratione
1122 1130 1160 1159 et
1180 1121 1240 1159 via
1260 1121 1488 1174 disputetur,
1505 1122 1545 1160 id
1561 1121 1614 1159 est
1629 1121 1676 1159 ad
1693 1121 1874 1160 ultimam

462 1193 519 1231 sui
538 1192 688 1245 generis
709 1190 878 1228 formam
898 1188 1143 1241 speciemque
1163 1188 1432 1240 redigendum.

517 1261 577 1299 Ac
612 1258 737 1302 video,
768 1256 868 1294 hanc
899 1255 1067 1308 primam
1097 1254 1366 1307 ingressionem
1393 1269 1522 1293 meam
1552 1268 1631 1293 non
1665 1268 1712 1293 ex
1746 1263 1874 1294 orato-

462 1327 512 1365 ris
544 1324 868 1379 disputationibus
900 1323 1071 1367 ductam,
1103 1322 1166 1360 sed
1192 1336 1212 1360 e
1233 1323 1361 1361 media
1394 1321 1638 1376 philosophia
1657 1323 1874 1376 repetitam,

459 1404 499 1432 et
527 1407 613 1431 eam
640 1392 801 1445 quidem
830 1404 925 1429 cum
956 1390 1172 1442 antiquam,
1204 1399 1291 1428 tum
1322 1389 1611 1435 subobscuram,
1649 1398 1714 1432 aut
1745 1403 1876 1443 repre-

460 1460 654 1499 hensionis
681 1458 842 1511 aliquid,
873 1466 939 1496 aut
959 1466 1062 1495 certe
1082 1457 1359 1502 admirationis,
1388 1456 1623 1495 habituram.
1684 1457 1792 1495 Nam
1811 1465 1877 1495 aut

462 1528 721 1572 mirabuntur,
753 1525 849 1578 quid
869 1523 950 1563 haec
972 1525 1187 1577 pertineant
1207 1525 1253 1563 ad
1279 1538 1334 1570 ea,
1370 1539 1456 1577 quae
1476 1525 1699 1577 quaerimus,
1732 1524 1876 1577 quibus

463 1593 668 1632 satisfaciet
698 1606 755 1630 res
787 1591 865 1644 ipsa
891 1591 1058 1643 cognita,
1091 1600 1134 1628 ut
1162 1604 1240 1628 non
1273 1591 1347 1628 fine
1381 1590 1489 1628 causa
1522 1591 1596 1628 alte
1629 1591 1788 1642 repetita
1814 1590 1876 1628 vi-

462 1661 596 1699 deatur
613 1677 624 1704 ;
657 1668 722 1697 aut
742 1656 1037 1711 reprehendent,
1068 1656 1174 1708 quod
1204 1656 1398 1694 inufitatas
1428 1656 1505 1694 vias
1527 1656 1770 1709 indagemuS,
1804 1656 1877 1694 tri-

464 1736 519 1765 tas
541 1726 819 1778 relinquamus.
880 1724 967 1776 Ego
987 1732 1118 1760 autem
1139 1732 1177 1761 et
1196 1737 1259 1761 me
1286 1723 1380 1776 saepe
1399 1736 1497 1760 nova
1516 1723 1636 1761 videri
1657 1722 1783 1760 dicere
1812 1722 1877 1760 in-

463 1794 613 1846 telligo,
646 1805 737 1830 cum
757 1799 952 1844 pervetera
982 1789 1124 1835 dicam,
1161 1790 1223 1828 sed
1245 1790 1415 1828 inaudita
1434 1789 1649 1842 plerisque;
1677 1798 1715 1827 et
1739 1787 1874 1835 fateor,

463 1873 528 1898 me
547 1867 753 1902 oratorem,
784 1857 810 1895 fi
841 1856 959 1896 modo
985 1856 1070 1901 firn,
1101 1866 1166 1894 aut
1199 1856 1317 1894 etiam
1341 1856 1567 1909 quicunque
1600 1856 1685 1901 fim,
1719 1869 1797 1893 non
1830 1869 1878 1894 ex

465 1925 666 1964 rhetorum
687 1924 868 1968 officinis,
891 1922 951 1961 sed
972 1936 1019 1961 ex
1039 1923 1260 1961 Academiae
1277 1922 1420 1976 spatiis,
1453 1921 1629 1961 extitiffe.
1680 1921 1754 1960 Illa
1771 1922 1879 1960 enim

464 1993 551 2031 sunt
571 1992 761 2030 curricula
780 1989 1066 2043 multiplicium
1092 1990 1364 2042 variorumque
1397 1989 1635 2033 sermonum,
1672 1988 1712 2025 in
1734 1987 1878 2039 quibus

466 2059 637 2099 Platonis
658 2059 833 2112 primum
868 2056 1044 2110 imprefl‘a
1063 2056 1150 2095 sunt
1177 2056 1358 2109 vestigia;
1392 2055 1454 2093 sed
1482 2065 1519 2094 et
1546 2054 1679 2107 hujuS‚
1711 2062 1748 2092 et
1779 2054 1878 2092 alio-

466 2141 554 2165 rum
576 2124 903 2178 Philosophorum
925 2123 1247 2177 disputationibus
1281 2132 1319 2161 et
1352 2123 1563 2175 exagitatus
1590 2121 1760 2160 maxime
1790 2134 1877 2160 ora-

463 2203 526 2232 tor
545 2193 611 2238 est,
639 2202 677 2230 et
697 2193 862 2244 adjutus.
924 2190 1068 2228 Omnis
1093 2190 1200 2228 enim
1221 2189 1384 2234 ubertas,
1415 2198 1453 2227 et
1473 2189 1576 2242 quasi
1597 2189 1687 2227 silva
1707 2188 1876 2235 dicendi,
1906 2214 1908 2217 -

465 2260 579 2299 dueta
598 2258 645 2296 ab
666 2258 742 2296 illis
764 2257 829 2302 est,
866 2270 936 2295 nec
964 2256 1050 2294 satis
1083 2265 1210 2295 tamen
1238 2256 1417 2295 instructa
1447 2256 1493 2294 ad
1523 2254 1689 2294 forenses
1723 2255 1876 2302 causas;

465 2340 573 2380 quas,
607 2333 650 2363 ut
681 2324 740 2362 illi
775 2323 842 2377 ipfi
881 2324 1006 2361 dicere
1040 2323 1224 2368 solebant,
1256 2323 1522 2376 agrestioribus
1552 2322 1677 2362 Mufis
1708 2322 1876 2376 relique-

466 2403 569 2432 runt.
631 2393 692 2430 Sic
713 2391 932 2444 eloquentia
951 2390 1032 2429 haec
1059 2390 1217 2429 forenfis
1249 2391 1372 2444 spreta
1391 2404 1411 2429 a
1432 2389 1679 2444 Philosophis
1699 2399 1736 2429 et
1756 2403 1872 2444 repu-

465 2461 578 2506 diata,
615 2459 750 2498 multis
771 2459 931 2511 quidem
952 2458 1017 2496 illa
1045 2458 1278 2511 adjumentis
1300 2458 1525 2511 magnisque
1546 2457 1668 2496 caruit
1680 2476 1692 2502 3
1725 2456 1786 2495 sed
1818 2464 1877 2494 ta-

466 2541 557 2565 men
593 2535 725 2564 ornata
753 2526 878 2564 verbis
912 2535 1026 2578 atque
1057 2525 1267 2570 sententiis,
1297 2526 1547 2578 ja&ationem
1567 2524 1703 2563 habuit
1736 2524 1775 2562 in
1803 2536 1876 2576 po-

462 2593 572 2646 pulo,
595 2606 663 2632 nec
684 2606 897 2647 paucorum
911 2592 1111 2646 judicium
1130 2591 1540 2646 reprehensionemque
1560 2589 1778 2646 pertimuit.
1818 2590 1877 2628 Ita
