2176 2912
459 197 779 236 LIBER
855 197 1431 239 SECUNDUS.
1578 216 1652 256 105

252 290 470 342 redemptor
480 288 708 341 praebuisset,
723 288 883 341 capitale
895 289 984 328 effer
996 308 1008 335 3
1030 289 1170 329 hostias
1184 291 1229 336 is,
1245 291 1313 343 qui
1330 292 1552 337 redemerat,
1563 307 1655 333 cum

252 355 425 394 sacrificii
441 354 519 392 dies
539 353 707 399 instaret,
722 354 763 392 in
780 355 916 393 urbem
936 369 983 394 ex
1000 369 1091 408 agro
1106 358 1227 409 coepit
1246 370 1370 408 agere.
1403 359 1513 396 Tum
1530 358 1656 397 subito

250 421 401 472 magnis
421 420 631 458 commotis
657 420 945 473 tempestatibus
973 421 1111 460 fluvius
1133 423 1296 461 Eurotas
1324 422 1369 467 is,
1403 423 1471 474 qui
1501 432 1655 476 propter

252 486 572 524 Lacedaemonem
602 485 702 531 fluit,
734 487 786 523 ita
818 500 980 540 magnus
1013 497 1051 525 et
1071 487 1278 526 vehemens
1299 487 1420 526 faetus
1451 488 1518 532 est,
1549 497 1592 526 ut
1611 502 1657 526 eo

252 551 399 590 traduci
418 552 585 589 victimae
605 551 714 590 nullo
735 552 852 590 modo
873 552 1034 605 possent.
1078 554 1333 607 Redemptor,
1355 553 1428 592 suae
1447 553 1656 592 voluntatis

251 617 491 656 ostendendae
511 617 631 662 causa,
649 616 788 655 hostias
810 618 1010 657 constituit
1029 632 1164 657 omnes
1185 619 1226 658 in
1246 619 1372 663 litore,
1395 628 1451 663 ut,
1474 619 1542 671 qui
1557 629 1657 657 trans

251 683 399 723 fiumen
419 683 549 729 essent,
581 684 709 721 videre
728 683 888 736 possent.
950 686 1055 723 Cum
1075 699 1211 724 omnes
1238 685 1363 723 studio
1389 686 1470 737 ejus
1491 685 1658 723 subitam

252 750 427 788 fluminis
448 750 759 803 magnitudinem
780 750 919 789 scirent
943 750 1054 790 fuifl'e
1079 740 1374 804 impedimento,
1406 761 1536 790 tamen
1567 752 1658 804 qui-

253 816 343 854 dam
363 816 499 868 capitis
519 815 774 854 arceffierunt.
822 817 993 854 Intentio
1013 818 1079 862 est,
1111 817 1272 863 Hostiae,
1298 831 1391 870 quas
1413 817 1590 862 debuisti,
1612 817 1660 855 ad

253 881 484 920 sacrificium
502 881 638 934 praesto
658 895 735 919 non
755 880 927 920 fuerunt.
988 883 1173 936 Depulsio
1193 883 1259 928 est,
1277 883 1478 922 conceffio.
1524 884 1656 928 Ratio,

252 948 422 987 Flumen
442 948 548 986 enim
567 947 694 986 subito
710 949 888 993 accrevit,
905 958 943 987 et
957 962 1000 986 ea
1019 963 1058 987 re
1074 950 1222 988 traduci
1243 963 1320 987 non
1336 959 1560 1002 potuerunt.
1588 950 1656 987 In-

252 1014 420 1053 firmatio
440 1015 505 1060 est,
528 1016 696 1060 Tamen,
728 1016 929 1068 quoniam,
961 1016 1067 1068 quod
1086 1016 1149 1055 lex
1163 1017 1290 1068 jubet,
1323 1015 1470 1054 fadum
1491 1029 1570 1054 non
1589 1016 1657 1060 est,

253 1081 442 1134 supplicio
463 1081 602 1134 dignus
622 1095 675 1120 es.
726 1081 920 1133 Judicatio
938 1082 1003 1127 est,
1025 1083 1131 1120 Cum
1147 1083 1187 1120 in
1207 1096 1249 1120 ea
1268 1096 1307 1120 re
1328 1082 1547 1134 redemptor
1562 1095 1660 1120 con-

253 1156 312 1186 tra
330 1148 459 1199 legem
478 1148 626 1199 aliquid
645 1147 792 1192 fecerit,
811 1162 886 1200 qua
905 1149 946 1186 in
966 1162 1005 1186 re
1022 1148 1145 1187 studio
1161 1149 1242 1202 ejus
1259 1148 1384 1187 subita
1396 1147 1569 1187 fluminis
1587 1148 1660 1186 ob-

254 1212 393 1251 stiterit
413 1212 656 1265 magnitud0‚
678 1213 917 1266 supplicione
931 1214 1072 1266 dignus
1092 1215 1152 1253 fit.

311 1279 486 1316 XXXII.
519 1277 768 1316 Neceffitudo
788 1288 919 1317 autem
939 1278 1115 1324 infertur,
1137 1293 1230 1318 cum
1250 1280 1287 1317 vi
1309 1279 1475 1332 quadam
1499 1292 1582 1317 reus
1605 1279 1660 1323 id,

255 1344 361 1397 quod
381 1343 529 1388 fecerit,
558 1344 685 1382 fecisse
705 1343 938 1389 defenditur,
970 1344 1045 1383 hoc
1066 1346 1209 1390 modo;
1241 1347 1325 1383 Lex
1351 1345 1404 1382 est
1423 1345 1524 1398 apud
1545 1344 1660 1383 Rho-

256 1411 354 1456 dios,
384 1420 440 1455 ut,
479 1410 583 1462 fiqua
602 1410 757 1449 rostrata
790 1411 830 1448 in
851 1420 966 1463 portu
986 1411 1091 1449 navis
1125 1410 1357 1464 deprehensa
1389 1410 1447 1454 fit,
1480 1410 1659 1463 publice-

256 1485 333 1514 tur.
390 1477 495 1514 Cum
515 1489 656 1528 magna
675 1477 716 1514 in
736 1476 814 1514 alto
841 1477 1042 1529 tempestas
1063 1477 1165 1521 effet,
1197 1477 1252 1514 vis
1272 1484 1492 1521 ventorum,
1528 1476 1660 1514 invitis

254 1542 395 1587 nautis,
429 1541 679 1580 Rhodiorum
709 1542 751 1579 in
780 1551 940 1595 portum
971 1542 1101 1580 navim
1133 1542 1275 1594 coegit.
1325 1541 1500 1592 Qaestor
1529 1541 1661 1579 navim

255 1608 392 1661 populi
412 1617 536 1646 vocat.
579 1608 701 1646 Navis
722 1602 903 1646 dominus
925 1617 1038 1660 negat
1058 1607 1249 1660 publicari
1268 1616 1456 1660 oportere.
1490 1607 1663 1645 Intentio

255 1673 321 1719 est,
336 1673 511 1712 Rostrata
529 1674 634 1712 navis
653 1674 694 1712 in
706 1683 821 1727 portu
837 1673 1066 1726 deprehensa
1079 1674 1144 1712 est.
1174 1673 1360 1725 Depulfio
1376 1673 1442 1718 est,
1457 1673 1659 1712 conceffio.

258 1740 388 1785 Ratio,
417 1740 469 1777 Vi
489 1749 527 1778 et
546 1739 746 1778 neceffario
767 1739 898 1778 sumus
928 1740 967 1777 in
989 1749 1147 1792 portum
1175 1739 1310 1777 coaffi.
1357 1738 1572 1777 Infirmatio
1593 1739 1661 1782 est,

258 1805 405 1843 Navim
425 1819 471 1844 ex
491 1806 575 1857 lege
595 1816 724 1844 tamen
743 1807 879 1858 populi
909 1806 979 1844 effe
1010 1816 1175 1858 oportet.
1235 1805 1431 1856 Judicatio
1452 1805 1517 1850 est,
1556 1806 1662 1843 Cum

258 1870 454 1909 rostratam
485 1872 615 1908 navim
635 1872 674 1908 in
697 1880 812 1923 portu
843 1869 1116 1923 deprehensam
1146 1871 1209 1909 lex
1237 1872 1457 1924 publicarit,
1491 1884 1662 1922 cumque

258 1936 340 1975 haec
361 1937 479 1981 navis,
511 1937 642 1974 invitis
664 1937 803 1981 nautis,
836 1937 875 1974 vi
896 1936 1128 1989 tempestatis
1155 1937 1196 1974 in
1220 1946 1378 1989 portum
1401 1937 1572 1989 conjec'ta
1601 1937 1660 1982 sit,

259 2013 480 2056 oporteatne
499 2016 584 2040 earn
605 2003 810 2056 publicari.

307 2070 467 2108 Horum
497 2069 617 2107 trium
643 2083 829 2122 generum
853 2069 999 2108 idcirco
1030 2083 1152 2107 unum
1187 2070 1226 2107 in
1262 2070 1395 2107 Iocum
1421 2069 1661 2108 contulimus

259 2135 448 2188 exempla,
480 2135 585 2187 quod
605 2135 739 2172 similis
770 2136 811 2173 in
837 2149 879 2173 ea
898 2136 1104 2188 praeceptio
1135 2144 1452 2188 argumentorum
1483 2135 1659 2173 traditur.

259 2201 367 2240 Nam
393 2202 433 2239 in
454 2200 514 2239 his
541 2202 724 2239 omnibus
753 2202 941 2254 primum,
973 2202 998 2239 fi
1020 2202 1115 2253 quid
1143 2216 1200 2240 res
1221 2201 1299 2254 ipsa
1319 2201 1425 2239 dabit
1450 2200 1660 2245 facultatis,

260 2269 519 2320 conjecturam
540 2268 671 2306 induci
703 2268 749 2306 ab
770 2268 985 2306 accusatore
1005 2269 1214 2321 oportebit,
1247 2278 1289 2306 ut
1311 2268 1363 2313 id,
1395 2268 1499 2320 quod
1521 2267 1660 2304 volun-

262 2342 337 2371 tate
355 2332 503 2371 factum
520 2333 736 2386 negabitur,
758 2334 934 2372 consulto
950 2333 1097 2372 factum
1117 2334 1328 2386 suspicione
1349 2334 1476 2385 aliqua
1497 2333 1660 2370 demon-

261 2399 408 2438 stretur.
468 2400 620 2438 Deinde
640 2400 820 2438 inducere
840 2399 1108 2438 definitionem
1126 2400 1425 2445 necesfitudinis‚
1451 2408 1516 2438 aut
1541 2398 1661 2442 casus,

261 2463 628 2516 aut‚imprudentiae‚
659 2474 698 2504 et
717 2465 895 2519 exempla
914 2465 959 2504 ad
979 2479 1064 2504 eam
1085 2465 1352 2505 definitionem
1370 2465 1588 2519 adjungere,
1620 2463 1663 2502 in

317 2530 355 2568 T
370 2543 393 2569 ο
410 2543 461 2569 M.
494 2531 527 2570 Ι.
1025 2532 1064 2570 Ο
