2176 2912
445 240 520 281 320
796 225 913 264 DE
993 225 1508 265 ORATORE

439 332 563 372 neque
585 318 816 364 transsatum,
838 328 894 364 ut,
916 320 1088 359 Mollitzcr
1106 334 1228 359 mare:
1251 320 1311 359 sed
1331 320 1489 359 ornandi
1511 319 1619 359 causa
1637 320 1838 374 proprium

440 386 595 439 proprio
615 395 919 430 commutatum,

577 454 720 505 Dcssne,
739 454 865 498 Roma,
888 463 965 492 tuos
984 454 1088 507 hqstes
1103 485 1112 492 .
1132 484 1139 492 .
1159 483 1168 492 .
1188 463 1238 498 et,
1264 451 1475 508 Tfssesstmt
1491 454 1610 507 campi
1623 455 1766 507 magni.
1786 484 1794 492 .
1813 484 1822 492 0

441 519 579 558 Gravis
599 519 651 557 est
671 520 808 557 modus
829 520 868 557 in
890 529 1025 558 ornatu
1045 520 1240 564 orationis,
1271 529 1308 557 et
1329 520 1422 573 saepe
1443 520 1672 558 sumendus:
1695 534 1742 559 ex
1762 534 1841 572 quo

439 599 577 637 genere
609 584 689 623 haec
710 585 809 629 sunt,
841 587 1007 624 Ilffartem
1037 586 1118 623 belli
1140 585 1199 637 {ff'
1218 600 1449 630 communem;
1484 587 1646 624 Cererem
1666 600 1735 639 pro
1755 585 1839 623 fru-

439 651 553 704 gibus
567 670 578 695 ;
610 651 784 690 Liberum
804 651 993 702 appellare
1013 664 1082 702 pro
1103 650 1216 695 vino;
1241 651 1450 702 M’pz‘zmum
1471 665 1539 703 pro
1559 652 1655 689 mari
1670 671 1681 696 3
1704 652 1841 689 curiam

438 732 508 770 pro
526 717 652 755 senatu
669 735 681 761 ς
713 725 872 768 campum
891 730 961 768 pro
981 716 1150 754 comitiis
1165 734 1176 760 3
1209 724 1328 768 togam
1347 730 1416 769 pro
1429 729 1520 769 pace
1532 735 1544 762 i
1575 731 1679 756 arma
1708 730 1749 755 ac
1771 718 1842 755 tela

440 798 509 836 pro
528 783 642 821 bello.

469 852 561 900 Qio
594 850 688 887 item
719 849 757 887 in
793 862 928 902 genere
959 858 997 887 et
1023 849 1195 895 virtutes,
1227 859 1263 887 et
1291 850 1383 888 vitia
1412 864 1480 903 pro
1501 850 1602 903 ipfis,
1633 851 1673 888 in
1699 850 1841 902 quibus

440 917 506 954 illa
523 916 622 960 sunt,
640 916 879 968 appellantur
894 931 902 954 :
923 917 1107 954 Luxuries
1122 930 1240 968 quam
1261 917 1300 954 in
1317 916 1479 954 domum
1496 917 1634 969 irrupit
1648 935 1658 961 ;
1681 926 1733 961 et,
1751 917 1842 968 Qo

439 981 623 1021 Avaritia
642 981 852 1033 penetravit
868 1000 879 1025 ;
912 991 975 1019 aut
995 981 1102 1021 Fides
1121 981 1240 1019 valuit
1255 1000 1266 1026 ;
1300 982 1456 1036 Justitz'a
1471 981 1652 1020 confecit.
1691 982 1841 1019 Videtis

441 1046 612 1100 profecto
643 1060 762 1099 genus
794 1046 868 1086 hoc
901 1056 1042 1092 totum,
1088 1061 1180 1087 cum
1210 1047 1351 1085 inflexo
1382 1057 1700 1099 commutatoque
1726 1048 1843 1085 verbo

443 1128 499 1152 res
519 1114 650 1151 eadem
670 1115 904 1158 enuntiatur,
935 1115 1104 1152 ornatius
1121 1133 1132 1158 ς
1164 1114 1227 1152 cui
1250 1113 1338 1151 sunt
1357 1113 1524 1152 finitima
1543 1114 1609 1151 illa
1628 1115 1757 1151 minus
1777 1127 1841 1152 or·-

442 1191 542 1225 nata,
578 1180 640 1218 sed
661 1189 787 1218 tamen
809 1195 886 1218 non
906 1181 1128 1233 ignoranda,
1163 1194 1256 1218 cum
1288 1180 1452 1233 intelligi
1481 1181 1661 1218 volumus
1682 1180 1841 1232 aliquid,

443 1253 506 1280 aut
527 1256 571 1280 ex
593 1252 697 1294 parte
719 1251 861 1286 totum,
894 1252 949 1287 ut,
982 1256 1050 1294 pro
1071 1242 1241 1281 aedificiis
1262 1255 1353 1280 curn
1378 1243 1550 1294 parietes,
1582 1250 1647 1280 aut
1667 1243 1762 1280 teci'ta
1781 1241 1843 1279 di-

442 1308 592 1345 cimus:
625 1316 689 1344 aut
716 1321 764 1345 ex
799 1316 880 1345 toto
900 1316 1062 1359 partem,
1087 1317 1142 1352 ut,
1167 1321 1259 1345 cum
1291 1321 1409 1346 unam
1435 1316 1616 1353 turmam,
1648 1307 1845 1361 equitatum

436 1373 562 1426 populi
573 1373 730 1411 Romani
746 1372 938 1410 dicimus:
972 1382 1036 1410 aut
1056 1387 1103 1411 ex
1124 1387 1201 1411 uno
1217 1373 1357 1425 plures,

580 1442 639 1478 At
658 1441 839 1477 Romanus
858 1439 955 1477 homo
975 1449 1106 1485 tamen,
1138 1449 1172 1478 et
1186 1454 1198 1478 z
1218 1454 1274 1479 res
1293 1439 1375 1478 bene
1387 1439 1483 1493 gesta
1502 1438 1559 1493 (st,

582 1507 615 1543 C
615 1505 696 1544 orde
701 1507 771 1557 fico
790 1505 950 1557 trepidat
963 1522 976 1544 .·

443 1580 507 1610 aut
528 1585 620 1610 cum
640 1585 685 1609 ex
707 1571 883 1624 pluribus
905 1571 1135 1623 intelligitur
1155 1586 1293 1616 unum,

582 1637 785 1689 stfilmu'
807 1637 970 1681 Romani,
994 1637 1201 1689 quificimus
1220 1647 1305 1676 ante
1323 1636 1462 1675 Rudini
1473 1653 1486 1675 .-

444 1713 509 1742 aut
529 1717 761 1756 quocunque
782 1703 898 1741 modo
912 1717 989 1741 non
1012 1712 1054 1741 ut
1074 1704 1222 1742 dietum
1243 1703 1308 1748 est,
1324 1704 1362 1741 in
1379 1717 1423 1741 eo
1443 1689 1580 1757 genere
1600 1703 1843 1758 intelligitur,

445 1770 506 1809 sed
528 1780 569 1808 ut
591 1769 740 1808 sensum
765 1769 830 1808 est.

500 1837 651 1874 XLIII.
686 1836 900 1874 Abutimur
917 1837 1010 1889 saepe
1029 1838 1147 1875 etiam
1167 1838 1284 1875 verbo
1304 1850 1381 1874 non
1404 1845 1482 1874 tam
1503 1837 1707 1889 eleganter,
1729 1851 1845 1890 quam

445 1902 485 1941 in
507 1901 794 1947 transferend03
826 1902 887 1941 sed
908 1903 1024 1941 etiam
1046 1903 1071 1942 si
1092 1903 1284 1949 licentius,
1307 1912 1435 1941 tamen
1453 1903 1648 1941 interdum
1669 1917 1745 1942 non
1767 1904 1845 1941 im·-

446 1968 634 2021 pudenter
647 1987 658 2013 ς
682 1978 725 2006 ut
745 1983 836 2007 cum
848 1969 1021 2022 grandem
1038 1970 1229 2009 orationem
1250 1984 1318 2022 pro
1338 1982 1488 2021 magna,
1505 1969 1680 2008 minutum
1691 1970 1846 2008 animum

445 2049 514 2087 pro
535 2049 662 2088 parvo,
685 2035 865 2074 dicimus.
898 2036 1045 2074 Verum
1067 2036 1132 2074 illa
1152 2035 1334 2074 videtisne
1352 2034 1421 2072 ess'e
1440 2048 1517 2072 non
1539 2034 1658 2079 verbi,
1680 2034 1740 2072 sed
1760 2049 1846 2073 ora-

446 2101 576 2146 tionis,
594 2115 678 2153 quae
698 2115 743 2139 ex
760 2101 950 2154 pluribus,
970 2111 1011 2140 ut
1028 2101 1197 2155 exposui,
1220 2100 1523 2140 transsationibus
1544 2114 1717 2139 connexa
1736 2101 1845 2140 sunt?

448 2166 546 2204 Haec
566 2176 710 2211 autem,
742 2180 826 2218 quae
847 2175 912 2204 aut
932 2167 1137 2205 immutata
1156 2165 1226 2204 effe
1246 2166 1340 2210 dixi,
1372 2174 1435 2203 aut
1457 2165 1563 2204 aliter
1583 2166 1845 2219 intelligenda,
1898 2202 1901 2204 .

446 2244 489 2270 ac
510 2231 740 2275 dicerentur,
763 2231 850 2269 sunt
867 2231 1038 2270 transsata
1057 2231 1226 2284 quodam
1247 2232 1377 2270 modo.
1411 2232 1468 2270 Ita
1484 2231 1542 2277 fit,
1560 2241 1602 2270 ut
1622 2232 1749 2271 omnis
1770 2234 1846 2272 fin·-

446 2298 631 2350 gulorum
662 2297 868 2336 verborum
888 2298 1008 2336 virtus
1028 2307 1141 2349 atque
1161 2297 1240 2335 laus
1261 2297 1382 2335 tribus
1413 2297 1545 2335 existat
1564 2311 1611 2337 ex
1637 2296 1697 2337 his
1719 2299 1845 2344 rebus,

447 2364 474 2402 fi
494 2372 558 2401 aut
575 2363 766 2402 vetustum
786 2364 946 2402 verbum
975 2364 1033 2409 fit,
1062 2364 1165 2417 quod
1186 2373 1313 2402 tamen
1341 2364 1576 2403 consuetudo
1593 2363 1689 2403 ferre
1709 2365 1844 2418 posfit:

448 2439 513 2468 aut
532 2429 679 2468 factum
710 2430 767 2468 vel
789 2431 1073 2484 conjunctione,
1104 2430 1162 2470 vel
1184 2431 1364 2476 novitate,
1397 2432 1435 2470 in
1460 2444 1537 2483 quo
1558 2432 1652 2471 item
1673 2432 1725 2470 est
1744 2431 1845 2471 auri-

450 2498 521 2534 bus
537 2496 881 2550 consuetudinique
901 2497 1161 2550 parcendum:
1195 2506 1259 2535 aut
1282 2497 1514 2541 transsatum,
1547 2498 1652 2550 quod
1677 2498 1846 2537 maxime

450 2573 633 2617 tanquam
653 2563 768 2604 stellis
787 2563 1016 2618 quibusdam
1037 2572 1159 2610 notat,
1177 2572 1216 2603 et
1236 2563 1432 2604 illuminat
1451 2564 1674 2604 orationem.
