2176 2912
700 168 1423 213 ORATORIBUS.
1688 191 1763 232 373

364 264 447 318 ipso
477 264 618 309 minor,
649 276 768 316 quam
797 263 1009 302 Antonius.
1053 263 1174 314 Qod
1206 263 1351 303 idcirco
1370 265 1492 318 posui,
1523 276 1580 313 ut,
1612 268 1765 309 dicendi

364 332 504 370 Latine
527 332 655 385 prima
672 330 873 369 maturitas
893 330 933 368 in
953 343 1028 383 qua
1046 338 1155 368 aetate
1183 330 1378 377 extitiffet,
1408 333 1527 385 poffet
1546 337 1669 374 notari
1683 356 1696 382 ς
1727 347 1765 376 et

361 397 640 450 intelligeretur
663 398 747 449 jam
767 396 813 434 ad
832 396 1034 434 summum
1053 410 1150 449 pene
1169 396 1240 434 effe
1259 398 1498 451 perductam,
1529 409 1572 438 ut
1598 406 1642 440 eo
1663 402 1762 441 nihil

360 461 483 501 ferme
507 463 710 516 quisquam
730 462 866 501 addere
884 461 1019 516 pofi‘et,
1055 462 1125 500 nifi
1145 464 1214 517 qui
1233 477 1254 502 a
1272 462 1530 518 philosophia,
1560 468 1680 520 ajure
1705 470 1763 508 ci-

360 528 443 574 vili,
465 531 512 567 ab
532 528 701 574 historia,
721 528 848 567 fuiffet
870 528 1101 567 instructior.

414 596 564 635 XLIV.
596 597 697 641 Erit,
719 596 849 648 inquit
869 596 932 633 M.
955 596 1111 641 Brutus,
1141 596 1299 648 autjam
1316 596 1369 635 est
1388 597 1470 643 iste,
1488 611 1606 650 quem
1620 612 1761 653 expec-

360 670 431 701 tas.
460 662 618 708 Nescio‚
653 663 830 713 inquam.
881 661 951 699 Sed
971 661 1024 700 est
1043 662 1160 701 etiam
1179 663 1227 701 L.
1252 663 1369 702 Craffi
1390 665 1431 702 in
1451 664 1663 711 consulatu,
1694 681 1764 719 pro

361 729 636 782 QCaepione,
668 728 883 767 defenfione
907 728 1041 780 juncta
1061 742 1138 767 non
1160 729 1299 775 brevis,
1335 739 1379 768 ut
1398 729 1579 777 laudatio,
1614 742 1658 771 ut
1676 747 1761 771 ora-

360 796 415 833 tio
435 804 578 841 autem,
601 796 739 840 brevis,
757 794 945 847 postrema
960 795 1136 833 Censoris
1156 797 1290 841 oratio,
1309 811 1384 848 qua
1403 810 1503 835 anno
1516 798 1761 851 duodequin-

359 862 579 914 quagefimo
599 861 686 899 usus
706 862 772 899 est.
820 862 864 898 In
885 859 945 899 his
965 862 1150 899 omnibus
1173 863 1267 900 inest
1286 864 1444 915 quidam
1472 864 1548 902 fine
1569 866 1650 903 ullo
1670 865 1761 905 fuco

357 927 525 966 veritatis
545 928 664 966 color.
711 928 938 980 Qinetiam
959 927 1262 980 comprehensio,
1285 939 1322 967 et
1341 931 1510 968 ambitus
1531 931 1597 969 ille
1624 934 1761 971 verbo-

357 1008 446 1032 rum
469 994 513 1046 (fi
530 995 579 1033 fic
600 995 802 1048 periodum
821 994 1003 1047 appellari
1023 995 1166 1048 placet)
1189 1005 1266 1034 erat
1281 997 1382 1050 apud
1403 996 1517 1036 illum
1529 1001 1759 1045 contractus,

356 1069 394 1098 et
415 1060 537 1099 brevis
553 1079 565 1106 3
597 1070 635 1098 et
655 1062 692 1099 in
715 1061 892 1099 membra
911 1061 1101 1113 quaedam,
1124 1076 1208 1114 quae
1233 1062 1332 1104 κῶλα,
1353 1063 1482 1101 Graeci
1501 1073 1654 1110 vocant,
1683 1065 1760 1104 dis-

355 1126 543 1179 pertiebat
562 1128 776 1166 orationem
796 1127 1008 1167 lubentius.

411 1194 502 1233 Hoc
536 1193 623 1233 loco
657 1195 813 1239 Brutus,
846 1194 1176 1247 Qandoquidem
1210 1205 1253 1233 tu
1287 1195 1376 1235 istos
1405 1206 1585 1243 oratores,
1616 1198 1759 1250 inquit,

353 1268 552 1313 tantopere
586 1261 729 1306 laudas,
759 1260 900 1298 vellem
930 1260 1078 1313 aliquid
1097 1263 1286 1307 Antonio,
1318 1271 1452 1315 praeter
1482 1263 1597 1302 illum
1632 1264 1678 1302 de
1698 1278 1759 1302 ra-

354 1327 460 1365 tione
481 1328 632 1365 dicendi
652 1327 737 1365 sane
766 1327 907 1366 exilem
940 1327 1135 1373 libellum,
1166 1328 1275 1381 plura
1296 1327 1439 1373 Craffo,
1471 1328 1639 1368 libuiffet
1664 1330 1758 1368 scri-

354 1391 456 1431 bere.
489 1394 595 1432 Cum
614 1393 720 1431 enim
739 1392 922 1431 omnibus
944 1394 1172 1432 memoriam
1190 1394 1259 1439 sui,
1280 1403 1363 1432 tum
1383 1394 1500 1432 etiam
1516 1394 1761 1448 disciplinam

353 1457 521 1504 dicendi,
553 1459 665 1497 nobis
697 1458 944 1512 reliquiffent.
1004 1459 1112 1498 Nam
1143 1460 1317 1498 Scaevolae
1345 1459 1499 1498 dicendi
1528 1460 1759 1513 elegantiam

351 1524 438 1564 satis
468 1539 514 1564 ex
544 1527 590 1563 iis
623 1526 874 1570 orationibus,
905 1539 998 1576 quas
1030 1526 1201 1578 reliquit,
1232 1525 1419 1564 habemus
1444 1527 1655 1578 cognitam.
1704 1529 1758 1566 Et

351 1605 436 1644 ego,
467 1591 576 1631 Mihi
597 1593 756 1645 quidem
789 1605 809 1629 a
842 1592 1004 1644 pueritia
1035 1592 1139 1644 quafi
1159 1592 1335 1645 magistra
1363 1591 1453 1638 fuit,
1489 1593 1662 1645 inquam,
1691 1594 1758 1632 illa

352 1658 394 1696 in
414 1658 539 1711 legem
561 1659 753 1711 Caepionis
788 1659 907 1697 oratio
923 1676 935 1704 3
967 1659 1007 1697 in
1035 1672 1110 1711 qua
1131 1668 1169 1696 et
1189 1660 1390 1697 auctoritas
1415 1668 1571 1698 ornatur
1591 1660 1753 1706 senatus,

352 1737 431 1775 quo
450 1738 518 1776 pro
538 1725 671 1762 ordine
689 1725 756 1762 illa
784 1725 993 1770 dicuntum
1024 1734 1062 1762 et
1089 1725 1232 1763 invidia
1251 1726 1466 1764 concitatur
1492 1726 1531 1763 in
1556 1726 1752 1778 judicum,

351 1799 390 1827 et
409 1789 450 1827 in
470 1790 732 1827 accusatorum
753 1789 974 1834 faffiomm,
1006 1799 1138 1827 contra
1157 1805 1325 1843 quorum
1353 1792 1566 1844 potentiam
1588 1792 1752 1845 popula-

351 1855 442 1893 riter
462 1865 547 1893 tum
565 1856 772 1894 dicendum
794 1855 882 1893 fuit.
943 1857 1074 1894 Multa
1094 1857 1133 1894 in
1154 1857 1220 1895 illa
1239 1859 1409 1896 oratione
1434 1859 1608 1910 graviter,
1631 1859 1754 1897 multa

350 1921 500 1967 leniter,
531 1922 654 1960 multa
671 1923 808 1975 aspere,
832 1922 955 1959 multa
975 1922 1107 1968 facete,
1139 1924 1238 1961 dicta
1258 1924 1366 1962 sunt:
1400 1925 1509 1976 plura
1529 1926 1646 1962 etiam
1667 1925 1751 1963 dic-

349 1996 387 2025 ta
407 2003 524 2041 quam
545 1988 695 2041 scripta,
728 1989 831 2041 quod
851 2002 897 2026 ex
918 1990 1146 2040 quibusdam
1169 1991 1356 2042 capitibus
1378 1991 1570 2043 expositiss,
1594 2005 1662 2029 nec
1682 2005 1751 2029 ex-

349 2055 514 2106 plicatis,
538 2056 703 2108 intelligi
725 2056 859 2108 potest.
903 2056 985 2108 Ipsa
1007 2057 1070 2093 ill-„1
1090 2057 1257 2094 censoria
1277 2066 1409 2095 contra
1431 2060 1505 2095 Cn.
1526 2059 1752 2096 Domitium

348 2121 536 2173 collegam
568 2136 644 2160 non
679 2122 731 2159 cst
762 2123 895 2167 oratio,
940 2122 1000 2160 sed
1030 2123 1131 2174 quafi
1163 2124 1288 2175 capita
1318 2138 1457 2168 rerum,
1498 2134 1535 2161 et
1568 2125 1749 2161 orationis

348 2188 675 2226 commentarium
706 2189 820 2240 paulo
841 2188 1003 2241 pleniuS.
1043 2189 1166 2227 Nulla
1185 2189 1237 2226 cst
1257 2190 1361 2227 enim
1386 2190 1579 2227 altercatio
1599 2190 1748 2227 clamo-

346 2252 451 2290 ribus
474 2266 645 2304 unquam
665 2254 795 2292 habita
814 2256 1037 2307 majoribus.
1071 2256 1123 2293 Et
1144 2270 1230 2293 vcro
1251 2255 1325 2292 fuit
1347 2256 1384 2293 in
1398 2255 1473 2293 hoc
1494 2266 1531 2293 et
1550 2256 1744 2308 popularis

348 2318 466 2355 dictio
486 2319 703 2358 excellens:
748 2322 911 2359 Antonii
944 2336 1064 2374 genus
1097 2322 1249 2359 dicendi
1278 2323 1404 2360 multo
1430 2322 1554 2374 aptius
1572 2321 1745 2373 judiciis,

349 2398 464 2436 quam
487 2385 753 2424 concionibus.

403 2450 531 2488 XLV.
573 2452 663 2489 Hoc
699 2452 784 2491 loco
805 2453 930 2505 ipsum
953 2453 1176 2491 Domitium
1206 2467 1282 2491 non
1316 2453 1503 2505 relinquo,
1555 2453 1659 2490 Nam
1680 2451 1745 2488 etfi

346 2531 424 2557 non
441 2516 517 2555 fuit
533 2518 571 2558 in
589 2528 783 2558 oratorum
799 2533 975 2565 numero,
991 2528 1116 2557 tamen
1140 2533 1242 2571 pono
1256 2519 1401 2557 satis-in
1414 2532 1458 2558 co
1475 2517 1584 2556 fuisse
1602 2517 1744 2569 ingenii
