2176 2912
442 216 522 258 530
835 204 1467 245 ORATORIAE

441 297 482 335 in
513 296 641 350 ipsum
666 297 862 350 judicium
892 299 987 352 saepe
1007 299 1237 344 dilabantur,
1269 308 1396 337 tamen
1416 307 1504 337 ante
1524 296 1720 350 judicium
1741 307 1851 338 trac-

441 364 557 402 tanda
577 364 794 416 videantur)
833 365 1037 417 paululum
1056 379 1099 404 ea
1119 365 1246 418 separo
1265 379 1286 403 a
1309 365 1483 418 judiciis,
1516 373 1689 417 tempore
1719 365 1842 417 magis

440 430 593 482 agendi,
613 445 731 483 quam
752 431 1059 471 dissimilitudine
1079 432 1243 484 generis.
1302 431 1410 470 Nam
1429 431 1573 476 omnia,
1595 445 1680 483 quae
1697 431 1742 469 de
1756 432 1845 483 jure

439 496 561 541 civili,
579 506 643 535 aut
663 496 708 534 de
728 510 837 549 aequo
857 506 895 535 et
915 497 1018 536 bono
1038 498 1310 550 disceptantur,
1330 497 1473 535 cadunt
1493 497 1532 534 in
1553 510 1638 535 eam
1657 495 1842 542 formam,

441 561 482 599 in
501 575 591 613 qua,
613 563 725 615 quale
743 563 839 615 quid
858 563 916 608 fit,
937 564 1163 615 ambigitur,
1187 562 1233 600 de
1253 576 1328 614 qua
1347 562 1486 601 dicturi
1507 562 1636 601 sumus
1653 580 1666 608 5
1697 576 1782 615 quae
1801 563 1844 601 in
1866 564 1869 566 ’

441 628 620 679 aequitate
640 638 677 666 et
691 629 778 681 jure
798 630 969 666 maxime
988 629 1169 667 consistit.

496 693 648 732 XXIX.
686 695 731 732 In
752 695 935 732 omnibus
966 695 1086 747 igitur
1104 694 1221 732 causis
1242 703 1316 732 tres
1337 693 1423 732 sunt
1449 694 1600 747 gradus,
1632 707 1679 732 ex
1698 693 1842 745 quibus

439 771 540 797 unus
571 760 710 812 aliquis
741 760 948 812 capiendus
972 761 1038 806 est,
1069 761 1095 799 fi
1115 761 1243 814 plures
1264 774 1342 798 non
1362 774 1491 813 queas,
1512 761 1558 798 ad
1578 759 1840 799 refistendum.

441 824 547 863 Nam
568 834 634 863 aut
667 826 720 864 ita
738 826 1020 864 confistendum
1050 826 1116 872 est,
1144 836 1201 872 ut,
1233 826 1337 879 quod
1356 827 1554 879 objicitur,
1590 825 1738 864 fadum
1770 839 1842 864 ne-

438 902 503 942 ges
521 908 535 935 ;
565 900 631 930 aut
664 892 776 937 illud,
811 892 918 944 quod
950 891 1097 930 faetum
1126 892 1279 944 fateare,
1310 906 1424 945 neges
1457 906 1542 939 eam
1574 892 1656 930 vim
1686 890 1842 937 habere,

438 965 553 1009 atque
586 957 626 996 id
656 958 739 1003 effe,
771 958 876 1010 quod
908 958 1133 996 adversarius
1164 951 1405 997 criminetur.
1464 961 1560 1002 Aut,
1596 958 1623 996 fi
1650 972 1774 1010 neque
1793 958 1842 997 de

439 1020 553 1068 facto,
582 1036 707 1076 neque
743 1024 789 1062 de
822 1023 913 1062 faeti
943 1025 1196 1077 appellatione
1222 1025 1368 1077 ambigi
1388 1024 1523 1077 potest,
1554 1024 1609 1069 id,
1643 1025 1748 1077 quod
1778 1039 1840 1063 ar-

439 1089 569 1139 guere,
601 1103 714 1142 neges
749 1090 823 1128 tale
856 1090 940 1135 effe,
976 1091 1087 1143 quale
1121 1091 1187 1128 ille
1219 1091 1347 1136 dicat3
1379 1100 1417 1128 et
1450 1092 1599 1128 rectum
1627 1090 1698 1129 effe
1735 1091 1842 1143 quod

437 1152 588 1200 feceris,
620 1156 973 1202 concedendumve,
1009 1156 1200 1195 defendas.
1261 1157 1318 1194 Ita
1352 1157 1501 1209 primus
1540 1156 1607 1194 ille
1640 1156 1771 1202 status,
1801 1165 1842 1196 et

435 1221 542 1271 quasl
567 1222 762 1261 conflietio
794 1236 889 1261 cum
921 1223 1142 1269 adversario,
1178 1224 1396 1276 conjectura
1425 1223 1591 1275 quadam
1607 1241 1619 1268 ;
1651 1222 1840 1263 secundus

436 1296 565 1325 autem
590 1288 829 1334 definitione,
861 1298 976 1342 atque
1006 1290 1275 1343 descriptione,
1308 1299 1373 1328 aut
1407 1289 1682 1329 informatione
1701 1290 1807 1329 verbi
1822 1308 1837 1336 3

435 1354 570 1392 tertius
591 1356 704 1408 aequi,
736 1365 774 1394 et
791 1357 884 1401 veri,
920 1367 958 1395 et
990 1358 1097 1403 redti,
1127 1367 1164 1395 et
1184 1357 1347 1396 humani
1380 1357 1425 1395 ad
1446 1357 1724 1410 ignoscendum
1758 1357 1838 1395 dis-

435 1420 633 1470 putatione
655 1421 870 1460 tractandus
900 1422 966 1460 est.
1025 1423 1079 1461 Et
1109 1423 1293 1476 quoniam
1314 1422 1461 1475 semper
1480 1423 1526 1468 is,
1561 1423 1629 1475 qui
1649 1421 1839 1468 defendit,

434 1497 511 1522 non
533 1486 657 1526 solum
679 1488 815 1526 refistat
835 1497 1000 1541 oportet,
1032 1490 1163 1542 aliquo
1183 1490 1294 1535 statu,
1329 1498 1394 1527 aut
1415 1489 1631 1533 infitiando,
1669 1498 1734 1527 aut
1767 1489 1838 1527 de-

433 1549 619 1597 finiendo,
660 1563 725 1591 aut
760 1555 937 1605 aequitate
970 1556 1212 1608 opponenda,
1245 1556 1307 1593 sed
1338 1556 1455 1593 etiam
1490 1556 1677 1593 rationem
1713 1553 1836 1607 subji-

432 1616 508 1654 ciat
538 1619 779 1657 recusationis
815 1620 914 1664 suae;
946 1621 1094 1673 primus
1129 1622 1195 1659 ille
1219 1621 1333 1659 status
1355 1622 1543 1659 rationem
1562 1619 1679 1658 habet
1708 1621 1836 1673 iniqui

431 1683 620 1731 criminis,
656 1685 777 1738 ipsam
808 1687 1067 1739 negationem,
1103 1687 1454 1740 infitiationemque
1484 1686 1597 1725 fasti:
1630 1686 1834 1733 secundus,

430 1750 535 1801 quod
554 1765 633 1790 non
652 1752 697 1790 fit
718 1753 757 1790 in
778 1766 831 1798 re,
866 1754 971 1806 quod
1000 1754 1047 1792 ab
1073 1754 1280 1792 adversario
1311 1755 1468 1807 ponitur
1502 1754 1542 1791 in
1573 1753 1718 1792 verbo:
1756 1763 1834 1792 ter-

430 1816 520 1861 tius,
553 1819 659 1869 quod
676 1819 715 1857 id
738 1821 836 1857 reste
856 1818 1002 1858 factum
1021 1820 1092 1858 effe
1113 1820 1305 1866 defendat,
1341 1820 1446 1873 quod
1467 1820 1543 1858 fine
1563 1819 1641 1858 ulla
1662 1820 1834 1858 nominis

429 1884 681 1932 controverfia
699 1884 845 1924 factum
867 1885 1020 1925 fatetur.
1071 1887 1224 1925 Deinde
1244 1887 1455 1939 unicuique
1474 1887 1612 1924 rationi
1632 1900 1835 1939 opponen-

428 1949 524 1987 dum
559 1950 610 1987 est
646 1952 691 1989 ab
723 1952 934 1991 accusatore
978 1953 1032 1998 id,
1060 1954 1165 2006 quod
1199 1955 1225 1992 fi
1264 1968 1343 1992 non
1377 1953 1466 1991 effet
1495 1953 1536 1990 in
1577 1953 1834 1998 accusatione,

427 2015 534 2053 causa
563 2019 724 2056 omnino
755 2019 824 2057 effe
854 2032 931 2057 non
951 2019 1083 2072 poffet.
1144 2021 1279 2073 Itaque
1308 2034 1362 2065 ea,
1395 2034 1479 2072 quae
1513 2019 1562 2056 fic
1597 2018 1830 2064 referuntur,

426 2083 664 2122 continentia
696 2085 893 2123 causarum
913 2095 1123 2131 vocentur,
1156 2100 1377 2138 quanquam
1398 2099 1475 2124 non
1509 2098 1551 2122 ea
1571 2085 1708 2137 magis,
1744 2099 1830 2137 quae

426 2156 559 2185 contra
594 2151 781 2188 rationem
814 2150 1041 2189 defensionis
1068 2151 1292 2196 afferuntur,
1329 2165 1447 2204 quam
1481 2150 1568 2203 ipsae
1598 2150 1833 2190 defenfionis

426 2214 602 2259 rationes,
638 2218 839 2255 continent
873 2218 1012 2256 causas.
1072 2218 1143 2256 Sed
1176 2218 1434 2271 distinguendi
1475 2218 1595 2270 gratIa
1639 2219 1829 2256 rationem
1878 2212 1882 2215 ’

427 2281 663 2333 appellamus
684 2296 782 2328 eam,
814 2298 898 2335 quae
918 2284 1074 2322 affertur
1101 2298 1121 2321 a
1151 2299 1213 2323 reo
1244 2285 1288 2322 ad
1316 2284 1580 2329 recusandum,
1610 2284 1829 2336 depellendi

426 2347 598 2385 criminis
632 2347 765 2394 causal5
798 2364 882 2402 quae
916 2351 983 2388 nifi
1007 2349 1110 2396 esset,
1141 2352 1236 2403 quid
1267 2350 1498 2395 defenderet,
1531 2365 1609 2389 non
1640 2349 1823 2389 haberet:

429 2412 715 2452 firmamentum
750 2426 894 2460 autem,
927 2417 1032 2469 quod
1061 2417 1194 2455 contra
1224 2417 1269 2455 ad
1301 2416 1602 2456 labefaetandam
1634 2418 1826 2455 rationem

425 2477 599 2524 refertur,
622 2481 697 2519 fine
717 2495 795 2534 quo
815 2482 1003 2521 accusatio
1020 2483 1110 2521 stare
1132 2498 1206 2521 non
1228 2484 1362 2536 potest.

479 2546 611 2586 XXX.
634 2549 696 2587 Ex
712 2550 867 2588 rationis
881 2559 1024 2596 autem,
1042 2560 1136 2589 etex
1153 2550 1387 2589 firmamenti
1403 2550 1648 2590 conflictione
1663 2557 1700 2588 et
1720 2548 1823 2602 quasi
