2176 2912
708 212 1380 254 PARTITIONES.
1670 231 1748 273 517

345 323 450 364 ergo,
482 307 667 362 quoniam
693 307 734 345 in
765 307 1101 346 confirmationem
1135 317 1174 346 et
1207 307 1539 360 reprehensionem
1574 309 1750 350 diviseras

345 375 526 414 orationis
547 374 680 417 fidem,
708 382 746 410 et
765 372 913 410 dictum
934 373 980 410 de
1000 373 1118 411 altero
1137 373 1189 411 est
1203 392 1215 420 3
1247 387 1396 427 expone
1427 389 1531 413 nunc
1552 376 1598 414 de
1619 390 1750 429 repre-

344 441 562 480 hendendo.
623 440 800 478 PATER.
838 441 921 477 Aut
941 449 1068 478 totum
1089 439 1141 478 est
1160 440 1395 492 negandum,
1427 442 1531 494 quod
1563 442 1601 480 in
1635 456 1750 495 argu-

345 507 584 547 mentatione
604 506 832 544 adversarius
853 505 1069 559 sumpserit,
1101 506 1127 544 fi
1148 506 1298 552 fictum,
1323 517 1388 545 aut
1408 507 1546 546 falsum
1572 508 1642 546 effe
1662 508 1751 561 pos-

345 575 391 613 fis
423 575 557 613 docere
574 591 585 618 ;
618 582 683 610 aut
714 573 970 625 redarguenda
1000 587 1054 618 ea,
1080 587 1166 626 quae
1199 587 1269 626 pro
1299 574 1570 612 verifimilibus
1601 575 1753 628 sumpta

347 640 461 679 sunt:
493 640 682 693 primum,
708 639 825 676 dubia
844 638 995 692 sumpta
1015 639 1086 677 effe
1116 653 1186 693 pro
1215 640 1327 678 certis
1343 658 1356 685 3
1388 640 1539 685 deinde,
1571 641 1686 679 etiam
1711 641 1753 679 in

345 706 541 760 perspicue
560 705 660 743 falfis
681 705 814 743 eadem
843 704 945 758 pofl‘e
975 705 1079 751 dici;
1113 715 1212 751 tum,
1240 719 1288 744 ex
1308 706 1369 751 iis,
1401 720 1486 759 quae
1507 706 1751 759 sumpserint,

347 786 425 810 non
446 772 562 817 effici,
596 785 681 823 quae
701 771 835 810 velint.
885 772 1080 810 Accedere
1111 782 1239 810 autem
1260 781 1411 825 oportet
1431 773 1475 810 ad
1496 772 1641 825 singula
1652 791 1665 818 3
1702 773 1752 811 fic

348 838 518 878 universa
537 838 775 891 frangentur.
836 839 1190 877 Commemoranda
1209 839 1296 877 sunt
1316 840 1432 877 etiarn
1453 840 1640 892 exempla,
1661 841 1753 892 qui-

348 905 420 942 bus
442 904 557 942 fimili
584 904 624 940 in
646 903 903 956 disputatione
934 905 1126 941 creditum
1158 918 1234 942 non
1266 905 1337 942 fit:
1370 905 1637 957 conquerenda
1655 919 1752 944 con-

347 970 444 1008 ditio
464 969 686 1007 communis
707 970 885 1021 periculi,
917 970 942 1007 fi
963 970 1128 1023 ingeniis
1160 969 1369 1009 hominum
1389 971 1688 1010 criminosorum
1709 972 1753 1010 fit

347 1036 516 1090 exposita
534 1037 612 1073 vita
631 1036 916 1076 innocentium.

404 1104 519 1141 XIII.
547 1104 720 1141 F1L1ns.
744 1103 957 1154 Qoniam,
979 1104 1080 1142 unde
1096 1104 1346 1142 inveniuntur
1365 1118 1449 1156 quae
1465 1104 1510 1142 ad
1531 1103 1647 1142 fidem
1664 1118 1755 1158 per-

347 1169 489 1214 tinent,
508 1167 646 1213 habeo,
669 1168 1000 1220 quemadmodum
1021 1170 1061 1207 in
1082 1170 1246 1208 dicendo
1265 1171 1410 1223 fingula
1430 1173 1650 1215 tractentur,
1683 1184 1752 1209 ex·

348 1237 473 1288 pecto.
534 1236 711 1273 PATER.
746 1236 1136 1287 Argumentationem
1157 1250 1323 1288 quaerere
1342 1237 1495 1282 videris,
1517 1251 1601 1289 quae
1620 1236 1672 1274 est
1691 1251 1752 1274 ar-

349 1300 528 1354 gumenti
549 1300 782 1352 explicati03
819 1313 904 1352 quae
926 1300 1078 1353 sumpta
1107 1315 1154 1339 ex
1174 1302 1219 1339 iis
1240 1302 1352 1346 locis,
1384 1302 1452 1354 qui
1472 1302 1559 1340 sunt
1577 1302 1752 1354 expositi,

350 1366 601 1410 conficienda,
633 1376 670 1404 et
701 1366 967 1419 distinguenda
997 1367 1166 1405 dilucide
1189 1367 1254 1406 est.
1314 1369 1487 1406 FILIUS.
1521 1368 1638 1407 Plane
1657 1368 1753 1406 istuc

351 1433 479 1485 ipsum
496 1432 676 1470 defidero.
708 1434 886 1471 PATER.
905 1433 972 1471 Est
992 1447 1096 1486 ergo,
1111 1443 1153 1471 ut
1174 1433 1284 1486 supra
1297 1434 1444 1472 dietum
1463 1434 1527 1479 est,
1546 1434 1754 1487 explicatio

350 1500 584 1552 argumenti,
617 1500 922 1552 argumentatio;
957 1499 1017 1537 sed
1038 1514 1080 1537 ea
1099 1500 1318 1545 conficitur,
1351 1514 1443 1539 cum
1460 1501 1660 1553 sumpseris
1688 1510 1755 1538 aut

351 1581 430 1605 non
451 1567 580 1611 dubia,
595 1576 659 1603 aut
679 1566 905 1619 probabilia,
922 1580 968 1604 ex
987 1567 1128 1618 quibus
1145 1567 1184 1604 id
1200 1568 1355 1612 efficias,
1371 1568 1475 1620 quod
1491 1578 1555 1605 aut
1571 1568 1754 1614 dubium,

351 1642 417 1670 aut
437 1632 566 1670 minus
587 1631 786 1685 probabile
810 1645 878 1684 per
897 1631 933 1669 se
964 1632 1127 1670 videtur.
1188 1633 1497 1685 Argumentandi
1528 1642 1657 1672 autem
1678 1634 1758 1672 duo

351 1699 439 1737 sunt
472 1711 622 1751 genera,
655 1712 823 1750 quorum
856 1697 1019 1737 alterum
1051 1699 1099 1737 ad
1129 1698 1248 1737 fidem
1279 1700 1422 1737 directo
1458 1700 1625 1752 spectat5
1657 1700 1753 1738 alte-

352 1778 440 1803 rum
462 1764 497 1801 se
517 1763 678 1801 inflectit
707 1764 753 1801 ad
774 1772 942 1802 motum.
1003 1765 1209 1816 Dirigitur,
1244 1779 1335 1803 cum
1365 1765 1562 1819 proposuit
1593 1766 1753 1818 aliquid,

352 1829 458 1883 quod
478 1830 667 1882 probaret,
690 1829 927 1882 sumpsitque
953 1843 1008 1874 ea,
1044 1831 1186 1882 quibus
1217 1841 1412 1877 uteretur;
1443 1841 1556 1885 atque
1576 1831 1636 1870 his
1657 1846 1753 1870 con-

352 1896 513 1934 firmatis
545 1895 591 1933 ad
611 1894 850 1947 propositum
870 1895 941 1933 sese
964 1896 1108 1941 retulit,
1139 1905 1253 1948 atque
1274 1897 1475 1936 conclusit.
1535 1898 1606 1936 Illa
1626 1909 1755 1936 autem

352 1962 468 2000 altera
505 1961 800 2014 argumentati0‚
840 1961 943 2014 quasi
978 1971 1089 2007 retro,
1134 1971 1171 2000 et
1205 1972 1336 2000 contra
1375 1964 1478 2016 prius
1515 1964 1631 2001 sumit
1669 1978 1754 2016 quae

351 2028 451 2073 vult,
473 2041 589 2080 eaque
609 2027 813 2065 confirmat
831 2042 841 2066 ι
877 2027 1017 2065 deinde
1034 2028 1086 2073 id,
1115 2028 1219 2080 quod
1240 2029 1534 2081 proponendum
1554 2028 1644 2074 fuit,
1665 2043 1754 2082 per-

352 2094 470 2131 motis
491 2094 630 2131 animis
645 2093 741 2145 jacit
761 2092 807 2130 ad
831 2103 1063 2131 extremum.
1124 2094 1190 2131 Est
1211 2104 1339 2132 autem
1360 2094 1425 2131 illa
1444 2095 1600 2132 varietas
1622 2095 1663 2132 in
1694 2109 1754 2132 ar-

353 2160 631 2213 gumentando,
652 2169 690 2198 et
710 2173 787 2198 non
809 2160 1018 2212 injucunda
1033 2160 1250 2205 distinctim
1283 2171 1341 2206 ut,
1363 2175 1454 2199 cum
1475 2162 1755 2214 interrogamus

355 2226 619 2278 nosmetipsos,
649 2234 713 2263 aut
747 2236 1032 2279 percontamur,
1065 2236 1129 2264 aut
1164 2227 1414 2279 imperamus,
1447 2237 1510 2265 aut
1548 2237 1754 2280 optamu53

354 2306 439 2344 quae
461 2292 546 2329 sunt
566 2306 657 2329 cum
677 2292 758 2329 aliis
779 2293 1045 2345 compluribus
1066 2293 1338 2331 sententiarum
1359 2303 1594 2331 ornamenta.
1626 2294 1757 2330 Vitare
1788 2290 1793 2295 ’

356 2367 486 2395 autem
525 2357 817 2395 similitudinem
856 2359 1083 2409 poterimus,
1117 2372 1192 2396 non
1229 2359 1376 2411 semper
1412 2374 1431 2397 a
1469 2359 1659 2411 proposito
1690 2372 1753 2394 or-

356 2424 532 2468 dientes;
583 2433 620 2460 et
652 2423 677 2461 fi
710 2437 785 2461 non
816 2425 947 2461 omnia
978 2424 1242 2463 confirmando
1286 2425 1578 2478 disputabimus,
1626 2423 1754 2460 brevi-

357 2499 490 2543 terque
520 2490 729 2535 interdum,
764 2503 849 2543 quae
879 2499 991 2529 erunt
1020 2491 1105 2529 satis
1137 2501 1277 2544 aperta,
1312 2504 1498 2545 ponemus
1523 2506 1531 2529 ε
1574 2490 1756 2542 quodque
