2176 2912
598 178 918 225 LIBER
993 186 1479 242 TERTIUS.
1664 226 1741 266 319

335 266 529 321 cqstratam
548 271 619 311 effe
650 275 947 328 rempublicam.
1008 281 1118 323 Nolo
1121 285 1264 337 stercus
1281 293 1394 332 curiae
1418 295 1495 334 dici
1516 299 1737 346 Glauciam.

336 335 525 385 Qamvis
546 338 591 376 fit
609 338 745 386 fimile,
764 351 891 382 tamen
912 346 964 384 est
983 347 1024 387 in
1041 359 1205 405 utroque
1226 355 1410 398 deformis
1431 365 1613 416 cogitatio
1629 371 1736 411 fimi·

330 397 520 444 litudinis.
584 403 691 444 Nolo
711 406 782 446 effe
803 419 868 447 aut
885 413 1024 464 majus,
1056 430 1174 469 quam
1193 434 1248 459 res
1268 423 1447 476 postulet,
1480 434 1659 486 tempestas
1677 452 1736 476 co-

327 464 553 518 mssc'ztiomlm
586 480 651 510 aut
680 473 826 520 minus,
857 479 1041 532 comiffiztio
1071 487 1296 540 tempestatis.
1338 492 1446 532 Nolo
1472 497 1543 535 effe
1573 502 1733 544 verbum

327 532 520 584 angust-ius
541 535 595 582 id,
617 540 724 591 quod
744 542 966 585 transsatum
986 548 1045 595 fit,
1068 565 1186 603 quam
1206 554 1334 596 fuiffet
1353 559 1452 600 illud
1466 567 1669 618 proprium
1690 583 1731 609 ac

325 595 437 637 suum
449 617 461 645 ς

377 666 557 717 Qt'dnam
575 670 633 724 cst,
664 673 797 727 offero
814 676 834 715 ἒ
864 679 954 731 quid
967 690 1002 720 te
1020 683 1120 723 adiri
1134 686 1293 729 almutas
1309 692 1330 730 ,ἲ

321 728 469 772 Melius
489 735 589 782 effet,
620 750 738 786 vetas,
761 744 941 794 prohibes,
972 749 1168 803 absterres:
1199 759 1386 808 quoniam
1406 761 1472 800 ille
1491 764 1652 814 dixerat,

456 802 554 843 Illico
572 804 660 856 gstic,
681 821 724 846 ne
742 812 904 863 contagio
922 829 999 853 mea
1017 816 1127 864 bonis,
1149 822 1324 863 umbrave
1342 826 1439 878 ορβί.

371 866 653 918 Atqueetiam,
671 872 697 910 fi
719 887 864 914 vereare
882 892 932 916 ne
948 882 1065 933 paulo
1085 885 1216 925 durior
1235 891 1426 931 transsatio
1445 896 1516 935 effe
1535 900 1719 950 videatur,

314 930 524 971 mollienda
558 935 623 981 est,
659 942 858 993 praepofito
892 944 986 999 saepe
1017 950 1133 990 verbo
1145 971 1157 997 ς
1187 963 1244 1000 ut,
1279 956 1306 994 fi
1327 959 1437 1006 olim,
1474 963 1537 1002 M.
1572 967 1721 1009 Catone

310 1006 481 1044 mortuo,
504 1003 683 1054 pupillum
713 1006 886 1048 senatum
907 1014 993 1064 quis
1025 1017 1204 1058 reliCtum
1225 1021 1381 1072 diceret,
1409 1029 1524 1080 paulo
1555 1033 1714 1082 durius;

289 1060 379 1107 ,fin,
412 1073 455 1103 ut
484 1067 539 1107 ita
557 1067 683 1115 dicam,
708 1075 899 1127 pupillum,
930 1079 1128 1134 aliquanto
1157 1087 1293 1127 mitius
1313 1091 1378 1131 est.
1429 1094 1590 1136 Etenim
1610 1114 1717 1140 vere·-

309 1129 435 1167 cunda
454 1131 567 1171 debet
587 1136 657 1174 effe
674 1140 875 1187 transsatio,
896 1154 940 1182 ut
959 1147 1120 1188 deducsta
1139 1153 1210 1192 effe
1229 1156 1269 1193 in
1286 1157 1455 1199 alienum
1474 1162 1617 1212 locum,
1637 1182 1715 1207 non

306 1194 463 1242 irruiffe,
495 1209 608 1252 atque
629 1212 672 1240 ut
691 1209 874 1257 precario,
896 1224 974 1250 non
995 1215 1046 1260 vi,
1069 1219 1210 1258 veniffe
1232 1222 1417 1265 videatur.

360 1262 508 1304 Modus
528 1277 657 1307 autem
678 1273 808 1312 nullus
836 1276 889 1314 est
908 1277 1104 1321 florentior
1135 1286 1175 1322 in
1195 1287 1353 1342 fingulis
1374 1295 1512 1341 verbis,
1548 1312 1619 1336 nec
1640 1303 1707 1353 qui

300 1328 388 1380 plus
410 1330 569 1372 luminis
601 1335 730 1376 afferat
750 1342 925 1383 orationi.
986 1347 1091 1387 Nam
1112 1351 1223 1398 illud,
1257 1358 1361 1408 quod
1392 1373 1439 1399 ex
1469 1361 1544 1401 hoc
1569 1379 1706 1418 genere

299 1395 472 1445 profluit,
491 1413 568 1438 non
590 1402 642 1440 est
662 1404 701 1442 in
723 1420 800 1445 uno
817 1411 933 1449 verbo
948 1415 1137 1461 transsato,
1156 1419 1216 1457 sed
1235 1435 1282 1459 ex
1302 1424 1477 1475 pluribus
1499 1433 1703 1471 continua-

299 1460 347 1498 tis
367 1467 621 1513 connediituss
645 1479 687 1508 ut
707 1472 811 1512 aliud
831 1476 991 1524 dicatur,
1015 1481 1118 1520 aliud
1138 1485 1439 1539 intelligendum
1459 1495 1527 1534 sit:

816 1542 941 1596 ZVeque
955 1559 1008 1582 me
1020 1548 1153 1598 patiar
1172 1550 1303 1592 iterum

429 1597 500 1635 Ad
513 1613 622 1638 unum
626 1603 813 1656 scopulum
832 1617 868 1646 et
887 1610 995 1649 telum
1013 1614 1145 1667 clqffim
1165 1618 1352 1660 Achivdm
1372 1624 1556 1677 qffi'ndere.

292 1659 423 1711 Atque
443 1663 556 1709 illud,

427 1730 562 1775 Erras,
584 1747 687 1772 erras
698 1751 711 1773 .·
742 1751 825 1777 nam
844 1743 1076 1794 eafitltantem
1096 1756 1144 1793 te,
1175 1760 1210 1788 et
1221 1754 1467 1806 praefidentem
1484 1761 1555 1799 tibi

425 1795 634 1848 Repriment
652 1803 784 1842 vall'dae
801 1806 914 1858 legum
933 1809 1092 1858 habenae,
1113 1825 1222 1869 atque
1240 1820 1383 1873 imperii
1397 1825 1549 1878 inststent
1556 1829 1662 1883 jugo.

286 1859 445 1912 Sumpta
465 1876 503 1899 re
521 1863 637 1904 fimili
653 1869 776 1916 verba,
795 1873 874 1924 ejus
895 1876 945 1914 rei
959 1881 1123 1932 propria,
1140 1883 1319 1939 deinceps
1338 1889 1377 1927 in
1395 1905 1475 1931 rem
1492 1894 1605 1935 aliam
1623 1898 1685 1949 (ut

282 1924 382 1976 dixi)
407 1928 698 1972 transferuntur.

335 1991 466 2031 XLII.
490 1996 558 2034 Est
574 1996 650 2036 hoc
666 2014 853 2054 magnum
868 2020 1139 2052 ornamentum
1160 2018 1356 2065 orationis,
1379 2022 1418 2060 in
1436 2037 1514 2076 quo
1540 2028 1680 2067 obscu-

277 2055 368 2095 ritas
387 2058 570 2112 fugienda
589 2065 654 2104 est.
698 2068 855 2110 Etenim
877 2088 928 2128 exv
943 2075 1018 2115 hoc
1038 2093 1176 2132 genere
1196 2083 1296 2124 fiunt
1321 2100 1376 2133 ea,
1399 2104 1484 2142 quae
1501 2093 1683 2138 dicuntur

278 2123 491 2175 aenigmata.
535 2130 628 2169 Non
649 2133 701 2172 est
721 2146 848 2176 autem
869 2140 908 2177 in
940 2144 1054 2182 verbo
1075 2148 1212 2187 modus
1234 2149 1312 2197 hic,
1344 2154 1404 2193 sed
1431 2157 1471 2195 in
1492 2161 1673 2209 oratione,

275 2187 313 2224 id
334 2189 399 2234 est,
421 2192 459 2229 in
477 2197 766 2240 continuatione
787 2206 1004 2247 verborum.
1025 2212 1088 2249 Ne
1101 2213 1168 2252 illa
1187 2218 1346 2268 quidem
1364 2223 1549 2264 traduffio
1561 2236 1674 2279 atque

273 2252 497 2297 immutatio
521 2261 562 2299 in
597 2266 712 2304 verbo
732 2273 923 2321 quandam
955 2274 1248 2321 fabricationem
1282 2284 1412 2333 habet,
1444 2289 1565 2330 sedin
1586 2307 1670 2332 ora-

406 2389 544 2442 Afrs'ca
563 2395 721 2434 terribili
736 2403 859 2440 tremit
879 2405 1025 2446 horrida
1046 2419 1148 2449 terra
1169 2417 1338 2456 tumultu.

267 2451 343 2490 Pro
363 2454 391 2491 A
405 2455 468 2491 [εἰς
490 2458 541 2494 ‘st
562 2458 711 2513 sumpta
732 2465 876 2507 Africa.
909 2472 1048 2527 Neque
1068 2475 1214 2519 factum
1234 2483 1395 2522 verbum
1415 2485 1479 2532 est,
1511 2498 1567 2533 ut,

1266 2549 1274 2556 s

502 2558 506 2559 γ
538 2530 727 2581 vids-«gs
746 2532 845 2571 ,mzdfs
857 2551 871 2573 :
