<?xml version="1.0" encoding="UTF-8"?>
<!DOCTYPE html PUBLIC "-//W3C//DTD XHTML 1.0 Transitional//EN"
    "http://www.w3.org/TR/xhtml1/DTD/xhtml1-transitional.dtd">
<html xmlns="http://www.w3.org/1999/xhtml" xml:lang="en" lang="en">
 <head>
  <title>
</title>
<meta http-equiv="Content-Type" content="text/html;charset=utf-8" />
  <meta name='ocr-system' content='tesseract 3.04.00' />
  <meta name='ocr-capabilities' content='ocr_page ocr_carea ocr_par ocr_line ocrx_word'/>
</head>
<body>
  <div class='ocr_page' id='page_1' title='image "./operacumindicibu01ciceuoft_0314.png"; bbox 0 0 2176 2912; ppageno 0'>
   <div class='ocr_carea' id='block_1_1' title="bbox 474 203 1519 266">
    <p class='ocr_par' dir='ltr' id='par_1_1' title="bbox 474 203 1519 266">
     <span class='ocr_line' id='line_1_1' title="bbox 474 203 1519 266; baseline -0.009 -16"><span class='ocrx_word' id='word_1_1' title='bbox 474 224 552 266; x_wconf 77' lang='lat'><strong>304</strong></span> <span class='ocrx_word' id='word_1_2' title='bbox 827 205 941 244; x_wconf 87' lang='lat' dir='ltr'><strong>DE</strong></span> <span class='ocrx_word' id='word_1_3' title='bbox 1019 203 1519 243; x_wconf 82' lang='lat' dir='ltr'>ORATORE</span> 
     </span>
    </p>
   </div>
   <div class='ocr_carea' id='block_1_2' title="bbox 473 295 1935 2524">
    <p class='ocr_par' dir='ltr' id='par_1_2' title="bbox 473 295 1877 1131">
     <span class='ocr_line' id='line_1_2' title="bbox 473 295 1867 353; baseline -0.006 -11"><span class='ocrx_word' id='word_1_4' title='bbox 473 304 587 343; x_wconf 84' lang='lat' dir='ltr'>dulce</span> <span class='ocrx_word' id='word_1_5' title='bbox 606 300 672 346; x_wconf 88' lang='lat' dir='ltr'><strong>est,</strong></span> <span class='ocrx_word' id='word_1_6' title='bbox 693 299 909 353; x_wconf 81' lang='lat' dir='ltr'>aspernatur</span> <span class='ocrx_word' id='word_1_7' title='bbox 928 312 969 336; x_wconf 89' lang='lat' dir='ltr'><strong>ac</strong></span> <span class='ocrx_word' id='word_1_8' title='bbox 990 297 1158 349; x_wconf 83' lang='lat' dir='ltr'>respuit?</span> <span class='ocrx_word' id='word_1_9' title='bbox 1182 297 1283 349; x_wconf 86' lang='lat' dir='ltr'><strong>Qis</strong></span> <span class='ocrx_word' id='word_1_10' title='bbox 1300 297 1456 350; x_wconf 84' lang='lat' dir='ltr'><strong>potione</strong></span> <span class='ocrx_word' id='word_1_11' title='bbox 1478 296 1549 341; x_wconf 88' lang='lat' dir='ltr'><strong>uti,</strong></span> <span class='ocrx_word' id='word_1_12' title='bbox 1572 303 1636 335; x_wconf 88' lang='lat' dir='ltr'><strong>aut</strong></span> <span class='ocrx_word' id='word_1_13' title='bbox 1651 295 1740 334; x_wconf 88' lang='lat' dir='ltr'><strong>cibo</strong></span> <span class='ocrx_word' id='word_1_14' title='bbox 1760 295 1867 334; x_wconf 88' lang='lat' dir='ltr'><strong>dulci</strong></span> 
     </span>
     <span class='ocr_line' id='line_1_3' title="bbox 473 362 1868 420; baseline -0.006 -12"><span class='ocrx_word' id='word_1_15' title='bbox 473 370 619 408; x_wconf 84' lang='lat' dir='ltr'><strong>diutius</strong></span> <span class='ocrx_word' id='word_1_16' title='bbox 651 366 804 420; x_wconf 88' lang='lat' dir='ltr'><strong>potest?</strong></span> <span class='ocrx_word' id='word_1_17' title='bbox 835 378 929 403; x_wconf 91' lang='lat' dir='ltr'><strong>cum</strong></span> <span class='ocrx_word' id='word_1_18' title='bbox 960 373 1124 415; x_wconf 90' lang='lat' dir='ltr'><strong>utroque</strong></span> <span class='ocrx_word' id='word_1_19' title='bbox 1150 364 1191 401; x_wconf 90' lang='lat' dir='ltr'><strong>in</strong></span> <span class='ocrx_word' id='word_1_20' title='bbox 1216 377 1352 416; x_wconf 83' lang='lat' dir='ltr'><strong>genere</strong></span> <span class='ocrx_word' id='word_1_21' title='bbox 1372 377 1427 407; x_wconf 87' lang='lat' dir='ltr'><strong>ea,</strong></span> <span class='ocrx_word' id='word_1_22' title='bbox 1459 377 1544 415; x_wconf 83' lang='lat' dir='ltr'><strong>quae</strong></span> <span class='ocrx_word' id='word_1_23' title='bbox 1565 362 1698 400; x_wconf 86' lang='lat' dir='ltr'><strong>leviter</strong></span> <span class='ocrx_word' id='word_1_24' title='bbox 1718 362 1868 400; x_wconf 86' lang='lat' dir='ltr'><strong>sensum</strong></span> 
     </span>
     <span class='ocr_line' id='line_1_4' title="bbox 474 428 1869 487; baseline -0.006 -13"><span class='ocrx_word' id='word_1_25' title='bbox 474 436 670 487; x_wconf 84' lang='lat' dir='ltr'><strong>voluptate</strong></span> <span class='ocrx_word' id='word_1_26' title='bbox 690 440 882 476; x_wconf 86' lang='lat' dir='ltr'><strong>moveant,</strong></span> <span class='ocrx_word' id='word_1_27' title='bbox 904 430 1090 468; x_wconf 79' lang='lat' dir='ltr'><strong>facillime</strong></span> <span class='ocrx_word' id='word_1_28' title='bbox 1110 429 1261 482; x_wconf 86' lang='lat' dir='ltr'>fugiant</span> <span class='ocrx_word' id='word_1_29' title='bbox 1280 429 1502 467; x_wconf 86' lang='lat' dir='ltr'><strong>satietatem.</strong></span> <span class='ocrx_word' id='word_1_30' title='bbox 1541 429 1602 466; x_wconf 81' lang='lat' dir='ltr'><strong>Sic</strong></span> <span class='ocrx_word' id='word_1_31' title='bbox 1622 428 1806 466; x_wconf 81' lang='lat' dir='ltr'><strong>omnibus</strong></span> <span class='ocrx_word' id='word_1_32' title='bbox 1828 428 1869 465; x_wconf 82' lang='lat' dir='ltr'><strong>in</strong></span> 
     </span>
     <span class='ocr_line' id='line_1_5' title="bbox 474 494 1869 551; baseline -0.006 -11"><span class='ocrx_word' id='word_1_33' title='bbox 474 502 587 540; x_wconf 88' lang='lat' dir='ltr'><strong>rebus</strong></span> <span class='ocrx_word' id='word_1_34' title='bbox 621 498 884 551; x_wconf 82' lang='lat' dir='ltr'><strong>voluptatibus</strong></span> <span class='ocrx_word' id='word_1_35' title='bbox 907 496 1087 534; x_wconf 73' lang='lat' dir='ltr'><strong>maximis</strong></span> <span class='ocrx_word' id='word_1_36' title='bbox 1108 495 1304 534; x_wconf 80' lang='lat' dir='ltr'><strong>fastidium</strong></span> <span class='ocrx_word' id='word_1_37' title='bbox 1335 495 1550 533; x_wconf 87' lang='lat' dir='ltr'><strong>finitimum</strong></span> <span class='ocrx_word' id='word_1_38' title='bbox 1577 495 1652 533; x_wconf 90' lang='lat' dir='ltr'><strong>est:</strong></span> <span class='ocrx_word' id='word_1_39' title='bbox 1686 508 1764 547; x_wconf 89' lang='lat' dir='ltr'><strong>quo</strong></span> <span class='ocrx_word' id='word_1_40' title='bbox 1795 494 1869 532; x_wconf 89' lang='lat' dir='ltr'><strong>hoc</strong></span> 
     </span>
     <span class='ocr_line' id='line_1_6' title="bbox 477 550 1875 613; baseline -0.006 -7"><span class='ocrx_word' id='word_1_41' title='bbox 477 569 607 606; x_wconf 85' lang='lat' dir='ltr'><strong>minus</strong></span> <span class='ocrx_word' id='word_1_42' title='bbox 628 567 668 603; x_wconf 90' lang='lat' dir='ltr'><strong>in</strong></span> <span class='ocrx_word' id='word_1_43' title='bbox 688 565 856 604; x_wconf 86' lang='lat' dir='ltr'><strong>oratione</strong></span> <span class='ocrx_word' id='word_1_44' title='bbox 878 564 1066 600; x_wconf 88' lang='lat' dir='ltr'><strong>miremur</strong></span> <span class='ocrx_word' id='word_1_45' title='bbox 1080 580 1092 606; x_wconf 76' lang='lat'>3</span> <span class='ocrx_word' id='word_1_46' title='bbox 1125 562 1165 598; x_wconf 86' lang='lat' dir='ltr'><strong>in</strong></span> <span class='ocrx_word' id='word_1_47' title='bbox 1187 575 1263 613; x_wconf 87' lang='lat' dir='ltr'><strong>qua</strong></span> <span class='ocrx_word' id='word_1_48' title='bbox 1282 562 1341 598; x_wconf 92' lang='lat' dir='ltr'><strong>vel</strong></span> <span class='ocrx_word' id='word_1_49' title='bbox 1362 575 1409 599; x_wconf 82' lang='lat' dir='ltr'><strong>ex</strong></span> <span class='ocrx_word' id='word_1_50' title='bbox 1429 562 1567 613; x_wconf 84' lang='lat' dir='ltr'><strong>poetis,</strong></span> <span class='ocrx_word' id='word_1_51' title='bbox 1594 560 1655 598; x_wconf 88' lang='lat' dir='ltr'><strong>vel</strong></span> <span class='ocrx_word' id='word_1_52' title='bbox 1676 574 1722 598; x_wconf 85' lang='lat' dir='ltr'><strong>ex</strong></span> <span class='ocrx_word' id='word_1_53' title='bbox 1743 550 1875 598; x_wconf 61' lang='lat' dir='ltr'><strong>orato-&gt;</strong></span> 
     </span>
     <span class='ocr_line' id='line_1_7' title="bbox 477 624 1870 683; baseline -0.006 -12"><span class='ocrx_word' id='word_1_54' title='bbox 477 633 583 671; x_wconf 86' lang='lat' dir='ltr'><strong>ribus</strong></span> <span class='ocrx_word' id='word_1_55' title='bbox 605 630 801 683; x_wconf 84' lang='lat' dir='ltr'><strong>poffumus</strong></span> <span class='ocrx_word' id='word_1_56' title='bbox 828 628 1014 679; x_wconf 87' lang='lat' dir='ltr'><strong>judicare,</strong></span> <span class='ocrx_word' id='word_1_57' title='bbox 1035 627 1281 670; x_wconf 85' lang='lat' dir='ltr'>concinnam,</span> <span class='ocrx_word' id='word_1_58' title='bbox 1305 625 1534 669; x_wconf 67' lang='lat' dir='ltr'><strong>distin&amp;am,</strong></span> <span class='ocrx_word' id='word_1_59' title='bbox 1557 635 1741 669; x_wconf 86' lang='lat' dir='ltr'><strong>ornatam,</strong></span> <span class='ocrx_word' id='word_1_60' title='bbox 1763 624 1870 662; x_wconf 65' lang='lat' dir='ltr'><strong>festi«</strong></span> 
     </span>
     <span class='ocr_line' id='line_1_8' title="bbox 477 689 1870 742; baseline -0.006 -5"><span class='ocrx_word' id='word_1_61' title='bbox 477 712 578 742; x_wconf 82' lang='lat' dir='ltr'><strong>vam,</strong></span> <span class='ocrx_word' id='word_1_62' title='bbox 602 697 676 734; x_wconf 87' lang='lat' dir='ltr'><strong>fine</strong></span> <span class='ocrx_word' id='word_1_63' title='bbox 696 692 984 735; x_wconf 71' lang='lat' dir='ltr'><strong>intermistione,</strong></span> <span class='ocrx_word' id='word_1_64' title='bbox 1006 691 1082 728; x_wconf 88' lang='lat' dir='ltr'><strong>fine</strong></span> <span class='ocrx_word' id='word_1_65' title='bbox 1099 689 1400 742; x_wconf 79' lang='lat' dir='ltr'><strong>reprehensione,</strong></span> <span class='ocrx_word' id='word_1_66' title='bbox 1422 690 1497 727; x_wconf 87' lang='lat' dir='ltr'><strong>fine</strong></span> <span class='ocrx_word' id='word_1_67' title='bbox 1518 690 1708 734; x_wconf 86' lang='lat' dir='ltr'><strong>varietate,</strong></span> <span class='ocrx_word' id='word_1_68' title='bbox 1731 703 1870 741; x_wconf 86' lang='lat' dir='ltr'><strong>quam-</strong></span> 
     </span>
     <span class='ocr_line' id='line_1_9' title="bbox 478 755 1873 809; baseline -0.006 -7"><span class='ocrx_word' id='word_1_69' title='bbox 478 765 533 802; x_wconf 78' lang='lat' dir='ltr'><strong>vis</strong></span> <span class='ocrx_word' id='word_1_70' title='bbox 565 763 674 800; x_wconf 85' lang='lat' dir='ltr'><strong>claris</strong></span> <span class='ocrx_word' id='word_1_71' title='bbox 708 761 751 798; x_wconf 88' lang='lat' dir='ltr'><strong>fit</strong></span> <span class='ocrx_word' id='word_1_72' title='bbox 771 758 966 798; x_wconf 83' lang='lat' dir='ltr'><strong>coloribus</strong></span> <span class='ocrx_word' id='word_1_73' title='bbox 998 757 1100 809; x_wconf 63' lang='lat' dir='ltr'><strong>picta</strong></span> <span class='ocrx_word' id='word_1_74' title='bbox 1120 757 1179 794; x_wconf 91' lang='lat' dir='ltr'><strong>vel</strong></span> <span class='ocrx_word' id='word_1_75' title='bbox 1211 756 1330 809; x_wconf 88' lang='lat' dir='ltr'><strong>poefis</strong></span> <span class='ocrx_word' id='word_1_76' title='bbox 1351 757 1411 794; x_wconf 89' lang='lat' dir='ltr'><strong>vel</strong></span> <span class='ocrx_word' id='word_1_77' title='bbox 1439 756 1572 801; x_wconf 86' lang='lat' dir='ltr'><strong>oratio,</strong></span> <span class='ocrx_word' id='word_1_78' title='bbox 1603 769 1680 794; x_wconf 89' lang='lat' dir='ltr'><strong>non</strong></span> <span class='ocrx_word' id='word_1_79' title='bbox 1711 755 1812 809; x_wconf 76' lang='lat' dir='ltr'><strong>poss&#39;e</strong></span> <span class='ocrx_word' id='word_1_80' title='bbox 1832 756 1873 793; x_wconf 81' lang='lat' dir='ltr'><strong>in</strong></span> 
     </span>
     <span class='ocr_line' id='line_1_10' title="bbox 478 822 1874 874; baseline -0.006 -7"><span class='ocrx_word' id='word_1_81' title='bbox 478 828 728 868; x_wconf 66' lang='lat' dir='ltr'><strong>delectatione</strong></span> <span class='ocrx_word' id='word_1_82' title='bbox 747 825 818 863; x_wconf 84' lang='lat' dir='ltr'><strong>effe</strong></span> <span class='ocrx_word' id='word_1_83' title='bbox 838 824 1032 862; x_wconf 86' lang='lat' dir='ltr'><strong>diuturna.</strong></span> <span class='ocrx_word' id='word_1_84' title='bbox 1092 825 1225 874; x_wconf 88' lang='lat' dir='ltr'><strong>Atque</strong></span> <span class='ocrx_word' id='word_1_85' title='bbox 1256 837 1300 861; x_wconf 90' lang='lat' dir='ltr'><strong>eo</strong></span> <span class='ocrx_word' id='word_1_86' title='bbox 1321 823 1435 861; x_wconf 79' lang='lat' dir='ltr'><strong>citius</strong></span> <span class='ocrx_word' id='word_1_87' title='bbox 1476 824 1516 860; x_wconf 89' lang='lat' dir='ltr'><strong>in</strong></span> <span class='ocrx_word' id='word_1_88' title='bbox 1547 823 1718 867; x_wconf 83' lang='lat' dir='ltr'><strong>oratoris,</strong></span> <span class='ocrx_word' id='word_1_89' title='bbox 1749 831 1814 860; x_wconf 87' lang='lat' dir='ltr'><strong>aut</strong></span> <span class='ocrx_word' id='word_1_90' title='bbox 1834 822 1874 859; x_wconf 89' lang='lat' dir='ltr'><strong>in</strong></span> 
     </span>
     <span class='ocr_line' id='line_1_11' title="bbox 479 887 1873 948; baseline -0.006 -15"><span class='ocrx_word' id='word_1_91' title='bbox 479 904 600 948; x_wconf 76' lang='lat' dir='ltr'><strong>pocta:</strong></span> <span class='ocrx_word' id='word_1_92' title='bbox 620 891 810 931; x_wconf 84' lang='lat' dir='ltr'><strong>cincinnis</strong></span> <span class='ocrx_word' id='word_1_93' title='bbox 831 903 872 928; x_wconf 90' lang='lat' dir='ltr'><strong>ac</strong></span> <span class='ocrx_word' id='word_1_94' title='bbox 893 888 984 927; x_wconf 91' lang='lat' dir='ltr'><strong>fuco</strong></span> <span class='ocrx_word' id='word_1_95' title='bbox 1003 888 1226 932; x_wconf 86' lang='lat' dir='ltr'><strong>offenditur,</strong></span> <span class='ocrx_word' id='word_1_96' title='bbox 1257 888 1363 939; x_wconf 92' lang='lat' dir='ltr'><strong>quod</strong></span> <span class='ocrx_word' id='word_1_97' title='bbox 1384 888 1507 926; x_wconf 85' lang='lat' dir='ltr'><strong>sensus</strong></span> <span class='ocrx_word' id='word_1_98' title='bbox 1531 888 1570 925; x_wconf 88' lang='lat' dir='ltr'><strong>in</strong></span> <span class='ocrx_word' id='word_1_99' title='bbox 1591 888 1711 926; x_wconf 90' lang='lat' dir='ltr'><strong>nimia</strong></span> <span class='ocrx_word' id='word_1_100' title='bbox 1731 887 1873 940; x_wconf 92' lang='lat' dir='ltr'><strong>volup-</strong></span> 
     </span>
     <span class='ocr_line' id='line_1_12' title="bbox 482 954 1876 1006; baseline -0.006 -7"><span class='ocrx_word' id='word_1_101' title='bbox 482 970 555 999; x_wconf 85' lang='lat' dir='ltr'><strong>tate</strong></span> <span class='ocrx_word' id='word_1_102' title='bbox 587 960 733 1002; x_wconf 70' lang='lat' dir='ltr'><strong>natura,</strong></span> <span class='ocrx_word' id='word_1_103' title='bbox 764 970 841 995; x_wconf 90' lang='lat' dir='ltr'><strong>non</strong></span> <span class='ocrx_word' id='word_1_104' title='bbox 873 964 1015 999; x_wconf 86' lang='lat' dir='ltr'><strong>mente,</strong></span> <span class='ocrx_word' id='word_1_105' title='bbox 1047 954 1251 992; x_wconf 85' lang='lat' dir='ltr'><strong>satiantur:</strong></span> <span class='ocrx_word' id='word_1_106' title='bbox 1285 954 1494 1006; x_wconf 84' lang='lat' dir='ltr'><strong>inscriptis</strong></span> <span class='ocrx_word' id='word_1_107' title='bbox 1525 963 1563 991; x_wconf 92' lang='lat' dir='ltr'><strong>et</strong></span> <span class='ocrx_word' id='word_1_108' title='bbox 1589 954 1628 991; x_wconf 87' lang='lat' dir='ltr'><strong>in</strong></span> <span class='ocrx_word' id='word_1_109' title='bbox 1660 954 1770 992; x_wconf 64' lang='lat' dir='ltr'><strong>dietis</strong></span> <span class='ocrx_word' id='word_1_110' title='bbox 1798 966 1876 991; x_wconf 85' lang='lat' dir='ltr'><strong>non</strong></span> 
     </span>
     <span class='ocr_line' id='line_1_13' title="bbox 481 1018 1877 1073; baseline -0.006 -9"><span class='ocrx_word' id='word_1_111' title='bbox 481 1027 633 1065; x_wconf 87' lang='lat' dir='ltr'><strong>aurium</strong></span> <span class='ocrx_word' id='word_1_112' title='bbox 664 1025 803 1068; x_wconf 88' lang='lat' dir='ltr'><strong>solum,</strong></span> <span class='ocrx_word' id='word_1_113' title='bbox 836 1022 897 1060; x_wconf 88' lang='lat' dir='ltr'><strong>sed</strong></span> <span class='ocrx_word' id='word_1_114' title='bbox 928 1021 1047 1058; x_wconf 86' lang='lat' dir='ltr'><strong>animi</strong></span> <span class='ocrx_word' id='word_1_115' title='bbox 1073 1021 1224 1073; x_wconf 85' lang='lat' dir='ltr'><strong>judicio</strong></span> <span class='ocrx_word' id='word_1_116' title='bbox 1258 1021 1373 1058; x_wconf 86' lang='lat' dir='ltr'><strong>etiam</strong></span> <span class='ocrx_word' id='word_1_117' title='bbox 1406 1021 1542 1073; x_wconf 79' lang='lat' dir='ltr'><strong>magis,</strong></span> <span class='ocrx_word' id='word_1_118' title='bbox 1584 1018 1754 1058; x_wconf 84' lang='lat' dir='ltr'><strong>infucata</strong></span> <span class='ocrx_word' id='word_1_119' title='bbox 1784 1019 1877 1057; x_wconf 86' lang='lat' dir='ltr'><strong>vitia</strong></span> 
     </span>
     <span class='ocr_line' id='line_1_14' title="bbox 482 1093 703 1131; baseline -0.014 0"><span class='ocrx_word' id='word_1_120' title='bbox 482 1093 703 1131; x_wconf 86' lang='lat' dir='ltr'><strong>noscuntur.</strong></span> 
     </span>
    </p>

    <p class='ocr_par' dir='ltr' id='par_1_3' title="bbox 484 1151 1881 1526">
     <span class='ocr_line' id='line_1_15' title="bbox 538 1151 1874 1207; baseline -0.006 -11"><span class='ocrx_word' id='word_1_121' title='bbox 538 1158 689 1196; x_wconf 91' lang='lat' dir='ltr'>XXVI.</span> <span class='ocrx_word' id='word_1_122' title='bbox 722 1157 865 1207; x_wconf 64' lang='lat' dir='ltr'><strong>Qme,</strong></span> <span class='ocrx_word' id='word_1_123' title='bbox 882 1154 976 1198; x_wconf 81' lang='lat' dir='ltr'><strong>bene,</strong></span> <span class='ocrx_word' id='word_1_124' title='bbox 995 1162 1033 1190; x_wconf 88' lang='lat' dir='ltr'><strong>et</strong></span> <span class='ocrx_word' id='word_1_125' title='bbox 1046 1153 1238 1206; x_wconf 60' lang='lat' dir='ltr'><strong>praeclare,</strong></span> <span class='ocrx_word' id='word_1_126' title='bbox 1262 1152 1439 1204; x_wconf 85' lang='lat' dir='ltr'><strong>quamvis</strong></span> <span class='ocrx_word' id='word_1_127' title='bbox 1461 1152 1571 1189; x_wconf 81' lang='lat' dir='ltr'><strong>nobis</strong></span> <span class='ocrx_word' id='word_1_128' title='bbox 1594 1151 1687 1204; x_wconf 86' lang='lat' dir='ltr'><strong>saepe</strong></span> <span class='ocrx_word' id='word_1_129' title='bbox 1707 1151 1855 1189; x_wconf 84' lang='lat' dir='ltr'><strong>dicatur</strong></span> <span class='ocrx_word' id='word_1_130' title='bbox 1863 1169 1874 1195; x_wconf 69' lang='grc' dir='ltr'><strong><em>ς</em></strong></span> 
     </span>
     <span class='ocr_line' id='line_1_16' title="bbox 484 1217 1877 1274; baseline -0.006 -11"><span class='ocrx_word' id='word_1_131' title='bbox 484 1224 577 1268; x_wconf 69' lang='lat' dir='ltr'><strong>belle,</strong></span> <span class='ocrx_word' id='word_1_132' title='bbox 609 1222 798 1274; x_wconf 45' lang='lat' dir='ltr'><strong>&amp;fisticum</strong></span> <span class='ocrx_word' id='word_1_133' title='bbox 830 1221 1001 1258; x_wconf 86' lang='lat' dir='ltr'><strong>nimium</strong></span> <span class='ocrx_word' id='word_1_134' title='bbox 1036 1219 1130 1271; x_wconf 78' lang='lat' dir='ltr'><strong>saepe</strong></span> <span class='ocrx_word' id='word_1_135' title='bbox 1161 1218 1264 1256; x_wconf 86' lang='lat' dir='ltr'><strong>nolo.</strong></span> <span class='ocrx_word' id='word_1_136' title='bbox 1309 1219 1545 1269; x_wconf 82' lang='lat' dir='ltr'><strong>Qanquam</strong></span> <span class='ocrx_word' id='word_1_137' title='bbox 1567 1217 1633 1255; x_wconf 88' lang='lat' dir='ltr'><strong>illa</strong></span> <span class='ocrx_word' id='word_1_138' title='bbox 1653 1217 1730 1269; x_wconf 92' lang='lat' dir='ltr'><strong>ipsa</strong></span> <span class='ocrx_word' id='word_1_139' title='bbox 1749 1217 1877 1255; x_wconf 86' lang='lat' dir='ltr'><strong>excla-</strong></span> 
     </span>
     <span class='ocr_line' id='line_1_17' title="bbox 485 1275 1881 1341; baseline -0.006 -13"><span class='ocrx_word' id='word_1_140' title='bbox 485 1290 618 1333; x_wconf 82' lang='lat' dir='ltr'><strong>matio,</strong></span> <span class='ocrx_word' id='word_1_141' title='bbox 649 1290 734 1326; x_wconf 85' lang='lat' dir='ltr'><strong>Non</strong></span> <span class='ocrx_word' id='word_1_142' title='bbox 748 1275 1008 1341; x_wconf 60' lang='lat' dir='ltr'><strong>potfsZJJzelz&#39;us,</strong></span> <span class='ocrx_word' id='word_1_143' title='bbox 1037 1285 1080 1322; x_wconf 80' lang='lat' dir='ltr'><strong>sit</strong></span> <span class='ocrx_word' id='word_1_144' title='bbox 1100 1284 1219 1321; x_wconf 89' lang='lat' dir='ltr'><strong>velim</strong></span> <span class='ocrx_word' id='word_1_145' title='bbox 1239 1284 1368 1321; x_wconf 86' lang='lat' dir='ltr'><strong>crebra</strong></span> <span class='ocrx_word' id='word_1_146' title='bbox 1384 1302 1396 1328; x_wconf 83' lang='lat'>;</span> <span class='ocrx_word' id='word_1_147' title='bbox 1428 1283 1489 1321; x_wconf 91' lang='lat' dir='ltr'><strong>sed</strong></span> <span class='ocrx_word' id='word_1_148' title='bbox 1510 1283 1646 1321; x_wconf 86' lang='lat' dir='ltr'><strong>habeat</strong></span> <span class='ocrx_word' id='word_1_149' title='bbox 1666 1292 1793 1321; x_wconf 88' lang='lat' dir='ltr'><strong>tamen</strong></span> <span class='ocrx_word' id='word_1_150' title='bbox 1814 1283 1881 1320; x_wconf 86' lang='lat' dir='ltr'><strong>illa</strong></span> 
     </span>
     <span class='ocr_line' id='line_1_18' title="bbox 485 1348 1877 1403; baseline -0.005 -9"><span class='ocrx_word' id='word_1_151' title='bbox 485 1357 525 1394; x_wconf 89' lang='lat' dir='ltr'><strong>in</strong></span> <span class='ocrx_word' id='word_1_152' title='bbox 546 1354 709 1393; x_wconf 87' lang='lat' dir='ltr'><strong>dicendo</strong></span> <span class='ocrx_word' id='word_1_153' title='bbox 729 1353 944 1397; x_wconf 87' lang='lat' dir='ltr'><strong>admiratio,</strong></span> <span class='ocrx_word' id='word_1_154' title='bbox 967 1365 1009 1390; x_wconf 89' lang='lat' dir='ltr'><strong>ac</strong></span> <span class='ocrx_word' id='word_1_155' title='bbox 1030 1351 1180 1389; x_wconf 87' lang='lat' dir='ltr'><strong>summa</strong></span> <span class='ocrx_word' id='word_1_156' title='bbox 1199 1351 1279 1389; x_wconf 79' lang='lat' dir='ltr'><strong>laus</strong></span> <span class='ocrx_word' id='word_1_157' title='bbox 1302 1351 1482 1388; x_wconf 86' lang='lat' dir='ltr'><strong>umbram</strong></span> <span class='ocrx_word' id='word_1_158' title='bbox 1503 1350 1673 1403; x_wconf 81' lang='lat' dir='ltr'><strong>aliquam</strong></span> <span class='ocrx_word' id='word_1_159' title='bbox 1699 1359 1737 1389; x_wconf 89' lang='lat' dir='ltr'><strong>et</strong></span> <span class='ocrx_word' id='word_1_160' title='bbox 1757 1348 1877 1388; x_wconf 86' lang='lat' dir='ltr'><strong>reces-</strong></span> 
     </span>
     <span class='ocr_line' id='line_1_19' title="bbox 486 1415 1876 1473; baseline -0.006 -13"><span class='ocrx_word' id='word_1_161' title='bbox 486 1422 584 1466; x_wconf 86' lang='lat' dir='ltr'><strong>sum,</strong></span> <span class='ocrx_word' id='word_1_162' title='bbox 608 1434 686 1473; x_wconf 87' lang='lat' dir='ltr'><strong>quo</strong></span> <span class='ocrx_word' id='word_1_163' title='bbox 707 1420 829 1471; x_wconf 84' lang='lat' dir='ltr'><strong>magis</strong></span> <span class='ocrx_word' id='word_1_164' title='bbox 851 1418 904 1463; x_wconf 88' lang='lat' dir='ltr'><strong>id,</strong></span> <span class='ocrx_word' id='word_1_165' title='bbox 927 1417 1033 1470; x_wconf 91' lang='lat' dir='ltr'><strong>quod</strong></span> <span class='ocrx_word' id='word_1_166' title='bbox 1053 1418 1124 1455; x_wconf 88' lang='lat' dir='ltr'><strong>erit</strong></span> <span class='ocrx_word' id='word_1_167' title='bbox 1145 1416 1427 1462; x_wconf 84' lang='lat' dir='ltr'><strong>illuminatum,</strong></span> <span class='ocrx_word' id='word_1_168' title='bbox 1458 1416 1612 1461; x_wconf 84' lang='lat' dir='ltr'><strong>exstare,</strong></span> <span class='ocrx_word' id='word_1_169' title='bbox 1642 1424 1756 1467; x_wconf 87' lang='lat' dir='ltr'><strong>atque</strong></span> <span class='ocrx_word' id='word_1_170' title='bbox 1776 1415 1876 1453; x_wconf 80' lang='lat' dir='ltr'><strong>emi-</strong></span> 
     </span>
     <span class='ocr_line' id='line_1_20' title="bbox 485 1486 777 1526; baseline -0.014 0"><span class='ocrx_word' id='word_1_171' title='bbox 485 1501 572 1526; x_wconf 86' lang='lat' dir='ltr'><strong>nere</strong></span> <span class='ocrx_word' id='word_1_172' title='bbox 593 1486 777 1523; x_wconf 81' lang='lat' dir='ltr'><strong>videatur.</strong></span> 
     </span>
    </p>

    <p class='ocr_par' dir='ltr' id='par_1_4' title="bbox 547 1546 1805 1602">
     <span class='ocr_line' id='line_1_21' title="bbox 547 1546 1805 1602; baseline -0.003 -13"><span class='ocrx_word' id='word_1_173' title='bbox 547 1553 764 1602; x_wconf 86' lang='lat' dir='ltr'><strong>Nunquam</strong></span> <span class='ocrx_word' id='word_1_174' title='bbox 785 1551 863 1601; x_wconf 82' lang='lat' dir='ltr'><strong>agit</strong></span> <span class='ocrx_word' id='word_1_175' title='bbox 883 1549 988 1586; x_wconf 91' lang='lat' dir='ltr'><strong>hunc</strong></span> <span class='ocrx_word' id='word_1_176' title='bbox 1009 1549 1159 1586; x_wconf 87' lang='lat' dir='ltr'><strong>versum</strong></span> <span class='ocrx_word' id='word_1_177' title='bbox 1181 1548 1341 1586; x_wconf 87' lang='lat' dir='ltr'><strong>Roscius</strong></span> <span class='ocrx_word' id='word_1_178' title='bbox 1363 1561 1408 1587; x_wconf 92' lang='lat' dir='ltr'><strong>eo</strong></span> <span class='ocrx_word' id='word_1_179' title='bbox 1427 1548 1547 1600; x_wconf 88' lang='lat' dir='ltr'><strong>gestu,</strong></span> <span class='ocrx_word' id='word_1_180' title='bbox 1571 1561 1649 1600; x_wconf 93' lang='lat' dir='ltr'><strong>quo</strong></span> <span class='ocrx_word' id='word_1_181' title='bbox 1669 1546 1805 1599; x_wconf 86' lang='lat' dir='ltr'><strong>potest,</strong></span> 
     </span>
    </p>

    <p class='ocr_par' dir='ltr' id='par_1_5' title="bbox 488 1612 1918 2391">
     <span class='ocr_line' id='line_1_22' title="bbox 599 1612 1838 1668; baseline -0.002 -14"><span class='ocrx_word' id='word_1_182' title='bbox 599 1618 698 1655; x_wconf 71' lang='lat' dir='ltr'><strong>IVam</strong></span> <span class='ocrx_word' id='word_1_183' title='bbox 731 1615 849 1668; x_wconf 62' lang='lat' dir='ltr'><strong>expiens</strong></span> <span class='ocrx_word' id='word_1_184' title='bbox 865 1615 1005 1653; x_wconf 79' lang='lat' dir='ltr'><strong>virtuti</strong></span> <span class='ocrx_word' id='word_1_185' title='bbox 1019 1614 1179 1652; x_wconf 81' lang='lat' dir='ltr'><strong>honorem</strong></span> <span class='ocrx_word' id='word_1_186' title='bbox 1191 1614 1396 1666; x_wconf 76' lang='lat' dir='ltr'><strong>praemium,</strong></span> <span class='ocrx_word' id='word_1_187' title='bbox 1417 1613 1517 1652; x_wconf 81' lang='lat' dir='ltr'><strong>haud</strong></span> <span class='ocrx_word' id='word_1_188' title='bbox 1520 1612 1698 1666; x_wconf 75' lang='lat' dir='ltr'><strong>praedam,</strong></span> <span class='ocrx_word' id='word_1_189' title='bbox 1716 1613 1812 1666; x_wconf 83' lang='lat' dir='ltr'><strong>petit</strong></span> <span class='ocrx_word' id='word_1_190' title='bbox 1825 1628 1838 1651; x_wconf 94' lang='lat'><em>:</em></span> 
     </span>
     <span class='ocr_line' id='line_1_23' title="bbox 488 1681 1249 1735; baseline -0.008 -12"><span class='ocrx_word' id='word_1_191' title='bbox 488 1684 551 1723; x_wconf 88' lang='lat' dir='ltr'><strong>sed</strong></span> <span class='ocrx_word' id='word_1_192' title='bbox 571 1683 703 1735; x_wconf 83' lang='lat' dir='ltr'><strong>abjicit</strong></span> <span class='ocrx_word' id='word_1_193' title='bbox 723 1681 887 1734; x_wconf 81' lang='lat' dir='ltr'><strong>prorsus,</strong></span> <span class='ocrx_word' id='word_1_194' title='bbox 918 1690 961 1718; x_wconf 91' lang='lat' dir='ltr'><strong>ut</strong></span> <span class='ocrx_word' id='word_1_195' title='bbox 976 1681 1015 1718; x_wconf 90' lang='lat' dir='ltr'><strong>in</strong></span> <span class='ocrx_word' id='word_1_196' title='bbox 1037 1681 1249 1732; x_wconf 83' lang='lat' dir='ltr'><strong>proximos,</strong></span> 
     </span>
     <span class='ocr_line' id='line_1_24' title="bbox 625 1745 1580 1801; baseline -0.004 -14"><span class='ocrx_word' id='word_1_197' title='bbox 625 1747 769 1801; x_wconf 79' lang='lat' dir='ltr'><strong>Ecquid</strong></span> <span class='ocrx_word' id='word_1_198' title='bbox 782 1747 879 1786; x_wconf 78' lang='lat' dir='ltr'><strong>video</strong></span> <span class='ocrx_word' id='word_1_199' title='bbox 893 1747 912 1785; x_wconf 60' lang='grc' dir='ltr'><strong>,ἲ</strong></span> <span class='ocrx_word' id='word_1_200' title='bbox 926 1747 1170 1799; x_wconf 75' lang='lat' dir='ltr'><strong>fi’rrostptus</strong></span> <span class='ocrx_word' id='word_1_201' title='bbox 1183 1745 1430 1798; x_wconf 68' lang='lat' dir='ltr'><strong>pqffi&#39;detstdes</strong></span> <span class='ocrx_word' id='word_1_202' title='bbox 1435 1747 1580 1798; x_wconf 81' lang='lat' dir='ltr'><strong>sacras,</strong></span> 
     </span>
     <span class='ocr_line' id='line_1_25' title="bbox 489 1811 1685 1866; baseline -0.005 -12"><span class='ocrx_word' id='word_1_203' title='bbox 489 1815 647 1859; x_wconf 85' lang='lat' dir='ltr'><strong>incidat,</strong></span> <span class='ocrx_word' id='word_1_204' title='bbox 669 1814 837 1866; x_wconf 86' lang='lat' dir='ltr'><strong>aspiciat,</strong></span> <span class='ocrx_word' id='word_1_205' title='bbox 868 1813 1090 1857; x_wconf 87' lang='lat' dir='ltr'><strong>admiretur,</strong></span> <span class='ocrx_word' id='word_1_206' title='bbox 1113 1811 1311 1864; x_wconf 84' lang='lat' dir='ltr'><strong>stupescat.</strong></span> <span class='ocrx_word' id='word_1_207' title='bbox 1344 1811 1454 1863; x_wconf 86' lang='lat' dir='ltr'><strong>Qid</strong></span> <span class='ocrx_word' id='word_1_208' title='bbox 1475 1812 1540 1850; x_wconf 93' lang='lat' dir='ltr'><strong>ille</strong></span> <span class='ocrx_word' id='word_1_209' title='bbox 1561 1811 1654 1850; x_wconf 83' lang='lat' dir='ltr'><strong>alter</strong></span> <span class='ocrx_word' id='word_1_210' title='bbox 1672 1812 1685 1848; x_wconf 91' lang='lat'>?</span> 
     </span>
     <span class='ocr_line' id='line_1_26' title="bbox 593 1878 1046 1934; baseline -0.004 -16"><span class='ocrx_word' id='word_1_211' title='bbox 593 1931 596 1934; x_wconf 12' lang='grc' dir='ltr'>ξ</span> <span class='ocrx_word' id='word_1_212' title='bbox 625 1879 854 1932; x_wconf 73' lang='lat' dir='ltr'><strong>Qcidpetam</strong></span> <span class='ocrx_word' id='word_1_213' title='bbox 866 1878 1046 1932; x_wconf 70' lang='lat' dir='ltr'><strong>praestdl?</strong></span> 
     </span>
     <span class='ocr_line' id='line_1_27' title="bbox 490 1942 1863 1999; baseline -0.003 -15"><span class='ocrx_word' id='word_1_214' title='bbox 490 1960 609 1999; x_wconf 89' lang='lat' dir='ltr'><strong>quam</strong></span> <span class='ocrx_word' id='word_1_215' title='bbox 630 1946 793 1984; x_wconf 84' lang='lat' dir='ltr'><strong>leniter?</strong></span> <span class='ocrx_word' id='word_1_216' title='bbox 825 1959 944 1997; x_wconf 91' lang='lat' dir='ltr'><strong>quam</strong></span> <span class='ocrx_word' id='word_1_217' title='bbox 964 1944 1140 1983; x_wconf 73' lang='lat' dir='ltr'><strong>remisse?</strong></span> <span class='ocrx_word' id='word_1_218' title='bbox 1163 1957 1281 1996; x_wconf 86' lang='lat' dir='ltr'><strong>quam</strong></span> <span class='ocrx_word' id='word_1_219' title='bbox 1302 1957 1378 1981; x_wconf 85' lang='lat' dir='ltr'><strong>non</strong></span> <span class='ocrx_word' id='word_1_220' title='bbox 1399 1943 1577 1982; x_wconf 62' lang='lat' dir='ltr'><strong>actuose?</strong></span> <span class='ocrx_word' id='word_1_221' title='bbox 1608 1943 1724 1981; x_wconf 87' lang='lat' dir='ltr'><strong>Instat</strong></span> <span class='ocrx_word' id='word_1_222' title='bbox 1744 1942 1863 1987; x_wconf 89' lang='lat' dir='ltr'><strong>enim,</strong></span> 
     </span>
     <span class='ocr_line' id='line_1_28' title="bbox 628 2009 1383 2065; baseline -0.005 -14"><span class='ocrx_word' id='word_1_223' title='bbox 628 2014 661 2052; x_wconf 91' lang='lat' dir='ltr'><em>O</em></span> <span class='ocrx_word' id='word_1_224' title='bbox 675 2022 799 2065; x_wconf 80' lang='lat' dir='ltr'><strong>pater,</strong></span> <span class='ocrx_word' id='word_1_225' title='bbox 830 2027 848 2050; x_wconf 88' lang='lat'><strong><em>0</em></strong></span> <span class='ocrx_word' id='word_1_226' title='bbox 860 2012 1005 2065; x_wconf 78' lang='lat' dir='ltr'><strong>patria,</strong></span> <span class='ocrx_word' id='word_1_227' title='bbox 1037 2026 1054 2049; x_wconf 85' lang='lat'><em>0</em></span> <span class='ocrx_word' id='word_1_228' title='bbox 1074 2011 1221 2049; x_wconf 79' lang='lat' dir='ltr'><strong>Priami</strong></span> <span class='ocrx_word' id='word_1_229' title='bbox 1233 2009 1349 2048; x_wconf 81' lang='lat' dir='ltr'><em>domus</em></span> <span class='ocrx_word' id='word_1_230' title='bbox 1367 2011 1383 2047; x_wconf 74' lang='grc' dir='ltr'><strong>,Ι</strong></span> 
     </span>
     <span class='ocr_line' id='line_1_29' title="bbox 492 2073 1883 2129; baseline -0.004 -15"><span class='ocrx_word' id='word_1_231' title='bbox 492 2078 532 2115; x_wconf 86' lang='lat' dir='ltr'><strong>in</strong></span> <span class='ocrx_word' id='word_1_232' title='bbox 554 2091 632 2129; x_wconf 88' lang='lat' dir='ltr'><strong>quo</strong></span> <span class='ocrx_word' id='word_1_233' title='bbox 653 2087 755 2116; x_wconf 80' lang='lat' dir='ltr'><strong>tanta</strong></span> <span class='ocrx_word' id='word_1_234' title='bbox 773 2076 1011 2115; x_wconf 85' lang='lat' dir='ltr'><strong>commoveri</strong></span> <span class='ocrx_word' id='word_1_235' title='bbox 1043 2076 1140 2113; x_wconf 67' lang='lat' dir='ltr'><strong>actio</strong></span> <span class='ocrx_word' id='word_1_236' title='bbox 1159 2088 1235 2113; x_wconf 91' lang='lat' dir='ltr'><strong>non</strong></span> <span class='ocrx_word' id='word_1_237' title='bbox 1256 2073 1388 2126; x_wconf 74' lang='lat' dir='ltr'><strong>posset,</strong></span> <span class='ocrx_word' id='word_1_238' title='bbox 1422 2074 1447 2110; x_wconf 82' lang='lat' dir='ltr'><strong>sl</strong></span> <span class='ocrx_word' id='word_1_239' title='bbox 1468 2073 1555 2110; x_wconf 77' lang='lat' dir='ltr'><strong>esset</strong></span> <span class='ocrx_word' id='word_1_240' title='bbox 1575 2073 1801 2125; x_wconf 84' lang='lat' dir='ltr'><strong>consumpta</strong></span> <span class='ocrx_word' id='word_1_241' title='bbox 1821 2073 1883 2111; x_wconf 92' lang='lat' dir='ltr'><strong>su-</strong></span> 
     </span>
     <span class='ocr_line' id='line_1_30' title="bbox 493 2139 1918 2195; baseline -0.002 -15"><span class='ocrx_word' id='word_1_242' title='bbox 493 2145 640 2195; x_wconf 84' lang='lat' dir='ltr'><strong>periore</strong></span> <span class='ocrx_word' id='word_1_243' title='bbox 671 2153 796 2188; x_wconf 75' lang='lat' dir='ltr'><strong>mmu,</strong></span> <span class='ocrx_word' id='word_1_244' title='bbox 827 2152 865 2181; x_wconf 93' lang='lat' dir='ltr'><strong>et</strong></span> <span class='ocrx_word' id='word_1_245' title='bbox 895 2141 1086 2180; x_wconf 81' lang='lat' dir='ltr'><strong>exhausta.</strong></span> <span class='ocrx_word' id='word_1_246' title='bbox 1136 2141 1278 2192; x_wconf 86' lang='lat' dir='ltr'><strong>Neque</strong></span> <span class='ocrx_word' id='word_1_247' title='bbox 1314 2139 1353 2177; x_wconf 92' lang='lat' dir='ltr'><strong>id</strong></span> <span class='ocrx_word' id='word_1_248' title='bbox 1384 2141 1525 2177; x_wconf 64' lang='lat' dir='ltr'><strong>actores</strong></span> <span class='ocrx_word' id='word_1_249' title='bbox 1559 2139 1662 2191; x_wconf 87' lang='lat' dir='ltr'><strong>prius</strong></span> <span class='ocrx_word' id='word_1_250' title='bbox 1691 2140 1884 2183; x_wconf 85' lang='lat' dir='ltr'><strong>viderunt,</strong></span> <span class='ocrx_word' id='word_1_251' title='bbox 1915 2190 1918 2192; x_wconf 31' lang='grc'>-</span> 
     </span>
     <span class='ocr_line' id='line_1_31' title="bbox 492 2203 1884 2261; baseline -0.002 -15"><span class='ocrx_word' id='word_1_252' title='bbox 492 2221 611 2261; x_wconf 82' lang='lat' dir='ltr'><strong>quam</strong></span> <span class='ocrx_word' id='word_1_253' title='bbox 632 2208 855 2260; x_wconf 65' lang='lat' dir='ltr'><strong>ipsi-poetae,</strong></span> <span class='ocrx_word' id='word_1_254' title='bbox 879 2220 997 2259; x_wconf 84' lang='lat' dir='ltr'><strong>quam</strong></span> <span class='ocrx_word' id='word_1_255' title='bbox 1017 2206 1184 2257; x_wconf 86' lang='lat' dir='ltr'><strong>denique</strong></span> <span class='ocrx_word' id='word_1_256' title='bbox 1205 2205 1262 2244; x_wconf 85' lang='lat' dir='ltr'><strong>illi</strong></span> <span class='ocrx_word' id='word_1_257' title='bbox 1283 2206 1413 2249; x_wconf 89' lang='lat' dir='ltr'><strong>etiam,</strong></span> <span class='ocrx_word' id='word_1_258' title='bbox 1450 2205 1518 2256; x_wconf 86' lang='lat' dir='ltr'><strong>qui</strong></span> <span class='ocrx_word' id='word_1_259' title='bbox 1539 2203 1712 2242; x_wconf 89' lang='lat' dir='ltr'><strong>fecerunt</strong></span> <span class='ocrx_word' id='word_1_260' title='bbox 1734 2205 1884 2249; x_wconf 87' lang='lat' dir='ltr'><strong>modos,</strong></span> 
     </span>
     <span class='ocr_line' id='line_1_32' title="bbox 492 2270 1885 2326; baseline -0.004 -13"><span class='ocrx_word' id='word_1_261' title='bbox 492 2288 514 2313; x_wconf 84' lang='lat' dir='ltr'><strong>a</strong></span> <span class='ocrx_word' id='word_1_262' title='bbox 533 2275 677 2326; x_wconf 85' lang='lat' dir='ltr'><strong>quibus</strong></span> <span class='ocrx_word' id='word_1_263' title='bbox 699 2273 868 2326; x_wconf 82' lang='lat' dir='ltr'><strong>utrisque</strong></span> <span class='ocrx_word' id='word_1_264' title='bbox 889 2272 1147 2311; x_wconf 86' lang='lat' dir='ltr'><strong>summittitur</strong></span> <span class='ocrx_word' id='word_1_265' title='bbox 1166 2270 1329 2323; x_wconf 87' lang='lat' dir='ltr'><strong>aliquid,</strong></span> <span class='ocrx_word' id='word_1_266' title='bbox 1350 2271 1486 2309; x_wconf 85' lang='lat' dir='ltr'><strong>deinde</strong></span> <span class='ocrx_word' id='word_1_267' title='bbox 1506 2280 1679 2324; x_wconf 86' lang='lat' dir='ltr'><strong>augetur,</strong></span> <span class='ocrx_word' id='word_1_268' title='bbox 1701 2280 1885 2309; x_wconf 82' lang='lat' dir='ltr'><strong>extenua-</strong></span> 
     </span>
     <span class='ocr_line' id='line_1_33' title="bbox 495 2337 1251 2391; baseline -0.005 -12"><span class='ocrx_word' id='word_1_269' title='bbox 495 2350 572 2385; x_wconf 87' lang='lat' dir='ltr'><strong>tur,</strong></span> <span class='ocrx_word' id='word_1_270' title='bbox 603 2339 770 2384; x_wconf 87' lang='lat' dir='ltr'><strong>inflatur‚</strong></span> <span class='ocrx_word' id='word_1_271' title='bbox 792 2339 969 2383; x_wconf 86' lang='lat' dir='ltr'><strong>variatur,</strong></span> <span class='ocrx_word' id='word_1_272' title='bbox 990 2337 1251 2391; x_wconf 86' lang='lat' dir='ltr'><strong>distinguitur.</strong></span> 
     </span>
    </p>

    <p class='ocr_par' dir='ltr' id='par_1_6' title="bbox 553 2402 1935 2457">
     <span class='ocr_line' id='line_1_34' title="bbox 553 2402 1935 2457; baseline -0.002 -13"><span class='ocrx_word' id='word_1_273' title='bbox 553 2407 610 2445; x_wconf 84' lang='lat' dir='ltr'><strong>Ita</strong></span> <span class='ocrx_word' id='word_1_274' title='bbox 641 2405 684 2444; x_wconf 87' lang='lat' dir='ltr'><strong>fit</strong></span> <span class='ocrx_word' id='word_1_275' title='bbox 715 2406 826 2444; x_wconf 86' lang='lat' dir='ltr'><strong>nobis</strong></span> <span class='ocrx_word' id='word_1_276' title='bbox 858 2405 977 2457; x_wconf 80' lang='lat' dir='ltr'><strong>igitur</strong></span> <span class='ocrx_word' id='word_1_277' title='bbox 1007 2412 1159 2443; x_wconf 88' lang='lat' dir='ltr'><strong>ornatus</strong></span> <span class='ocrx_word' id='word_1_278' title='bbox 1177 2411 1215 2441; x_wconf 90' lang='lat' dir='ltr'><strong>et</strong></span> <span class='ocrx_word' id='word_1_279' title='bbox 1235 2402 1355 2442; x_wconf 83' lang='lat' dir='ltr'><strong>suavis</strong></span> <span class='ocrx_word' id='word_1_280' title='bbox 1382 2413 1504 2441; x_wconf 86' lang='lat' dir='ltr'><strong>orator</strong></span> <span class='ocrx_word' id='word_1_281' title='bbox 1536 2403 1624 2455; x_wconf 85' lang='lat' dir='ltr'><strong>(nec</strong></span> <span class='ocrx_word' id='word_1_282' title='bbox 1655 2412 1784 2442; x_wconf 88' lang='lat' dir='ltr'><strong>tamen</strong></span> <span class='ocrx_word' id='word_1_283' title='bbox 1814 2415 1887 2455; x_wconf 88' lang='lat' dir='ltr'><strong>po·</strong></span> <span class='ocrx_word' id='word_1_284' title='bbox 1933 2454 1935 2456; x_wconf 14' lang='lat' dir='ltr'><strong>q</strong></span> 
     </span>
    </p>

    <p class='ocr_par' dir='ltr' id='par_1_7' title="bbox 492 2468 1889 2524">
     <span class='ocr_line' id='line_1_35' title="bbox 492 2468 1889 2524; baseline -0.004 -13"><span class='ocrx_word' id='word_1_285' title='bbox 492 2471 565 2512; x_wconf 86' lang='lat' dir='ltr'><strong>test</strong></span> <span class='ocrx_word' id='word_1_286' title='bbox 593 2472 702 2514; x_wconf 82' lang='lat' dir='ltr'><strong>aliter</strong></span> <span class='ocrx_word' id='word_1_287' title='bbox 731 2471 820 2524; x_wconf 81' lang='lat' dir='ltr'><strong>effe)</strong></span> <span class='ocrx_word' id='word_1_288' title='bbox 853 2480 896 2512; x_wconf 88' lang='lat' dir='ltr'><strong>ut</strong></span> <span class='ocrx_word' id='word_1_289' title='bbox 915 2469 1138 2511; x_wconf 84' lang='lat' dir='ltr'><strong>suavitatem</strong></span> <span class='ocrx_word' id='word_1_290' title='bbox 1158 2468 1296 2509; x_wconf 86' lang='lat' dir='ltr'><strong>habeat</strong></span> <span class='ocrx_word' id='word_1_291' title='bbox 1325 2469 1508 2512; x_wconf 80' lang='lat' dir='ltr'><strong>austeram</strong></span> <span class='ocrx_word' id='word_1_292' title='bbox 1543 2478 1580 2508; x_wconf 87' lang='lat' dir='ltr'><strong>ct</strong></span> <span class='ocrx_word' id='word_1_293' title='bbox 1606 2469 1781 2515; x_wconf 85' lang='lat' dir='ltr'><strong>solidam,</strong></span> <span class='ocrx_word' id='word_1_294' title='bbox 1810 2481 1889 2507; x_wconf 88' lang='lat' dir='ltr'><strong>non</strong></span> 
     </span>
    </p>
   </div>
  </div>
 </body>
</html>
