2176 2912
425 216 502 256 250
777 208 892 247 DE
968 210 1474 249 ORATORE

423 306 577 336 extento
609 299 765 338 brachio
794 303 998 355 paululum
1018 303 1134 341 etiarn
1154 304 1201 342 de
1228 304 1334 356 gestu
1364 303 1524 348 addidit,
1555 301 1823 348 vehementius
1879 324 1882 328 ·

424 365 588 403 risimus.
622 367 682 405 Ex
702 366 791 413 hoc,
797 382 932 421 genere
953 369 1004 407 est
1024 369 1090 407 illa
1110 370 1297 409 Rosciana
1316 370 1483 408 imitatio
1502 369 1596 408 senis
1613 388 1624 414 ς

480 429 565 470 Tibi
594 448 666 484 ego,
698 434 876 487 Antipho,
908 435 973 473 has
988 437 1087 488 stro,
1120 436 1273 488 inquit:
1305 436 1453 474 senium
1484 435 1550 480 est,
1582 449 1674 474 cum
1695 436 1822 475 audio.

425 499 555 549 Atque
590 499 642 535 ita
672 499 723 537 est
754 509 881 538 totum
915 499 989 538 hoc
1020 501 1101 554 ipso
1129 515 1265 554 genere
1285 501 1510 546 ridiculum,
1546 510 1588 539 ut
1614 501 1825 540 cautiffime
1871 553 1875 555 ,

425 564 663 602 tractandum
694 565 751 602 fit.
803 566 1024 604 Mimorum
1051 566 1103 603 est
1122 567 1227 604 enim
1257 565 1545 618 ethologorum,
1576 566 1602 604 fi
1634 567 1755 605 nimia
1773 566 1826 604 est

425 629 605 673 imitatio,
628 630 722 667 ficut
742 631 982 669 obscoenitas.
1024 632 1165 669 Orator
1184 632 1358 684 surripiat
1377 641 1529 684 oportet
1549 632 1824 677 imitationem,

425 704 468 733 ut
487 696 533 740 is,
556 696 622 747 qui
643 696 782 740 audiat,
805 697 949 748 cogitet
968 697 1090 749 plura,
1108 711 1225 748 quam
1245 697 1392 735 videat:
1421 697 1569 750 praestet
1587 697 1693 735 idem
1713 698 1823 750 inge-

424 761 626 805 nuitatem,
648 770 686 798 et
706 762 884 800 ruborem
905 761 1032 807 suum,
1049 763 1256 802 verborum
1276 763 1528 816 turpitudine,
1550 772 1588 801 et
1602 776 1730 802 rerum
1749 763 1823 802 ob-

425 826 620 865 scoenitate
638 827 802 866 vitanda.
1819 878 1822 881 y

479 893 568 931 LX.
601 894 706 946 Ergo
735 893 817 932 haec
838 894 915 933 duo
945 908 1082 948 genera
1101 895 1188 933 sunt
1207 896 1287 948 ejus
1308 895 1473 940 ridiculi,
1505 895 1611 947 quod
1631 896 1671 934 in
1692 909 1731 934 re
1752 908 1824 949 po-

425 957 540 996 situm
559 958 611 995 est
627 977 639 1003 3
671 973 756 1010 quae
775 959 861 998 sunt
881 960 1032 1013 propria
1052 969 1321 1013 perpetuarum
1348 960 1586 1005 facetiarum,
1615 960 1655 998 in
1683 960 1827 1013 quibus

426 1023 691 1063 describuntur
709 1025 918 1064 hominum
940 1039 1078 1072 mores,
1110 1036 1147 1064 et
1167 1027 1219 1065 ita
1238 1027 1488 1080 effinguntur,
1509 1036 1551 1064 ut
1571 1035 1650 1071 aut,
1681 1040 1719 1064 re
1739 1040 1826 1064 nar-

426 1099 504 1128 rata
523 1091 662 1143 aliqua,
694 1093 823 1144 quales
844 1092 944 1137 sunt,
974 1092 1240 1145 intelligantur
1256 1111 1267 1138 5
1299 1102 1376 1137 aut,
1399 1092 1615 1130 imitatione
1636 1092 1744 1130 brevi
1764 1091 1827 1130 in-

420 1157 533 1209 jecta,
566 1159 604 1196 in
625 1158 755 1211 aliquo
775 1159 911 1212 insigni
932 1159 978 1197 ad
1002 1159 1239 1197 irridendum
1260 1159 1355 1197 vitio
1375 1158 1622 1211 reperiantur.

483 1225 528 1261 In
563 1224 665 1262 dieto
699 1235 828 1264 autem
861 1225 1071 1263 ridiculum
1102 1225 1155 1262 est
1186 1225 1239 1269 id,
1271 1224 1376 1277 quod
1405 1224 1512 1263 verbi
1541 1233 1607 1262 aut
1636 1222 1830 1262 sententiae

427 1290 597 1340 quodam
628 1292 805 1329 acumine
839 1301 1041 1329 movetur:
1074 1290 1135 1328 sed
1166 1300 1208 1330 ut
1228 1291 1267 1328 in
1299 1291 1367 1328 illo
1400 1291 1588 1343 superiore
1606 1303 1743 1343 genere
1769 1289 1830 1327 vel

429 1357 667 1402 narrationis,
699 1358 758 1395 vel
785 1358 1028 1402 iniitationiS,
1060 1357 1212 1395 vitanda
1237 1358 1290 1395 est
1320 1357 1534 1395 mimorum
1555 1355 1829 1407 ethologorum

427 1423 664 1469 similitud03
698 1426 746 1462 fic
778 1426 817 1463 in
849 1423 923 1462 hoc
944 1424 1108 1462 scurrilis
1140 1424 1278 1462 oratori
1306 1424 1484 1462 dicacitas
1505 1435 1734 1475 magnopere
1762 1420 1828 1459 fu-

428 1492 566 1545 gienda
585 1492 649 1529 est.
694 1492 776 1543 Qi
810 1491 928 1542 igitur
963 1489 1242 1542 distinguemus
1274 1504 1294 1527 a
1315 1489 1456 1533 Craffo,
1487 1503 1507 1526 a
1528 1488 1682 1532 Catulo,
1714 1501 1734 1525 a
1753 1500 1829 1526 cae-

428 1559 531 1603 teris,
574 1557 803 1595 familiarem
842 1556 1021 1599 vestrum,
1054 1555 1262 1599 Granium,
1299 1564 1364 1592 aut
1399 1554 1623 1607 Vargulam,
1654 1554 1827 1592 amicum

431 1624 590 1662 meum?
638 1623 732 1661 Non
753 1620 971 1659 mehercule
995 1621 1034 1658 iii
1056 1630 1228 1658 mentem
1258 1619 1357 1658 mihi
1389 1619 1548 1672 quidem
1581 1619 1709 1657 venit:
1743 1619 1829 1657 sunt

430 1691 535 1728 enim
567 1690 740 1727 dicaces:
781 1687 929 1725 Granio
962 1686 1122 1738 quidem
1158 1700 1272 1724 nemo
1301 1686 1481 1724 dicacior.
1542 1686 1647 1730 Hoc,
1678 1685 1830 1737 opinor,

431 1758 620 1809 primurn,
651 1768 712 1798 ne,
748 1753 1049 1806 quotiescunque
1078 1753 1246 1805 potuerit
1281 1752 1428 1789 dietum
1461 1751 1553 1796 dici,
1585 1750 1727 1789 necefl'e
1759 1749 1829 1788 ha-

433 1824 589 1861 beamus
611 1822 748 1859 dicere.

487 1888 650 1935 Pusillus
673 1886 772 1924 tcstis
790 1885 976 1938 processit.
1010 1886 1129 1929 Licet,
1148 1885 1290 1937 inquit,
1312 1899 1452 1937 rogare,
1472 1883 1674 1936 Philippus
1691 1885 1703 1921 ?
1722 1884 1831 1921 Tum

433 1954 607 2006 quaesitor
627 1964 844 2005 properanS,
865 1950 973 1989 Modo
994 1951 1168 1989 breviter.
1210 1951 1290 1987 Hic
1312 1950 1390 1994 ille,
1413 1951 1497 1987 Nm
1512 1948 1689 2007 czc'fztsilbis
1704 1966 1715 1991 ;
1740 1957 1830 2000 per—

426 2021 589 2073 pzfillum
605 2018 746 2072 rogabo.
779 2017 974 2055 Ridicule.
1019 2017 1089 2055 Sed
1108 2016 1257 2054 sedebat
1272 2016 1392 2067 judex
1414 2016 1462 2052 L.
1486 2013 1662 2057 Aurifex,
1683 2014 1833 2051 brevior

433 2087 564 2129 etiam,
595 2099 713 2136 quam
735 2083 811 2136 ipse
833 2083 958 2120 testis:
990 2082 1117 2120 omnis
1147 2081 1199 2118 est
1231 2080 1323 2118 risus
1345 2080 1384 2117 in
1409 2079 1583 2131 judicem
1605 2079 1830 2116 conversus:

435 2152 557 2190 visum
579 2152 630 2188 est
652 2160 779 2188 totuin
800 2149 953 2186 scurrile
968 2148 1178 2200 judicium.
1229 2148 1333 2198 Ergo
1354 2144 1449 2190 haec,
1482 2160 1565 2197 quae
1592 2145 1724 2183 cadere
1744 2145 1832 2197 pos-

435 2218 521 2256 sunt
542 2218 582 2254 in
609 2230 705 2268 quos
738 2215 850 2259 nolis,
886 2215 1060 2266 quamvis
1085 2213 1156 2251 sint
1183 2212 1297 2257 bella,
1328 2212 1415 2250 sunt
1435 2221 1560 2250 tamen
1583 2211 1662 2264 ipso
1695 2225 1834 2264 genere

436 2281 616 2321 scurrilia.

491 2350 547 2386 Ut
568 2347 648 2391 iste,
681 2345 804 2398 quise
836 2345 918 2382 vult
948 2344 1135 2388 dicacem,
1164 2353 1203 2382 et
1229 2342 1448 2382 mehercule
1479 2343 1544 2387 est,
1577 2342 1742 2396 AppiuS‚
1773 2342 1836 2381 sed

436 2426 715 2464 nonnunquam
738 2412 776 2449 iii
797 2409 871 2448 hoc
897 2411 1038 2448 vitium
1059 2410 1213 2448 scurrile
1240 2410 1441 2447 delabitur.
1493 2409 1659 2453 Canaba,
1689 2409 1834 2460 inquit,

435 2479 533 2532 apud
548 2489 596 2524 le,
628 2478 720 2516 huic
752 2477 869 2521 lusco,
901 2476 1081 2514 familiari
1111 2490 1212 2520 mco,
1245 2477 1291 2529 C.
1316 2476 1458 2514 Sextio.
1511 2475 1585 2514 Uni
1606 2475 1695 2513 enim
1724 2475 1835 2512 locum

436 2546 493 2599 ess}
521 2544 634 2584 video.
694 2544 761 2583 Est
791 2543 865 2582 hoe
897 2542 1064 2588 scurrile,
1107 2552 1145 2582 et
1179 2542 1283 2597 quod
1313 2542 1389 2580 sine
1422 2541 1530 2581 causa
1559 2540 1752 2587 lacessivit,
1794 2548 1836 2578 et
