2176 2912
525 182 845 224 LIBER
921 181 1497 222 SECUNDUS.
1640 197 1714 235 241

317 276 586 321 misericordia,
617 275 714 328 spes,
745 274 890 319 laetitia,
921 274 1053 320 timor,
1085 275 1283 321 molestia3
1326 275 1512 314 sentimus
1547 288 1720 316 amorem

317 343 526 387 conciliari,
546 341 572 380 fi
596 341 636 379 id
651 341 750 379 velle
765 341 927 386 videare,
945 342 1051 394 quod
1066 341 1112 380 s1t
1131 342 1227 381 utile
1258 343 1358 395 ipfis,
1381 342 1482 395 apud
1503 356 1599 394 quos
1615 356 1715 396 agas,

315 408 517 448 defendere
529 427 541 453 3
573 408 600 446 fi
619 417 684 446 aut
702 421 772 461 pro
792 408 904 447 bonis
926 409 1030 453 viris,
1062 418 1127 447 aut
1147 418 1248 448 certe
1268 422 1337 462 pro
1358 409 1418 454 iis,
1440 408 1509 461 qui
1528 409 1604 447 illis
1625 410 1719 448 boni

314 485 429 529 atque
449 476 562 514 utiles
582 475 668 520 sint,
689 475 872 513 laborare.
905 475 1090 528 Namque
1105 475 1187 514 haec
1208 489 1264 514 res
1285 489 1458 514 amorem
1478 476 1601 527 magis
1622 489 1717 514 con-

314 541 433 587 ciliat,
464 541 532 579 illa
549 541 701 580 virtutis
721 540 886 579 defensio
906 542 1128 587 caritatem3
1161 542 1323 595 plusque
1342 541 1510 595 proficit,
1528 542 1553 580 fi
1575 555 1718 595 propo-

313 607 420 646 nitur
439 607 519 660 spes
539 607 716 646 utilitatis
737 605 890 651 futurae,
922 621 1041 660 quam
1071 609 1253 660 praete1·iti
1273 607 1450 646 beneficii
1471 621 1718 646 commemo-

313 674 423 712 ratio.
466 673 708 713 Enitendum
729 673 794 718 est,
827 683 870 711 ut
889 673 1073 718 ostendas,
1105 675 1144 711 in
1171 688 1213 712 ea
1233 688 1270 712 re
1289 688 1407 727 quam
1427 673 1621 720 defendas,
1653 684 1719 713 aut

314 739 545 793 dignitatem
576 740 702 784 ineffe,
733 749 799 778 aut
829 740 1062 785 utilitatem;
1094 754 1276 794 eumque,
1307 742 1371 779 cui
1401 742 1584 780 concilies
1610 740 1718 780 hunc

313 819 500 852 amorem,
530 806 718 859 significes
752 805 853 844 nihil
887 807 933 844 ad
964 807 1173 845 utilitatem
1193 808 1298 846 suam
1324 807 1505 852 retuliffe,
1544 822 1586 846 ac
1617 806 1719 846 nihil

311 872 475 910 omnino
505 870 631 909 feciffe
661 870 770 909 causa
789 870 865 909 sua.
910 871 1109 910 Invidetur
1135 873 1241 910 enim
1268 873 1486 911 commodis
1507 872 1719 912 hominum

310 936 483 990 ipsorum
498 956 511 982 ς
558 936 691 975 studiis
725 946 856 976 autem
890 951 1025 976 eorum
1063 939 1206 977 caeteris
1245 939 1521 977 commodandi
1555 938 1715 977 favetur.

311 1002 617 1056 Videndumque
639 1002 716 1042 hoc
743 1003 831 1042 loco
856 1004 922 1049 est,
954 1017 1015 1049 ne,
1048 1018 1144 1057 quos
1166 1006 1216 1044 ob
1247 1004 1443 1043 benef-aeta
1477 1006 1588 1058 diligi
1609 1005 1718 1043 vole-

312 1082 415 1113 mus,
445 1082 581 1107 eorum
601 1069 754 1108 laudem
785 1079 899 1122 atque
922 1071 1101 1123 gloriam,
1135 1072 1199 1109 cui
1230 1072 1400 1110 maxime
1420 1072 1581 1110 invideri
1609 1072 1716 1115 solet,

313 1134 430 1172 nimis
451 1133 583 1172 efferre
602 1135 814 1174 videamur.
874 1138 1005 1188 Atque
1026 1136 1161 1175 iisdem
1181 1137 1242 1175 his
1268 1152 1315 1176 ex
1336 1138 1429 1176 locis
1456 1147 1494 1176 et
1513 1138 1649 1176 odium
1676 1138 1718 1176 in

312 1199 405 1237 alios
426 1199 565 1238 struere
585 1200 789 1244 discemus,
811 1210 849 1238 et
868 1215 888 1238 a
907 1202 1033 1246 nobis,
1055 1215 1098 1240 ac
1119 1203 1267 1248 nostris,
1290 1203 1499 1242 dimovere.
1545 1204 1716 1241 Eadem-

311 1279 388 1318 que
407 1265 488 1304 haec
508 1280 645 1319 genera
664 1268 856 1306 tractanda
877 1268 964 1306 sunt
984 1269 1023 1306 in
1043 1268 1238 1306 iracundia
1258 1270 1317 1307 vel
1339 1270 1553 1314 excitanda,
1578 1270 1637 1307 vel
1659 1270 1717 1308 se·-

310 1331 446 1370 danda.
493 1333 601 1371 Nam
620 1333 661 1378 fi,
693 1334 799 1385 quod
819 1334 920 1387 ipfis,
952 1334 1020 1387 qui
1040 1335 1215 1380 audiunt,
1246 1335 1505 1388 perniciosum
1534 1345 1599 1374 aut
1626 1336 1716 1374 inu-

311 1398 379 1437 tile
397 1399 456 1444 fit‚
487 1399 528 1437 id
547 1398 694 1438 factum
715 1414 862 1453 augeas,
884 1401 1020 1439 odium
1041 1410 1213 1439 creatur:
1238 1402 1306 1446 sm,
1329 1402 1433 1454 quod
1449 1411 1514 1440 aut
1533 1403 1574 1440 in
1595 1403 1716 1441 bonos

310 1464 426 1510 viros,
454 1475 519 1504 aut
539 1466 578 1504 in
599 1479 677 1512 eos,
709 1467 750 1505 in
771 1480 866 1519 quos
889 1467 1050 1519 quisque
1072 1468 1237 1506 minime
1256 1468 1446 1512 debuerit,
1465 1478 1530 1506 aut
1549 1470 1590 1506 in
1611 1483 1715 1507 rem-

262 1519 268 1521 *
313 1531 528 1584 publicam,
560 1541 647 1570 tum
679 1532 880 1578 excitatur,
911 1533 938 1570 fi
966 1546 1043 1571 non
1074 1542 1153 1571 tam
1184 1534 1366 1572 acerbum
1397 1533 1548 1579 odium,
1587 1544 1718 1573 tamen

310 1605 375 1636 aut
393 1597 560 1643 invidiae‚
591 1606 657 1636 aut
675 1598 755 1637 odii
774 1611 854 1637 non
875 1598 1064 1637 diffimilis
1092 1597 1262 1638 offenfio.
1307 1599 1408 1639 Item
1430 1600 1548 1638 timor
1568 1601 1715 1639 incuti-

309 1670 373 1700 tur
391 1672 456 1701 aut
475 1676 523 1701 ex
552 1663 724 1716 ipsorum
753 1664 947 1717 periculis,
980 1674 1044 1702 aut
1064 1678 1110 1702 ex
1136 1666 1428 1704 communibus.
1480 1667 1644 1704 Interior
1663 1667 1717 1705 est

309 1728 376 1766 ille
395 1730 571 1783 proprius
588 1748 600 1774 3
632 1730 693 1768 sed
725 1729 790 1769 hic
811 1744 965 1784 quoque
985 1732 1208 1774 communis
1229 1733 1275 1771 ad
1307 1733 1469 1772 eandem
1490 1733 1715 1772 slmilitudi-

309 1807 402 1833 nem
420 1795 472 1834 est
491 1796 772 1848 perducendus.

364 1862 456 1900 LII.
488 1862 560 1900 Par
579 1871 692 1914 atque
711 1876 785 1901 una
806 1863 901 1901 ratio
921 1863 972 1902 est
992 1863 1084 1917 spei,
1115 1864 1270 1910 laetitiae,
1292 1865 1489 1906 molestiae.
1522 1867 1593 1905 Sed
1612 1866 1717 1905 haud

309 1925 440 1972 sciam,
463 1940 509 1965 an
530 1929 735 1966 acerrimus
756 1929 871 1982 longe
899 1929 943 1967 sit
974 1930 1154 1968 omnium
1175 1940 1303 1969 motus
1324 1931 1502 1970 invidiae:
1536 1945 1605 1970 nec
1635 1933 1714 1970 mi·-

309 2007 380 2032 nus
401 1994 540 2032 virium
562 2007 658 2047 opus
679 1995 723 2033 fit
743 1995 784 2033 in
804 2009 846 2033 ea
865 1997 1171 2049 comprimenda,
1193 2011 1311 2050 quam
1332 1999 1373 2036 in
1393 1999 1605 2038 excitanda.
1645 2000 1713 2037 In-

308 2059 440 2098 vident
460 2070 588 2098 autem
608 2059 787 2100 homines
808 2062 978 2100 maxime
999 2064 1166 2116 paribus,
1198 2073 1263 2101 aut
1283 2064 1543 2110 inferioribus,
1567 2079 1659 2104 cum
1677 2065 1714 2103 se

309 2125 458 2164 relictos
491 2126 674 2172 sentiunt,
705 2127 791 2166 illos
822 2138 952 2166 autem
981 2129 1113 2168 dolent
1147 2130 1317 2168 evolafl'e.
1370 2132 1441 2169 Sed
1461 2132 1577 2170 etiam
1598 2131 1711 2184 supe-

309 2191 472 2230 rioribus
493 2192 687 2231 invidetur
705 2193 799 2246 saepe
818 2193 1080 2241 vehementer,
1103 2206 1140 2235 et
1159 2210 1205 2235 eo
1233 2198 1370 2250 magis,
1399 2198 1425 2236 fi
1445 2198 1711 2237 intolerantius

310 2257 345 2295 se
360 2258 518 2309 jactant,
549 2267 587 2295 et
608 2259 905 2311 aequabilitatem
926 2264 1148 2300 communis
1166 2264 1278 2314 juriS,
1310 2263 1523 2317 praestantia
1542 2264 1709 2316 dignita-

309 2323 357 2361 tis
378 2333 443 2361 aut
457 2323 620 2362 fortunae
636 2323 722 2369 suae,
740 2326 933 2365 transeunt
948 2343 956 2366 :
980 2342 1064 2380 quae
1081 2328 1105 2366 fi
1126 2328 1401 2371 inflammanda
1415 2329 1517 2375 sunt,
1540 2330 1711 2368 maxime

309 2389 518 2428 dicendum
539 2389 604 2434 est,
638 2403 715 2428 non
735 2390 805 2428 esse
832 2392 972 2431 virtute
991 2404 1122 2446 parta;
1155 2395 1291 2433 deinde
1310 2396 1427 2434 etiam
1447 2396 1565 2440 vitiis,
1597 2405 1710 2446 atque

310 2455 490 2508 peccatis.
539 2456 650 2494 Tum
679 2455 707 2495 fi
737 2467 847 2496 erunt
877 2458 1092 2498 honestiora
1121 2469 1234 2512 atque
1260 2461 1443 2512 graviora,
1475 2470 1602 2498 tamen
1631 2472 1706 2496 non

364 2520 501 2561 ToM.
533 2522 566 2561 I.
1251 2525 1348 2564 H-li
