<?xml version="1.0" encoding="UTF-8"?>
<!DOCTYPE html PUBLIC "-//W3C//DTD XHTML 1.0 Transitional//EN"
    "http://www.w3.org/TR/xhtml1/DTD/xhtml1-transitional.dtd">
<html xmlns="http://www.w3.org/1999/xhtml" xml:lang="en" lang="en">
 <head>
  <title>
</title>
<meta http-equiv="Content-Type" content="text/html;charset=utf-8" />
  <meta name='ocr-system' content='tesseract 3.04.00' />
  <meta name='ocr-capabilities' content='ocr_page ocr_carea ocr_par ocr_line ocrx_word'/>
</head>
<body>
  <div class='ocr_page' id='page_1' title='image "./operacumindicibu01ciceuoft_0170.png"; bbox 0 0 2176 2912; ppageno 0'>
   <div class='ocr_carea' id='block_1_1' title="bbox 375 255 1426 297">
    <p class='ocr_par' dir='ltr' id='par_1_1' title="bbox 375 255 1426 297">
     <span class='ocr_line' id='line_1_1' title="bbox 375 255 1426 297; baseline -0.002 -1"><span class='ocrx_word' id='word_1_1' title='bbox 375 257 452 297; x_wconf 82' lang='lat'><strong>160</strong></span> <span class='ocrx_word' id='word_1_2' title='bbox 729 256 842 296; x_wconf 92' lang='lat' dir='ltr'><strong>DE</strong></span> <span class='ocrx_word' id='word_1_3' title='bbox 922 255 1426 295; x_wconf 88' lang='lat' dir='ltr'>ORATORE</span> 
     </span>
    </p>
   </div>
   <div class='ocr_carea' id='block_1_2' title="bbox 368 347 1774 2639">
    <p class='ocr_par' dir='ltr' id='par_1_2' title="bbox 370 347 1769 453">
     <span class='ocr_line' id='line_1_2' title="bbox 370 347 1769 401; baseline 0 -14"><span class='ocrx_word' id='word_1_4' title='bbox 370 348 558 387; x_wconf 88' lang='lat' dir='ltr'><strong>rationem</strong></span> <span class='ocrx_word' id='word_1_5' title='bbox 577 347 861 387; x_wconf 79' lang='lat' dir='ltr'><strong>consuetudinis</strong></span> <span class='ocrx_word' id='word_1_6' title='bbox 882 362 990 393; x_wconf 85' lang='lat' dir='ltr'><strong>meae,</strong></span> <span class='ocrx_word' id='word_1_7' title='bbox 1023 362 1098 401; x_wconf 87' lang='lat' dir='ltr'><strong>qua</strong></span> <span class='ocrx_word' id='word_1_8' title='bbox 1117 348 1315 401; x_wconf 86' lang='lat' dir='ltr'><strong>quondam</strong></span> <span class='ocrx_word' id='word_1_9' title='bbox 1334 348 1466 387; x_wconf 89' lang='lat' dir='ltr'><strong>solitus</strong></span> <span class='ocrx_word' id='word_1_10' title='bbox 1482 347 1568 387; x_wconf 92' lang='lat' dir='ltr'><strong>sum</strong></span> <span class='ocrx_word' id='word_1_11' title='bbox 1584 347 1655 393; x_wconf 84' lang='lat' dir='ltr'><strong>uti,</strong></span> <span class='ocrx_word' id='word_1_12' title='bbox 1676 360 1769 387; x_wconf 87' lang='lat' dir='ltr'><strong>cum</strong></span> 
     </span>
     <span class='ocr_line' id='line_1_3' title="bbox 370 412 1341 453; baseline 0.001 -2"><span class='ocrx_word' id='word_1_13' title='bbox 370 412 472 452; x_wconf 82' lang='lat' dir='ltr'><strong>mihi</strong></span> <span class='ocrx_word' id='word_1_14' title='bbox 491 414 531 451; x_wconf 89' lang='lat' dir='ltr'><strong>in</strong></span> <span class='ocrx_word' id='word_1_15' title='bbox 551 413 620 451; x_wconf 90' lang='lat' dir='ltr'><strong>isto</strong></span> <span class='ocrx_word' id='word_1_16' title='bbox 641 413 765 451; x_wconf 90' lang='lat' dir='ltr'><strong>studio</strong></span> <span class='ocrx_word' id='word_1_17' title='bbox 784 414 918 452; x_wconf 84' lang='lat' dir='ltr'><strong>versari</strong></span> <span class='ocrx_word' id='word_1_18' title='bbox 939 413 1167 452; x_wconf 91' lang='lat' dir='ltr'><strong>adolescenti</strong></span> <span class='ocrx_word' id='word_1_19' title='bbox 1187 414 1341 453; x_wconf 84' lang='lat' dir='ltr'><strong>licebat.</strong></span> 
     </span>
    </p>

    <p class='ocr_par' dir='ltr' id='par_1_3' title="bbox 368 478 1770 859">
     <span class='ocr_line' id='line_1_4' title="bbox 424 478 1766 533; baseline 0 -17"><span class='ocrx_word' id='word_1_20' title='bbox 424 479 536 516; x_wconf 88' lang='lat' dir='ltr'><strong>Tum</strong></span> <span class='ocrx_word' id='word_1_21' title='bbox 569 478 775 531; x_wconf 82' lang='lat' dir='ltr'><strong>Sulpicius,</strong></span> <span class='ocrx_word' id='word_1_22' title='bbox 821 480 857 516; x_wconf 92' lang='lat' dir='ltr'>O</span> <span class='ocrx_word' id='word_1_23' title='bbox 889 479 1006 524; x_wconf 88' lang='lat' dir='ltr'><strong>diem,</strong></span> <span class='ocrx_word' id='word_1_24' title='bbox 1039 481 1167 524; x_wconf 87' lang='lat' dir='ltr'><strong>Cotta,</strong></span> <span class='ocrx_word' id='word_1_25' title='bbox 1210 480 1336 524; x_wconf 89' lang='lat' dir='ltr'><strong>nobis,</strong></span> <span class='ocrx_word' id='word_1_26' title='bbox 1379 480 1520 532; x_wconf 85' lang='lat' dir='ltr'><strong>inquit,</strong></span> <span class='ocrx_word' id='word_1_27' title='bbox 1562 488 1739 533; x_wconf 90' lang='lat' dir='ltr'><strong>optatum</strong></span> <span class='ocrx_word' id='word_1_28' title='bbox 1756 478 1766 516; x_wconf 79' lang='lat'>1</span> 
     </span>
     <span class='ocr_line' id='line_1_5' title="bbox 368 544 1768 598; baseline 0.001 -16"><span class='ocrx_word' id='word_1_29' title='bbox 368 544 474 597; x_wconf 91' lang='lat' dir='ltr'><strong>quod</strong></span> <span class='ocrx_word' id='word_1_30' title='bbox 493 545 598 583; x_wconf 88' lang='lat' dir='ltr'><strong>enim</strong></span> <span class='ocrx_word' id='word_1_31' title='bbox 619 558 743 597; x_wconf 88' lang='lat' dir='ltr'><strong>neque</strong></span> <span class='ocrx_word' id='word_1_32' title='bbox 764 545 941 598; x_wconf 88' lang='lat' dir='ltr'><strong>precibus</strong></span> <span class='ocrx_word' id='word_1_33' title='bbox 962 559 1149 597; x_wconf 87' lang='lat' dir='ltr'><strong>unquam,</strong></span> <span class='ocrx_word' id='word_1_34' title='bbox 1184 559 1253 584; x_wconf 90' lang='lat' dir='ltr'><strong>nec</strong></span> <span class='ocrx_word' id='word_1_35' title='bbox 1274 546 1497 591; x_wconf 89' lang='lat' dir='ltr'><strong>infidiando,</strong></span> <span class='ocrx_word' id='word_1_36' title='bbox 1530 559 1600 584; x_wconf 90' lang='lat' dir='ltr'><strong>nec</strong></span> <span class='ocrx_word' id='word_1_37' title='bbox 1632 546 1768 598; x_wconf 87' lang='lat' dir='ltr'><strong>specu-</strong></span> 
     </span>
     <span class='ocr_line' id='line_1_6' title="bbox 370 610 1767 663; baseline 0.001 -16"><span class='ocrx_word' id='word_1_38' title='bbox 370 610 486 648; x_wconf 88' lang='lat' dir='ltr'><strong>lando</strong></span> <span class='ocrx_word' id='word_1_39' title='bbox 505 610 645 662; x_wconf 84' lang='lat' dir='ltr'><strong>affequi</strong></span> <span class='ocrx_word' id='word_1_40' title='bbox 664 611 789 663; x_wconf 88' lang='lat' dir='ltr'><strong>potui,</strong></span> <span class='ocrx_word' id='word_1_41' title='bbox 825 619 881 655; x_wconf 90' lang='lat' dir='ltr'><strong>ut,</strong></span> <span class='ocrx_word' id='word_1_42' title='bbox 915 611 1009 662; x_wconf 91' lang='lat' dir='ltr'><strong>quid</strong></span> <span class='ocrx_word' id='word_1_43' title='bbox 1031 611 1179 649; x_wconf 83' lang='lat' dir='ltr'><strong>Craffus</strong></span> <span class='ocrx_word' id='word_1_44' title='bbox 1200 621 1338 663; x_wconf 86' lang='lat' dir='ltr'><strong>ageret,</strong></span> <span class='ocrx_word' id='word_1_45' title='bbox 1368 612 1579 650; x_wconf 88' lang='lat' dir='ltr'><strong>meditandi</strong></span> <span class='ocrx_word' id='word_1_46' title='bbox 1612 621 1677 648; x_wconf 91' lang='lat' dir='ltr'><strong>aut</strong></span> <span class='ocrx_word' id='word_1_47' title='bbox 1707 611 1767 648; x_wconf 91' lang='lat' dir='ltr'><strong>di-</strong></span> 
     </span>
     <span class='ocr_line' id='line_1_7' title="bbox 370 675 1770 729; baseline 0.001 -16"><span class='ocrx_word' id='word_1_48' title='bbox 370 676 483 713; x_wconf 90' lang='lat' dir='ltr'><strong>cendi</strong></span> <span class='ocrx_word' id='word_1_49' title='bbox 509 676 629 719; x_wconf 86' lang='lat' dir='ltr'><strong>causa,</strong></span> <span class='ocrx_word' id='word_1_50' title='bbox 662 689 739 713; x_wconf 89' lang='lat' dir='ltr'><strong>non</strong></span> <span class='ocrx_word' id='word_1_51' title='bbox 774 676 891 714; x_wconf 90' lang='lat' dir='ltr'><strong>modo</strong></span> <span class='ocrx_word' id='word_1_52' title='bbox 922 676 1048 713; x_wconf 90' lang='lat' dir='ltr'><strong>videre</strong></span> <span class='ocrx_word' id='word_1_53' title='bbox 1081 675 1195 719; x_wconf 86' lang='lat' dir='ltr'><strong>mihi,</strong></span> <span class='ocrx_word' id='word_1_54' title='bbox 1226 676 1288 714; x_wconf 88' lang='lat' dir='ltr'><strong>sed</strong></span> <span class='ocrx_word' id='word_1_55' title='bbox 1319 690 1364 714; x_wconf 87' lang='lat' dir='ltr'><strong>ex</strong></span> <span class='ocrx_word' id='word_1_56' title='bbox 1398 678 1479 728; x_wconf 90' lang='lat' dir='ltr'><strong>ejus</strong></span> <span class='ocrx_word' id='word_1_57' title='bbox 1508 677 1701 729; x_wconf 84' lang='lat' dir='ltr'><strong>scriptore,</strong></span> <span class='ocrx_word' id='word_1_58' title='bbox 1733 685 1770 714; x_wconf 90' lang='lat' dir='ltr'><strong>et</strong></span> 
     </span>
     <span class='ocr_line' id='line_1_8' title="bbox 369 740 1770 794; baseline 0.001 -15"><span class='ocrx_word' id='word_1_59' title='bbox 369 741 510 779; x_wconf 55' lang='lat' dir='ltr'><strong>lectore</strong></span> <span class='ocrx_word' id='word_1_60' title='bbox 531 740 696 793; x_wconf 82' lang='lat' dir='ltr'><strong>Diphilo</strong></span> <span class='ocrx_word' id='word_1_61' title='bbox 716 741 906 793; x_wconf 87' lang='lat' dir='ltr'><strong>suspicari,</strong></span> <span class='ocrx_word' id='word_1_62' title='bbox 928 740 1060 778; x_wconf 88' lang='lat' dir='ltr'><strong>liceret</strong></span> <span class='ocrx_word' id='word_1_63' title='bbox 1075 759 1087 784; x_wconf 78' lang='lat'>3</span> <span class='ocrx_word' id='word_1_64' title='bbox 1119 740 1157 777; x_wconf 91' lang='lat' dir='ltr'><strong>id</strong></span> <span class='ocrx_word' id='word_1_65' title='bbox 1184 740 1291 793; x_wconf 86' lang='lat' dir='ltr'><strong>spero</strong></span> <span class='ocrx_word' id='word_1_66' title='bbox 1309 754 1378 779; x_wconf 92' lang='lat' dir='ltr'><strong>nos</strong></span> <span class='ocrx_word' id='word_1_67' title='bbox 1399 741 1469 779; x_wconf 88' lang='lat' dir='ltr'><strong>effe</strong></span> <span class='ocrx_word' id='word_1_68' title='bbox 1489 742 1658 794; x_wconf 90' lang='lat' dir='ltr'><strong>adeptos,</strong></span> <span class='ocrx_word' id='word_1_69' title='bbox 1680 755 1770 780; x_wconf 90' lang='lat' dir='ltr'><strong>om-</strong></span> 
     </span>
     <span class='ocr_line' id='line_1_9' title="bbox 370 805 1460 859; baseline 0 -15"><span class='ocrx_word' id='word_1_70' title='bbox 370 807 511 858; x_wconf 87' lang='lat' dir='ltr'><strong>niaque</strong></span> <span class='ocrx_word' id='word_1_71' title='bbox 526 807 609 857; x_wconf 88' lang='lat' dir='ltr'><strong>jam</strong></span> <span class='ocrx_word' id='word_1_72' title='bbox 629 819 675 843; x_wconf 86' lang='lat' dir='ltr'><strong>ex</strong></span> <span class='ocrx_word' id='word_1_73' title='bbox 696 805 790 858; x_wconf 91' lang='lat' dir='ltr'><strong>ipso,</strong></span> <span class='ocrx_word' id='word_1_74' title='bbox 814 819 898 858; x_wconf 87' lang='lat' dir='ltr'><strong>quae</strong></span> <span class='ocrx_word' id='word_1_75' title='bbox 919 805 986 843; x_wconf 91' lang='lat' dir='ltr'><strong>diu</strong></span> <span class='ocrx_word' id='word_1_76' title='bbox 1006 806 1200 858; x_wconf 89' lang='lat' dir='ltr'><strong>cupimus,</strong></span> <span class='ocrx_word' id='word_1_77' title='bbox 1222 806 1460 859; x_wconf 87' lang='lat' dir='ltr'><strong>cognituros.</strong></span> 
     </span>
    </p>

    <p class='ocr_par' dir='ltr' id='par_1_4' title="bbox 370 871 1772 1320">
     <span class='ocr_line' id='line_1_10' title="bbox 424 871 1772 924; baseline 0.001 -15"><span class='ocrx_word' id='word_1_78' title='bbox 424 873 576 910; x_wconf 91' lang='lat' dir='ltr'>XXXI.</span> <span class='ocrx_word' id='word_1_79' title='bbox 598 872 707 910; x_wconf 88' lang='lat' dir='ltr'><strong>Tum</strong></span> <span class='ocrx_word' id='word_1_80' title='bbox 723 871 886 916; x_wconf 84' lang='lat' dir='ltr'><strong>Craffus,</strong></span> <span class='ocrx_word' id='word_1_81' title='bbox 903 872 1011 924; x_wconf 87' lang='lat' dir='ltr'><strong>atqui</strong></span> <span class='ocrx_word' id='word_1_82' title='bbox 1030 872 1205 916; x_wconf 83' lang='lat' dir='ltr'><strong>arbitror,</strong></span> <span class='ocrx_word' id='word_1_83' title='bbox 1220 872 1381 924; x_wconf 84' lang='lat' dir='ltr'><strong>Sulpici,</strong></span> <span class='ocrx_word' id='word_1_84' title='bbox 1395 886 1488 911; x_wconf 85' lang='lat' dir='ltr'><strong>cum</strong></span> <span class='ocrx_word' id='word_1_85' title='bbox 1501 871 1677 917; x_wconf 84' lang='lat' dir='ltr'><strong>audieris,</strong></span> <span class='ocrx_word' id='word_1_86' title='bbox 1692 885 1772 911; x_wconf 85' lang='lat' dir='ltr'><strong>non</strong></span> 
     </span>
     <span class='ocr_line' id='line_1_11' title="bbox 370 936 1770 989; baseline 0.001 -15"><span class='ocrx_word' id='word_1_87' title='bbox 370 946 451 975; x_wconf 88' lang='lat' dir='ltr'><strong>tam</strong></span> <span class='ocrx_word' id='word_1_88' title='bbox 465 946 501 975; x_wconf 87' lang='lat' dir='ltr'><strong>te</strong></span> <span class='ocrx_word' id='word_1_89' title='bbox 521 936 603 975; x_wconf 83' lang='lat' dir='ltr'><strong>haec</strong></span> <span class='ocrx_word' id='word_1_90' title='bbox 623 937 916 982; x_wconf 86' lang='lat' dir='ltr'><strong>admiraturum,</strong></span> <span class='ocrx_word' id='word_1_91' title='bbox 930 937 1177 989; x_wconf 75' lang='lat' dir='ltr'><strong>quaedixero,</strong></span> <span class='ocrx_word' id='word_1_92' title='bbox 1195 950 1313 989; x_wconf 89' lang='lat' dir='ltr'><strong>quam</strong></span> <span class='ocrx_word' id='word_1_93' title='bbox 1324 938 1647 983; x_wconf 86' lang='lat' dir='ltr'><strong>existimaturum,</strong></span> <span class='ocrx_word' id='word_1_94' title='bbox 1669 947 1770 983; x_wconf 90' lang='lat' dir='ltr'><strong>turn,</strong></span> 
     </span>
     <span class='ocr_line' id='line_1_12' title="bbox 371 1002 1770 1056; baseline -0.001 -14"><span class='ocrx_word' id='word_1_95' title='bbox 371 1017 464 1042; x_wconf 87' lang='lat' dir='ltr'><strong>cum</strong></span> <span class='ocrx_word' id='word_1_96' title='bbox 484 1016 526 1040; x_wconf 89' lang='lat' dir='ltr'><strong>ea</strong></span> <span class='ocrx_word' id='word_1_97' title='bbox 545 1002 674 1040; x_wconf 89' lang='lat' dir='ltr'><strong>audire</strong></span> <span class='ocrx_word' id='word_1_98' title='bbox 693 1003 888 1055; x_wconf 87' lang='lat' dir='ltr'><strong>cupiebas,</strong></span> <span class='ocrx_word' id='word_1_99' title='bbox 911 1003 1076 1047; x_wconf 88' lang='lat' dir='ltr'><strong>causam,</strong></span> <span class='ocrx_word' id='word_1_100' title='bbox 1099 1016 1166 1040; x_wconf 91' lang='lat' dir='ltr'><strong>cur</strong></span> <span class='ocrx_word' id='word_1_101' title='bbox 1186 1016 1358 1056; x_wconf 89' lang='lat' dir='ltr'><strong>cuperes,</strong></span> <span class='ocrx_word' id='word_1_102' title='bbox 1385 1017 1463 1042; x_wconf 90' lang='lat' dir='ltr'><strong>non</strong></span> <span class='ocrx_word' id='word_1_103' title='bbox 1485 1003 1607 1042; x_wconf 79' lang='lat' dir='ltr'><strong>fuisse.</strong></span> <span class='ocrx_word' id='word_1_104' title='bbox 1653 1002 1770 1042; x_wconf 90' lang='lat' dir='ltr'><strong>Nihil</strong></span> 
     </span>
     <span class='ocr_line' id='line_1_13' title="bbox 370 1067 1770 1123; baseline -0.001 -15"><span class='ocrx_word' id='word_1_105' title='bbox 370 1070 478 1108; x_wconf 84' lang='lat' dir='ltr'><strong>enirn</strong></span> <span class='ocrx_word' id='word_1_106' title='bbox 498 1069 625 1107; x_wconf 83' lang='lat' dir='ltr'><strong>dicam</strong></span> <span class='ocrx_word' id='word_1_107' title='bbox 646 1069 902 1113; x_wconf 88' lang='lat' dir='ltr'><strong>reconditum,</strong></span> <span class='ocrx_word' id='word_1_108' title='bbox 925 1067 1025 1106; x_wconf 83' lang='lat' dir='ltr'><strong>nihil</strong></span> <span class='ocrx_word' id='word_1_109' title='bbox 1043 1069 1305 1122; x_wconf 69' lang='lat' dir='ltr'><strong>expe&amp;atione</strong></span> <span class='ocrx_word' id='word_1_110' title='bbox 1324 1070 1441 1108; x_wconf 84' lang='lat' dir='ltr'><strong>vestra</strong></span> <span class='ocrx_word' id='word_1_111' title='bbox 1461 1070 1641 1123; x_wconf 88' lang='lat' dir='ltr'><strong>dignum,</strong></span> <span class='ocrx_word' id='word_1_112' title='bbox 1671 1069 1770 1107; x_wconf 86' lang='lat' dir='ltr'><strong>nihil</strong></span> 
     </span>
     <span class='ocr_line' id='line_1_14' title="bbox 371 1135 1769 1188; baseline 0.001 -16"><span class='ocrx_word' id='word_1_113' title='bbox 371 1144 436 1172; x_wconf 89' lang='lat' dir='ltr'><strong>aut</strong></span> <span class='ocrx_word' id='word_1_114' title='bbox 456 1135 674 1173; x_wconf 87' lang='lat' dir='ltr'><strong>inauditum</strong></span> <span class='ocrx_word' id='word_1_115' title='bbox 691 1135 813 1179; x_wconf 86' lang='lat' dir='ltr'><strong>vobis,</strong></span> <span class='ocrx_word' id='word_1_116' title='bbox 844 1144 909 1173; x_wconf 89' lang='lat' dir='ltr'><strong>aut</strong></span> <span class='ocrx_word' id='word_1_117' title='bbox 928 1135 1111 1187; x_wconf 89' lang='lat' dir='ltr'><strong>cuiquam</strong></span> <span class='ocrx_word' id='word_1_118' title='bbox 1132 1148 1291 1173; x_wconf 90' lang='lat' dir='ltr'><strong>novum.</strong></span> <span class='ocrx_word' id='word_1_119' title='bbox 1324 1135 1430 1173; x_wconf 88' lang='lat' dir='ltr'><strong>Nam</strong></span> <span class='ocrx_word' id='word_1_120' title='bbox 1448 1136 1638 1188; x_wconf 89' lang='lat' dir='ltr'><strong>principio</strong></span> <span class='ocrx_word' id='word_1_121' title='bbox 1657 1135 1769 1179; x_wconf 90' lang='lat' dir='ltr'><strong>illud,</strong></span> 
     </span>
     <span class='ocr_line' id='line_1_15' title="bbox 370 1199 1772 1253; baseline 0 -15"><span class='ocrx_word' id='word_1_122' title='bbox 370 1200 475 1253; x_wconf 88' lang='lat' dir='ltr'><strong>quod</strong></span> <span class='ocrx_word' id='word_1_123' title='bbox 496 1200 548 1238; x_wconf 88' lang='lat' dir='ltr'><strong>est</strong></span> <span class='ocrx_word' id='word_1_124' title='bbox 577 1199 738 1238; x_wconf 91' lang='lat' dir='ltr'><strong>homine</strong></span> <span class='ocrx_word' id='word_1_125' title='bbox 767 1201 951 1253; x_wconf 87' lang='lat' dir='ltr'><strong>ingenuo,</strong></span> <span class='ocrx_word' id='word_1_126' title='bbox 986 1200 1271 1252; x_wconf 84' lang='lat' dir='ltr'><strong>liberaliterque</strong></span> <span class='ocrx_word' id='word_1_127' title='bbox 1290 1201 1452 1238; x_wconf 90' lang='lat' dir='ltr'><strong>educato</strong></span> <span class='ocrx_word' id='word_1_128' title='bbox 1481 1200 1659 1253; x_wconf 88' lang='lat' dir='ltr'><strong>dignum,</strong></span> <span class='ocrx_word' id='word_1_129' title='bbox 1692 1213 1772 1238; x_wconf 89' lang='lat' dir='ltr'><strong>non</strong></span> 
     </span>
     <span class='ocr_line' id='line_1_16' title="bbox 370 1266 1770 1320; baseline 0.001 -16"><span class='ocrx_word' id='word_1_130' title='bbox 370 1266 519 1319; x_wconf 85' lang='lat' dir='ltr'><strong>negabo</strong></span> <span class='ocrx_word' id='word_1_131' title='bbox 539 1280 601 1304; x_wconf 91' lang='lat' dir='ltr'><strong>me</strong></span> <span class='ocrx_word' id='word_1_132' title='bbox 617 1266 683 1305; x_wconf 89' lang='lat' dir='ltr'><strong>ista</strong></span> <span class='ocrx_word' id='word_1_133' title='bbox 702 1267 883 1305; x_wconf 89' lang='lat' dir='ltr'><strong>omnium</strong></span> <span class='ocrx_word' id='word_1_134' title='bbox 903 1267 1129 1305; x_wconf 90' lang='lat' dir='ltr'><strong>communia</strong></span> <span class='ocrx_word' id='word_1_135' title='bbox 1147 1275 1185 1304; x_wconf 90' lang='lat' dir='ltr'><strong>et</strong></span> <span class='ocrx_word' id='word_1_136' title='bbox 1201 1267 1367 1305; x_wconf 88' lang='lat' dir='ltr'><strong>contrita</strong></span> <span class='ocrx_word' id='word_1_137' title='bbox 1382 1275 1571 1320; x_wconf 85' lang='lat' dir='ltr'><strong>praecepta</strong></span> <span class='ocrx_word' id='word_1_138' title='bbox 1588 1266 1770 1305; x_wconf 84' lang='lat' dir='ltr'><strong>didiciffe.</strong></span> 
     </span>
    </p>

    <p class='ocr_par' dir='ltr' id='par_1_5' title="bbox 368 1332 1774 2639">
     <span class='ocr_line' id='line_1_17' title="bbox 426 1332 1771 1386; baseline 0.001 -16"><span class='ocrx_word' id='word_1_139' title='bbox 426 1333 606 1371; x_wconf 89' lang='lat' dir='ltr'><strong>Primum</strong></span> <span class='ocrx_word' id='word_1_140' title='bbox 635 1334 792 1371; x_wconf 88' lang='lat' dir='ltr'><strong>oratoris</strong></span> <span class='ocrx_word' id='word_1_141' title='bbox 823 1333 1000 1371; x_wconf 86' lang='lat' dir='ltr'><strong>officium</strong></span> <span class='ocrx_word' id='word_1_142' title='bbox 1034 1332 1118 1377; x_wconf 86' lang='lat' dir='ltr'><strong>effe,</strong></span> <span class='ocrx_word' id='word_1_143' title='bbox 1149 1333 1273 1371; x_wconf 88' lang='lat' dir='ltr'><strong>dicere</strong></span> <span class='ocrx_word' id='word_1_144' title='bbox 1293 1332 1339 1371; x_wconf 89' lang='lat' dir='ltr'><strong>ad</strong></span> <span class='ocrx_word' id='word_1_145' title='bbox 1369 1332 1674 1386; x_wconf 89' lang='lat' dir='ltr'><strong>persuadendum</strong></span> <span class='ocrx_word' id='word_1_146' title='bbox 1706 1346 1771 1371; x_wconf 91' lang='lat' dir='ltr'><strong>ac-</strong></span> 
     </span>
     <span class='ocr_line' id='line_1_18' title="bbox 368 1398 1771 1437; baseline 0.001 -1"><span class='ocrx_word' id='word_1_147' title='bbox 368 1398 628 1437; x_wconf 87' lang='lat' dir='ltr'><strong>commodate.</strong></span> <span class='ocrx_word' id='word_1_148' title='bbox 671 1399 825 1437; x_wconf 89' lang='lat' dir='ltr'><strong>Deinde</strong></span> <span class='ocrx_word' id='word_1_149' title='bbox 855 1398 927 1437; x_wconf 84' lang='lat' dir='ltr'><strong>effe</strong></span> <span class='ocrx_word' id='word_1_150' title='bbox 954 1412 1114 1437; x_wconf 89' lang='lat' dir='ltr'><strong>omnem</strong></span> <span class='ocrx_word' id='word_1_151' title='bbox 1135 1399 1348 1437; x_wconf 88' lang='lat' dir='ltr'><strong>orationem</strong></span> <span class='ocrx_word' id='word_1_152' title='bbox 1375 1407 1440 1437; x_wconf 90' lang='lat' dir='ltr'><strong>aut</strong></span> <span class='ocrx_word' id='word_1_153' title='bbox 1470 1399 1517 1437; x_wconf 90' lang='lat' dir='ltr'><strong>de</strong></span> <span class='ocrx_word' id='word_1_154' title='bbox 1537 1399 1697 1437; x_wconf 82' lang='lat' dir='ltr'><strong>infinitae</strong></span> <span class='ocrx_word' id='word_1_155' title='bbox 1717 1399 1771 1437; x_wconf 86' lang='lat' dir='ltr'><strong>rei</strong></span> 
     </span>
     <span class='ocr_line' id='line_1_19' title="bbox 368 1464 1770 1518; baseline 0 -16"><span class='ocrx_word' id='word_1_156' title='bbox 368 1465 588 1517; x_wconf 85' lang='lat' dir='ltr'><strong>quaestione,</strong></span> <span class='ocrx_word' id='word_1_157' title='bbox 619 1464 695 1502; x_wconf 85' lang='lat' dir='ltr'><strong>fine</strong></span> <span class='ocrx_word' id='word_1_158' title='bbox 725 1465 982 1518; x_wconf 88' lang='lat' dir='ltr'><strong>defignatione</strong></span> <span class='ocrx_word' id='word_1_159' title='bbox 1015 1465 1260 1518; x_wconf 85' lang='lat' dir='ltr'><strong>personarum</strong></span> <span class='ocrx_word' id='word_1_160' title='bbox 1287 1465 1325 1503; x_wconf 79' lang='lat' dir='ltr'><strong>et</strong></span> <span class='ocrx_word' id='word_1_161' title='bbox 1357 1473 1578 1518; x_wconf 83' lang='lat' dir='ltr'><strong>temporum</strong></span> <span class='ocrx_word' id='word_1_162' title='bbox 1594 1483 1606 1510; x_wconf 66' lang='grc' dir='ltr'><strong><em>ς</em></strong></span> <span class='ocrx_word' id='word_1_163' title='bbox 1638 1473 1702 1503; x_wconf 91' lang='lat' dir='ltr'><strong>aut</strong></span> <span class='ocrx_word' id='word_1_164' title='bbox 1723 1465 1770 1502; x_wconf 89' lang='lat' dir='ltr'><strong>de</strong></span> 
     </span>
     <span class='ocr_line' id='line_1_20' title="bbox 370 1531 1771 1583; baseline -0.001 -13"><span class='ocrx_word' id='word_1_165' title='bbox 370 1544 408 1570; x_wconf 90' lang='lat' dir='ltr'><strong>re</strong></span> <span class='ocrx_word' id='word_1_166' title='bbox 428 1531 540 1568; x_wconf 90' lang='lat' dir='ltr'><strong>certis</strong></span> <span class='ocrx_word' id='word_1_167' title='bbox 558 1531 600 1568; x_wconf 86' lang='lat' dir='ltr'><strong>in</strong></span> <span class='ocrx_word' id='word_1_168' title='bbox 619 1531 786 1583; x_wconf 88' lang='lat' dir='ltr'><strong>personis</strong></span> <span class='ocrx_word' id='word_1_169' title='bbox 806 1545 848 1568; x_wconf 91' lang='lat' dir='ltr'><strong>ac</strong></span> <span class='ocrx_word' id='word_1_170' title='bbox 870 1531 1108 1583; x_wconf 85' lang='lat' dir='ltr'><strong>temporibus</strong></span> <span class='ocrx_word' id='word_1_171' title='bbox 1129 1531 1264 1570; x_wconf 89' lang='lat' dir='ltr'><strong>locata.</strong></span> <span class='ocrx_word' id='word_1_172' title='bbox 1325 1532 1370 1569; x_wconf 91' lang='lat' dir='ltr'><strong>In</strong></span> <span class='ocrx_word' id='word_1_173' title='bbox 1402 1540 1561 1583; x_wconf 90' lang='lat' dir='ltr'><strong>utraque</strong></span> <span class='ocrx_word' id='word_1_174' title='bbox 1581 1540 1710 1569; x_wconf 85' lang='lat' dir='ltr'><strong>autern</strong></span> <span class='ocrx_word' id='word_1_175' title='bbox 1732 1544 1771 1568; x_wconf 92' lang='lat' dir='ltr'><strong>re</strong></span> 
     </span>
     <span class='ocr_line' id='line_1_21' title="bbox 369 1596 1770 1649; baseline 0 -15"><span class='ocrx_word' id='word_1_176' title='bbox 369 1597 562 1648; x_wconf 90' lang='lat' dir='ltr'><strong>quidquid</strong></span> <span class='ocrx_word' id='word_1_177' title='bbox 581 1596 622 1634; x_wconf 90' lang='lat' dir='ltr'><strong>in</strong></span> <span class='ocrx_word' id='word_1_178' title='bbox 642 1597 934 1634; x_wconf 83' lang='lat' dir='ltr'><strong>controverfiam</strong></span> <span class='ocrx_word' id='word_1_179' title='bbox 950 1597 1088 1640; x_wconf 88' lang='lat' dir='ltr'><strong>veniat,</strong></span> <span class='ocrx_word' id='word_1_180' title='bbox 1112 1597 1151 1634; x_wconf 90' lang='lat' dir='ltr'><strong>in</strong></span> <span class='ocrx_word' id='word_1_181' title='bbox 1167 1610 1211 1634; x_wconf 92' lang='lat' dir='ltr'><strong>eo</strong></span> <span class='ocrx_word' id='word_1_182' title='bbox 1227 1597 1345 1649; x_wconf 85' lang='lat' dir='ltr'><strong>quaeri</strong></span> <span class='ocrx_word' id='word_1_183' title='bbox 1360 1597 1490 1641; x_wconf 88' lang='lat' dir='ltr'><strong>solere,</strong></span> <span class='ocrx_word' id='word_1_184' title='bbox 1505 1606 1583 1641; x_wconf 91' lang='lat' dir='ltr'><strong>aut,</strong></span> <span class='ocrx_word' id='word_1_185' title='bbox 1601 1596 1770 1635; x_wconf 56' lang='lat' dir='ltr'><strong>faitum-</strong></span> 
     </span>
     <span class='ocr_line' id='line_1_22' title="bbox 370 1662 1770 1715; baseline -0.001 -13"><span class='ocrx_word' id='word_1_186' title='bbox 370 1677 418 1701; x_wconf 89' lang='lat' dir='ltr'><strong>ne</strong></span> <span class='ocrx_word' id='word_1_187' title='bbox 438 1664 482 1702; x_wconf 91' lang='lat' dir='ltr'><strong>s1t</strong></span> <span class='ocrx_word' id='word_1_188' title='bbox 497 1682 509 1709; x_wconf 80' lang='lat'>3</span> <span class='ocrx_word' id='word_1_189' title='bbox 541 1673 619 1707; x_wconf 86' lang='lat' dir='ltr'><strong>aut,</strong></span> <span class='ocrx_word' id='word_1_190' title='bbox 637 1663 663 1701; x_wconf 93' lang='lat' dir='ltr'>fi</span> <span class='ocrx_word' id='word_1_191' title='bbox 684 1663 736 1700; x_wconf 90' lang='lat' dir='ltr'><strong>est</strong></span> <span class='ocrx_word' id='word_1_192' title='bbox 755 1662 915 1707; x_wconf 63' lang='lat' dir='ltr'><strong>factum,</strong></span> <span class='ocrx_word' id='word_1_193' title='bbox 938 1663 1050 1715; x_wconf 87' lang='lat' dir='ltr'><strong>quale</strong></span> <span class='ocrx_word' id='word_1_194' title='bbox 1070 1662 1114 1700; x_wconf 90' lang='lat' dir='ltr'><strong>fit</strong></span> <span class='ocrx_word' id='word_1_195' title='bbox 1125 1681 1137 1707; x_wconf 80' lang='lat'>3</span> <span class='ocrx_word' id='word_1_196' title='bbox 1165 1672 1230 1700; x_wconf 89' lang='lat' dir='ltr'><strong>aut</strong></span> <span class='ocrx_word' id='word_1_197' title='bbox 1249 1663 1366 1701; x_wconf 86' lang='lat' dir='ltr'><strong>etiarn</strong></span> <span class='ocrx_word' id='word_1_198' title='bbox 1385 1676 1462 1715; x_wconf 92' lang='lat' dir='ltr'><strong>quo</strong></span> <span class='ocrx_word' id='word_1_199' title='bbox 1478 1663 1636 1701; x_wconf 88' lang='lat' dir='ltr'><strong>nomine</strong></span> <span class='ocrx_word' id='word_1_200' title='bbox 1656 1676 1770 1701; x_wconf 90' lang='lat' dir='ltr'><strong>voce-</strong></span> 
     </span>
     <span class='ocr_line' id='line_1_23' title="bbox 371 1728 1769 1781; baseline 0 -14"><span class='ocrx_word' id='word_1_201' title='bbox 371 1738 435 1767; x_wconf 91' lang='lat' dir='ltr'><strong>tur</strong></span> <span class='ocrx_word' id='word_1_202' title='bbox 446 1748 458 1774; x_wconf 79' lang='lat'>3</span> <span class='ocrx_word' id='word_1_203' title='bbox 491 1738 569 1774; x_wconf 88' lang='lat' dir='ltr'><strong>aut,</strong></span> <span class='ocrx_word' id='word_1_204' title='bbox 601 1729 705 1781; x_wconf 90' lang='lat' dir='ltr'><strong>quod</strong></span> <span class='ocrx_word' id='word_1_205' title='bbox 738 1728 917 1767; x_wconf 86' lang='lat' dir='ltr'><strong>nonnulli</strong></span> <span class='ocrx_word' id='word_1_206' title='bbox 947 1728 1105 1772; x_wconf 87' lang='lat' dir='ltr'><strong>addunt,</strong></span> <span class='ocrx_word' id='word_1_207' title='bbox 1138 1730 1285 1766; x_wconf 63' lang='lat' dir='ltr'><strong>rectene</strong></span> <span class='ocrx_word' id='word_1_208' title='bbox 1312 1728 1459 1766; x_wconf 61' lang='lat' dir='ltr'><strong>factum</strong></span> <span class='ocrx_word' id='word_1_209' title='bbox 1488 1728 1559 1766; x_wconf 83' lang='lat' dir='ltr'><strong>effe</strong></span> <span class='ocrx_word' id='word_1_210' title='bbox 1583 1729 1769 1768; x_wconf 87' lang='lat' dir='ltr'><strong>videatur.</strong></span> 
     </span>
     <span class='ocr_line' id='line_1_24' title="bbox 372 1795 1772 1848; baseline 0 -15"><span class='ocrx_word' id='word_1_211' title='bbox 372 1795 544 1834; x_wconf 86' lang='lat' dir='ltr'><strong>Existere</strong></span> <span class='ocrx_word' id='word_1_212' title='bbox 565 1805 695 1833; x_wconf 85' lang='lat' dir='ltr'><strong>autem</strong></span> <span class='ocrx_word' id='word_1_213' title='bbox 716 1795 983 1833; x_wconf 77' lang='lat' dir='ltr'><strong>controversias</strong></span> <span class='ocrx_word' id='word_1_214' title='bbox 1004 1795 1120 1832; x_wconf 86' lang='lat' dir='ltr'><strong>etiam</strong></span> <span class='ocrx_word' id='word_1_215' title='bbox 1151 1808 1197 1832; x_wconf 85' lang='lat' dir='ltr'><strong>ex</strong></span> <span class='ocrx_word' id='word_1_216' title='bbox 1223 1795 1352 1847; x_wconf 91' lang='lat' dir='ltr'><strong>scripti</strong></span> <span class='ocrx_word' id='word_1_217' title='bbox 1373 1795 1699 1848; x_wconf 86' lang='lat' dir='ltr'><strong>interpretatione,</strong></span> <span class='ocrx_word' id='word_1_218' title='bbox 1731 1796 1772 1833; x_wconf 90' lang='lat' dir='ltr'><strong>in</strong></span> 
     </span>
     <span class='ocr_line' id='line_1_25' title="bbox 371 1860 1774 1913; baseline 0.001 -15"><span class='ocrx_word' id='word_1_219' title='bbox 371 1875 450 1913; x_wconf 91' lang='lat' dir='ltr'><strong>quo</strong></span> <span class='ocrx_word' id='word_1_220' title='bbox 469 1871 534 1898; x_wconf 87' lang='lat' dir='ltr'><strong>aut</strong></span> <span class='ocrx_word' id='word_1_221' title='bbox 564 1861 745 1913; x_wconf 85' lang='lat' dir='ltr'><strong>ambigue</strong></span> <span class='ocrx_word' id='word_1_222' title='bbox 766 1861 859 1912; x_wconf 89' lang='lat' dir='ltr'><strong>quid</strong></span> <span class='ocrx_word' id='word_1_223' title='bbox 880 1861 923 1898; x_wconf 89' lang='lat' dir='ltr'><strong>fit</strong></span> <span class='ocrx_word' id='word_1_224' title='bbox 945 1860 1146 1913; x_wconf 87' lang='lat' dir='ltr'><strong>scripturn,</strong></span> <span class='ocrx_word' id='word_1_225' title='bbox 1177 1869 1242 1898; x_wconf 87' lang='lat' dir='ltr'><strong>aut</strong></span> <span class='ocrx_word' id='word_1_226' title='bbox 1274 1861 1476 1905; x_wconf 84' lang='lat' dir='ltr'><strong>contrarie,</strong></span> <span class='ocrx_word' id='word_1_227' title='bbox 1508 1870 1571 1899; x_wconf 89' lang='lat' dir='ltr'><strong>aut</strong></span> <span class='ocrx_word' id='word_1_228' title='bbox 1592 1861 1657 1905; x_wconf 88' lang='lat' dir='ltr'><strong>ita,</strong></span> <span class='ocrx_word' id='word_1_229' title='bbox 1690 1870 1733 1899; x_wconf 90' lang='lat' dir='ltr'><strong>ut</strong></span> <span class='ocrx_word' id='word_1_230' title='bbox 1753 1873 1774 1898; x_wconf 91' lang='lat' dir='ltr'><strong>a</strong></span> 
     </span>
     <span class='ocr_line' id='line_1_26' title="bbox 373 1925 1774 1979; baseline 0 -15"><span class='ocrx_word' id='word_1_231' title='bbox 373 1927 557 1964; x_wconf 86' lang='lat' dir='ltr'><strong>sententia</strong></span> <span class='ocrx_word' id='word_1_232' title='bbox 576 1926 763 1979; x_wconf 88' lang='lat' dir='ltr'><strong>scriptum</strong></span> <span class='ocrx_word' id='word_1_233' title='bbox 784 1926 972 1964; x_wconf 83' lang='lat' dir='ltr'><strong>diffideat:</strong></span> <span class='ocrx_word' id='word_1_234' title='bbox 996 1925 1056 1963; x_wconf 90' lang='lat' dir='ltr'><strong>his</strong></span> <span class='ocrx_word' id='word_1_235' title='bbox 1073 1935 1201 1964; x_wconf 88' lang='lat' dir='ltr'><strong>autem</strong></span> <span class='ocrx_word' id='word_1_236' title='bbox 1218 1926 1400 1965; x_wconf 89' lang='lat' dir='ltr'><strong>omnibus</strong></span> <span class='ocrx_word' id='word_1_237' title='bbox 1420 1926 1591 1979; x_wconf 87' lang='lat' dir='ltr'><strong>partibus</strong></span> <span class='ocrx_word' id='word_1_238' title='bbox 1608 1927 1774 1978; x_wconf 61' lang='lat' dir='ltr'><strong>subjecta</strong></span> 
     </span>
     <span class='ocr_line' id='line_1_27' title="bbox 371 1982 1770 2045; baseline 0 -15"><span class='ocrx_word' id='word_1_239' title='bbox 371 1993 547 2044; x_wconf 78' lang='lat' dir='ltr'><strong>quaedam</strong></span> <span class='ocrx_word' id='word_1_240' title='bbox 566 1982 637 2030; x_wconf 84' lang='lat' dir='ltr'><strong>effe</strong></span> <span class='ocrx_word' id='word_1_241' title='bbox 658 2001 882 2045; x_wconf 84' lang='lat' dir='ltr'><strong>argumenta</strong></span> <span class='ocrx_word' id='word_1_242' title='bbox 902 1992 1069 2045; x_wconf 88' lang='lat' dir='ltr'><strong>propria.</strong></span> <span class='ocrx_word' id='word_1_243' title='bbox 1101 1992 1172 2030; x_wconf 83' lang='lat' dir='ltr'><strong>Sed</strong></span> <span class='ocrx_word' id='word_1_244' title='bbox 1189 1991 1400 2037; x_wconf 88' lang='lat' dir='ltr'><strong>causarum,</strong></span> <span class='ocrx_word' id='word_1_245' title='bbox 1423 2006 1507 2045; x_wconf 88' lang='lat' dir='ltr'><strong>quae</strong></span> <span class='ocrx_word' id='word_1_246' title='bbox 1527 1993 1599 2030; x_wconf 77' lang='lat' dir='ltr'><strong>sint</strong></span> <span class='ocrx_word' id='word_1_247' title='bbox 1619 2006 1639 2030; x_wconf 89' lang='lat' dir='ltr'><strong>a</strong></span> <span class='ocrx_word' id='word_1_248' title='bbox 1659 2006 1770 2030; x_wconf 88' lang='lat' dir='ltr'><strong>com-</strong></span> 
     </span>
     <span class='ocr_line' id='line_1_28' title="bbox 372 2058 1771 2111; baseline -0.001 -15"><span class='ocrx_word' id='word_1_249' title='bbox 372 2060 484 2096; x_wconf 88' lang='lat' dir='ltr'><strong>muni</strong></span> <span class='ocrx_word' id='word_1_250' title='bbox 497 2058 702 2110; x_wconf 82' lang='lat' dir='ltr'><strong>quaestione</strong></span> <span class='ocrx_word' id='word_1_251' title='bbox 719 2059 908 2110; x_wconf 63' lang='lat' dir='ltr'><strong>sejunctae,</strong></span> <span class='ocrx_word' id='word_1_252' title='bbox 925 2059 1066 2111; x_wconf 82' lang='lat' dir='ltr'><strong>partim</strong></span> <span class='ocrx_word' id='word_1_253' title='bbox 1084 2058 1293 2109; x_wconf 83' lang='lat' dir='ltr'><strong>injudiciis</strong></span> <span class='ocrx_word' id='word_1_254' title='bbox 1309 2058 1456 2103; x_wconf 83' lang='lat' dir='ltr'><strong>versari,</strong></span> <span class='ocrx_word' id='word_1_255' title='bbox 1485 2059 1628 2110; x_wconf 87' lang='lat' dir='ltr'><strong>partim</strong></span> <span class='ocrx_word' id='word_1_256' title='bbox 1645 2058 1685 2095; x_wconf 90' lang='lat' dir='ltr'><strong>in</strong></span> <span class='ocrx_word' id='word_1_257' title='bbox 1703 2058 1771 2095; x_wconf 92' lang='lat' dir='ltr'><strong>de-</strong></span> 
     </span>
     <span class='ocr_line' id='line_1_29' title="bbox 372 2123 1773 2176; baseline -0.001 -15"><span class='ocrx_word' id='word_1_258' title='bbox 372 2124 686 2162; x_wconf 75' lang='lat' dir='ltr'><strong>liberationibus:</strong></span> <span class='ocrx_word' id='word_1_259' title='bbox 710 2125 780 2162; x_wconf 71' lang='lat' dir='ltr'><strong>ess‘e</strong></span> <span class='ocrx_word' id='word_1_260' title='bbox 800 2126 916 2162; x_wconf 89' lang='lat' dir='ltr'><strong>etiarn</strong></span> <span class='ocrx_word' id='word_1_261' title='bbox 935 2137 1054 2176; x_wconf 85' lang='lat' dir='ltr'><strong>genus</strong></span> <span class='ocrx_word' id='word_1_262' title='bbox 1083 2124 1255 2167; x_wconf 87' lang='lat' dir='ltr'><strong>tertium,</strong></span> <span class='ocrx_word' id='word_1_263' title='bbox 1278 2124 1382 2175; x_wconf 91' lang='lat' dir='ltr'><strong>quod</strong></span> <span class='ocrx_word' id='word_1_264' title='bbox 1404 2124 1443 2161; x_wconf 90' lang='lat' dir='ltr'><strong>in</strong></span> <span class='ocrx_word' id='word_1_265' title='bbox 1464 2123 1676 2167; x_wconf 83' lang='lat' dir='ltr'><strong>laudandis,</strong></span> <span class='ocrx_word' id='word_1_266' title='bbox 1708 2131 1773 2160; x_wconf 90' lang='lat' dir='ltr'><strong>aut</strong></span> 
     </span>
     <span class='ocr_line' id='line_1_30' title="bbox 370 2189 1771 2242; baseline -0.001 -14"><span class='ocrx_word' id='word_1_267' title='bbox 370 2191 627 2242; x_wconf 80' lang='lat' dir='ltr'><strong>vituperandis</strong></span> <span class='ocrx_word' id='word_1_268' title='bbox 649 2191 888 2235; x_wconf 85' lang='lat' dir='ltr'><strong>hominibus,</strong></span> <span class='ocrx_word' id='word_1_269' title='bbox 911 2200 1114 2242; x_wconf 84' lang='lat' dir='ltr'><strong>poneretur</strong></span> <span class='ocrx_word' id='word_1_270' title='bbox 1132 2205 1140 2227; x_wconf 90' lang='lat'>:</span> <span class='ocrx_word' id='word_1_271' title='bbox 1173 2190 1371 2242; x_wconf 87' lang='lat' dir='ltr'><strong>certosque</strong></span> <span class='ocrx_word' id='word_1_272' title='bbox 1391 2189 1461 2228; x_wconf 82' lang='lat' dir='ltr'><strong>effe</strong></span> <span class='ocrx_word' id='word_1_273' title='bbox 1483 2190 1601 2234; x_wconf 87' lang='lat' dir='ltr'><strong>locos,</strong></span> <span class='ocrx_word' id='word_1_274' title='bbox 1629 2189 1771 2241; x_wconf 88' lang='lat' dir='ltr'><strong>quibus</strong></span> 
     </span>
     <span class='ocr_line' id='line_1_31' title="bbox 372 2255 1771 2308; baseline -0.001 -14"><span class='ocrx_word' id='word_1_275' title='bbox 372 2257 412 2294; x_wconf 81' lang='lat' dir='ltr'><strong>in</strong></span> <span class='ocrx_word' id='word_1_276' title='bbox 428 2257 585 2308; x_wconf 84' lang='lat' dir='ltr'><strong>judiciis</strong></span> <span class='ocrx_word' id='word_1_277' title='bbox 609 2266 816 2301; x_wconf 86' lang='lat' dir='ltr'><strong>uteremur,</strong></span> <span class='ocrx_word' id='word_1_278' title='bbox 848 2257 887 2294; x_wconf 91' lang='lat' dir='ltr'><strong>in</strong></span> <span class='ocrx_word' id='word_1_279' title='bbox 910 2257 1049 2308; x_wconf 90' lang='lat' dir='ltr'><strong>quibus</strong></span> <span class='ocrx_word' id='word_1_280' title='bbox 1071 2257 1227 2308; x_wconf 78' lang='lat' dir='ltr'><strong>aequitas</strong></span> <span class='ocrx_word' id='word_1_281' title='bbox 1258 2257 1466 2308; x_wconf 80' lang='lat' dir='ltr'><strong>quaeritur:</strong></span> <span class='ocrx_word' id='word_1_282' title='bbox 1499 2256 1592 2293; x_wconf 89' lang='lat' dir='ltr'><strong>alios</strong></span> <span class='ocrx_word' id='word_1_283' title='bbox 1613 2255 1652 2293; x_wconf 88' lang='lat' dir='ltr'><strong>in</strong></span> <span class='ocrx_word' id='word_1_284' title='bbox 1673 2255 1771 2293; x_wconf 89' lang='lat' dir='ltr'><strong>deli-</strong></span> 
     </span>
     <span class='ocr_line' id='line_1_32' title="bbox 374 2321 1772 2374; baseline -0.001 -15"><span class='ocrx_word' id='word_1_285' title='bbox 374 2322 648 2366; x_wconf 78' lang='lat' dir='ltr'><strong>berationibus,</strong></span> <span class='ocrx_word' id='word_1_286' title='bbox 671 2323 738 2374; x_wconf 91' lang='lat' dir='ltr'><strong>qui</strong></span> <span class='ocrx_word' id='word_1_287' title='bbox 759 2335 891 2359; x_wconf 85' lang='lat' dir='ltr'><strong>omnes</strong></span> <span class='ocrx_word' id='word_1_288' title='bbox 913 2322 958 2359; x_wconf 83' lang='lat' dir='ltr'><strong>ad</strong></span> <span class='ocrx_word' id='word_1_289' title='bbox 972 2322 1179 2359; x_wconf 77' lang='lat' dir='ltr'><strong>utilitatem</strong></span> <span class='ocrx_word' id='word_1_290' title='bbox 1193 2322 1446 2374; x_wconf 84' lang='lat' dir='ltr'><strong>dirigerentur</strong></span> <span class='ocrx_word' id='word_1_291' title='bbox 1461 2335 1610 2365; x_wconf 88' lang='lat' dir='ltr'><strong>eorum,</strong></span> <span class='ocrx_word' id='word_1_292' title='bbox 1631 2321 1772 2373; x_wconf 88' lang='lat' dir='ltr'><strong>quibus</strong></span> 
     </span>
     <span class='ocr_line' id='line_1_33' title="bbox 372 2387 1770 2440; baseline -0.001 -14"><span class='ocrx_word' id='word_1_293' title='bbox 372 2388 575 2426; x_wconf 84' lang='lat' dir='ltr'><strong>confilium</strong></span> <span class='ocrx_word' id='word_1_294' title='bbox 593 2388 768 2426; x_wconf 85' lang='lat' dir='ltr'><strong>daremus</strong></span> <span class='ocrx_word' id='word_1_295' title='bbox 785 2403 792 2425; x_wconf 95' lang='lat'>:</span> <span class='ocrx_word' id='word_1_296' title='bbox 817 2388 908 2425; x_wconf 86' lang='lat' dir='ltr'><strong>alios</strong></span> <span class='ocrx_word' id='word_1_297' title='bbox 927 2388 1020 2425; x_wconf 90' lang='lat' dir='ltr'><strong>item</strong></span> <span class='ocrx_word' id='word_1_298' title='bbox 1042 2388 1081 2425; x_wconf 85' lang='lat' dir='ltr'><strong>in</strong></span> <span class='ocrx_word' id='word_1_299' title='bbox 1096 2388 1391 2432; x_wconf 85' lang='lat' dir='ltr'><strong>laudationibus,</strong></span> <span class='ocrx_word' id='word_1_300' title='bbox 1410 2388 1448 2425; x_wconf 90' lang='lat' dir='ltr'><strong>in</strong></span> <span class='ocrx_word' id='word_1_301' title='bbox 1466 2388 1607 2440; x_wconf 90' lang='lat' dir='ltr'><strong>quibus</strong></span> <span class='ocrx_word' id='word_1_302' title='bbox 1625 2387 1670 2424; x_wconf 90' lang='lat' dir='ltr'><strong>ad</strong></span> <span class='ocrx_word' id='word_1_303' title='bbox 1683 2400 1770 2439; x_wconf 89' lang='lat' dir='ltr'><strong>per-</strong></span> 
     </span>
     <span class='ocr_line' id='line_1_34' title="bbox 373 2453 1772 2506; baseline -0.001 -14"><span class='ocrx_word' id='word_1_304' title='bbox 373 2455 549 2492; x_wconf 85' lang='lat' dir='ltr'><strong>sonarum</strong></span> <span class='ocrx_word' id='word_1_305' title='bbox 570 2454 799 2506; x_wconf 77' lang='lat' dir='ltr'><strong>dignitatem</strong></span> <span class='ocrx_word' id='word_1_306' title='bbox 820 2455 951 2491; x_wconf 87' lang='lat' dir='ltr'><strong>omnia</strong></span> <span class='ocrx_word' id='word_1_307' title='bbox 964 2453 1206 2491; x_wconf 83' lang='lat' dir='ltr'><strong>referrentur.</strong></span> <span class='ocrx_word' id='word_1_308' title='bbox 1240 2455 1422 2506; x_wconf 89' lang='lat' dir='ltr'><strong>Cumque</strong></span> <span class='ocrx_word' id='word_1_309' title='bbox 1441 2453 1529 2491; x_wconf 76' lang='lat' dir='ltr'><strong>ess‘et</strong></span> <span class='ocrx_word' id='word_1_310' title='bbox 1546 2453 1673 2491; x_wconf 89' lang='lat' dir='ltr'><strong>omnis</strong></span> <span class='ocrx_word' id='word_1_311' title='bbox 1687 2465 1772 2491; x_wconf 90' lang='lat' dir='ltr'><strong>ora—</strong></span> 
     </span>
     <span class='ocr_line' id='line_1_35' title="bbox 373 2519 1770 2573; baseline -0.001 -15"><span class='ocrx_word' id='word_1_312' title='bbox 373 2522 465 2559; x_wconf 87' lang='lat' dir='ltr'><strong>toris</strong></span> <span class='ocrx_word' id='word_1_313' title='bbox 494 2521 549 2558; x_wconf 86' lang='lat' dir='ltr'><strong>vis</strong></span> <span class='ocrx_word' id='word_1_314' title='bbox 570 2534 611 2558; x_wconf 89' lang='lat' dir='ltr'><strong>ac</strong></span> <span class='ocrx_word' id='word_1_315' title='bbox 634 2519 793 2558; x_wconf 81' lang='lat' dir='ltr'><strong>facultas</strong></span> <span class='ocrx_word' id='word_1_316' title='bbox 816 2520 854 2557; x_wconf 88' lang='lat' dir='ltr'><strong>in</strong></span> <span class='ocrx_word' id='word_1_317' title='bbox 876 2521 1047 2573; x_wconf 90' lang='lat' dir='ltr'><strong>quinque</strong></span> <span class='ocrx_word' id='word_1_318' title='bbox 1068 2529 1190 2573; x_wconf 87' lang='lat' dir='ltr'><strong>partes</strong></span> <span class='ocrx_word' id='word_1_319' title='bbox 1212 2520 1425 2564; x_wconf 87' lang='lat' dir='ltr'><strong>distributa,</strong></span> <span class='ocrx_word' id='word_1_320' title='bbox 1458 2529 1500 2557; x_wconf 87' lang='lat' dir='ltr'><strong>ut</strong></span> <span class='ocrx_word' id='word_1_321' title='bbox 1521 2520 1675 2558; x_wconf 91' lang='lat' dir='ltr'><strong>deberet</strong></span> <span class='ocrx_word' id='word_1_322' title='bbox 1704 2532 1770 2556; x_wconf 63' lang='lat' dir='ltr'><strong>,re-</strong></span> 
     </span>
     <span class='ocr_line' id='line_1_36' title="bbox 374 2584 1769 2639; baseline -0.002 -15"><span class='ocrx_word' id='word_1_323' title='bbox 374 2587 492 2639; x_wconf 79' lang='lat' dir='ltr'><strong>perire</strong></span> <span class='ocrx_word' id='word_1_324' title='bbox 511 2586 699 2639; x_wconf 85' lang='lat' dir='ltr'><strong>primurn,</strong></span> <span class='ocrx_word' id='word_1_325' title='bbox 733 2586 827 2639; x_wconf 85' lang='lat' dir='ltr'><strong>quid</strong></span> <span class='ocrx_word' id='word_1_326' title='bbox 846 2586 1012 2631; x_wconf 68' lang='lat' dir='ltr'><strong>diceret,</strong></span> <span class='ocrx_word' id='word_1_327' title='bbox 1045 2586 1179 2625; x_wconf 87' lang='lat' dir='ltr'><strong>deinde</strong></span> <span class='ocrx_word' id='word_1_328' title='bbox 1200 2586 1354 2625; x_wconf 85' lang='lat' dir='ltr'><strong>inventa</strong></span> <span class='ocrx_word' id='word_1_329' title='bbox 1379 2599 1457 2625; x_wconf 89' lang='lat' dir='ltr'><strong>non</strong></span> <span class='ocrx_word' id='word_1_330' title='bbox 1478 2585 1603 2625; x_wconf 86' lang='lat' dir='ltr'><strong>solum</strong></span> <span class='ocrx_word' id='word_1_331' title='bbox 1623 2584 1769 2629; x_wconf 85' lang='lat' dir='ltr'><strong>ordine,</strong></span> 
     </span>
    </p>
   </div>
  </div>
 </body>
</html>
