2176 2912
443 192 522 245 384
785 186 918 226 DE
1031 185 1506 225 CLARIS

440 285 634 338 ineptum,
666 281 835 320 AElianas
855 280 956 319 leves
975 279 1233 318 oratiunculas
1253 278 1409 318 voluisse
1429 277 1635 317 existimari
1654 277 1750 317 suas.

497 349 627 388 LVII.
660 348 737 386 His
758 346 907 384 duobus
938 345 1107 397 ejusdem
1128 345 1246 383 aetatis
1280 345 1602 383 annumerabatur
1632 357 1747 383 nemo
1768 351 1845 382 ter-

443 416 545 460 tius;
569 415 632 453 sed
652 412 753 452 mihi
773 412 947 465 placebat
967 412 1207 464 Pomponius
1223 412 1391 450 maxime
1406 430 1418 456 ς
1441 411 1501 449 vel
1521 411 1663 455 dicam,
1682 410 1847 448 minime

443 481 681 534 displicebat.
713 481 842 518 Locus
863 488 941 516 erat
960 478 1122 516 omnino
1141 478 1182 516 in
1201 478 1383 516 maximis
1403 477 1534 522 caufis,
1552 486 1687 530 praeter
1706 490 1783 520 eos,
1800 477 1848 513 de

444 549 586 601 quibus
604 547 712 600 supra
724 546 818 590 dixi,
839 545 986 583 nemini
998 563 1010 589 3
1033 553 1230 597 propterea
1245 544 1350 596 quod
1366 544 1576 588 Antonius,
1595 544 1663 595 qui
1679 544 1849 581 maxime
1886 548 1890 549 ⁷

444 614 707 667 expetebatur,
729 610 852 649 facilis
874 611 914 647 in
930 610 1046 647 causlS
1067 609 1294 661 recipiendis
1314 618 1416 653 erat3
1440 608 1663 646 fastidiofior
1682 608 1848 653 Craffus,

445 681 508 719 sed
529 691 657 719 tamen
676 677 894 730 recipiebat.
933 677 1093 715 Horum
1113 676 1182 727 qui
1202 685 1383 713 neutrum
1399 674 1579 719 habebat,
1600 674 1850 726 confugiebat

445 749 491 786 ad
520 747 750 799 Philippum
770 743 862 788 fere,
894 751 959 780 aut
978 743 1026 780 ad
1051 741 1266 780 Caesarem:
1299 743 1416 780 Cotta
1447 751 1485 780 et
1505 742 1697 794 Sulpicius
1731 754 1848 793 expe-

446 815 637 852 tebantur.
670 811 728 849 Ita
747 810 793 848 ab
813 810 858 847 iis
880 809 941 847 sex
961 808 1130 861 patronis
1152 807 1268 846 causae
1288 808 1450 846 illustres
1471 808 1703 861 agebantur:
1726 820 1851 858 neque

447 890 526 919 tam
547 879 684 923 multa,
707 890 825 929 quam
842 876 966 914 nostra
989 875 1269 926 aetate,judicia
1288 874 1430 913 fiebant
1446 893 1457 919 3
1490 887 1614 926 neque
1634 873 1724 919 hoc,
1745 873 1852 926 quod

447 960 551 985 nunc
572 945 630 989 fit,
662 954 704 982 ut
727 942 844 981 causae
864 941 1020 994 fingulae
1039 940 1333 978 defenderentur
1363 954 1383 978 a
1409 941 1610 993 pluribus;
1643 954 1721 992 quo
1751 939 1850 977 nihil

447 1013 501 1051 est
519 1011 703 1050 vitiofius.
736 1008 1027 1061 Respondemus
1047 1008 1108 1052 iis,
1130 1020 1225 1059 quos
1244 1020 1321 1044 non
1342 1007 1587 1052 audivimu55
1610 1007 1650 1044 in
1671 1020 1749 1058 quo
1769 1006 1851 1059 pri-

448 1093 562 1120 mum
583 1078 676 1130 saepe
694 1075 803 1114 aliter
822 1074 875 1113 est
894 1074 1057 1118 dictum,
1075 1073 1184 1111 aliter
1198 1073 1244 1110 ad
1264 1086 1332 1110 nos
1350 1073 1511 1110 relatum
1527 1088 1535 1111 z
1568 1072 1704 1110 deinde
1720 1073 1853 1124 magni

449 1145 601 1184 interest
621 1156 750 1182 coram
771 1141 898 1180 videre
929 1154 1007 1185 me,
1029 1139 1361 1192 quemadmodum
1381 1138 1608 1177 adversarius
1630 1138 1676 1176 de
1702 1151 1854 1191 quaque

451 1227 490 1252 re
509 1212 682 1251 affeveret
694 1229 706 1255 3
739 1208 909 1248 maxime
929 1217 1071 1252 autem,
1094 1206 1428 1260 quemadmodum
1448 1219 1610 1259 quaeque
1640 1218 1696 1243 res
1722 1205 1856 1243 audia-

452 1289 530 1318 tur.
582 1278 653 1317 Sed
674 1275 774 1316 nihil
807 1275 993 1320 vitiofius,
1025 1287 1157 1326 quarn,
1188 1287 1280 1312 cum
1300 1287 1426 1312 unum
1456 1286 1594 1326 corpus
1621 1272 1755 1311 debeat
1785 1271 1856 1310 effe

450 1344 692 1388 defensionis,
724 1342 825 1381 nasci
856 1342 902 1380 de
923 1342 1071 1394 integro
1092 1340 1257 1385 causam,
1288 1354 1381 1378 cum
1400 1340 1444 1378 fit
1462 1340 1508 1378 ab
1528 1340 1647 1377 altero
1667 1348 1853 1392 perorata.

452 1412 649 1451 Omnium
664 1410 769 1448 enim
790 1408 986 1447 causarum
1004 1421 1128 1445 unum
1144 1407 1196 1445 est
1216 1406 1384 1444 naturale
1404 1406 1654 1459 principium,
1676 1418 1752 1442 una
1766 1418 1855 1458 per-

452 1479 598 1517 oratio:
631 1477 786 1528 reliquae
816 1484 954 1528 partes,
986 1474 1089 1525 quasi
1115 1473 1291 1511 membra
1320 1472 1385 1510 suo
1412 1486 1575 1524 quaeque
1600 1471 1688 1510 loco
1717 1471 1854 1516 locata,

452 1545 559 1583 suam
579 1552 615 1581 et
636 1543 731 1586 vim,
762 1551 799 1579 et
819 1541 1048 1592 dignitatern
1081 1548 1225 1577 tenent.
1287 1540 1392 1576 Cum
1412 1547 1542 1576 autem
1562 1537 1721 1575 difficile
1740 1537 1785 1574 fit
1814 1537 1857 1574 in

452 1610 568 1662 longa
587 1609 755 1647 oratione
776 1620 851 1645 non
868 1605 1074 1658 aliquando
1091 1604 1238 1656 aliquid
1258 1604 1310 1641 ita
1325 1603 1478 1648 dicere,
1510 1612 1553 1641 ut
1581 1602 1650 1640 fibi
1671 1601 1747 1655 ipse
1778 1616 1857 1641 non

453 1675 681 1718 conveniat;
714 1681 859 1726 quanto
893 1670 1090 1708 difficilius
1126 1684 1269 1714 cavere,
1301 1683 1348 1707 ne
1379 1669 1474 1721 quid
1502 1669 1603 1707 dicas
1639 1668 1744 1720 quod
1778 1682 1858 1707 non

453 1740 657 1780 conveniat
690 1739 770 1790 ejus
802 1736 979 1781 orationi,
1012 1736 1079 1787 qui
1111 1744 1197 1773 ante
1224 1744 1260 1772 te
1281 1734 1450 1772 dixerit?
1484 1734 1554 1772 Sed
1585 1733 1676 1785 quia
1694 1742 1732 1770 et
1751 1733 1860 1771 labor

453 1806 582 1846 multo
611 1806 733 1857 major
767 1804 832 1849 est,
864 1811 986 1841 totam
1019 1801 1183 1846 causam,
1211 1814 1329 1852 quam
1351 1809 1512 1853 partem,
1536 1799 1673 1844 dicere,
1704 1808 1741 1836 et
1768 1800 1860 1851 quia

452 1874 582 1927 plures
603 1873 786 1910 ineuntur
804 1870 946 1923 gratiae,
966 1869 992 1907 s1
1013 1882 1091 1907 uno
1113 1877 1284 1920 tempore
1297 1867 1399 1905 dicas
1415 1880 1484 1920 pro
1504 1866 1695 1920 pluribus,
1713 1865 1859 1904 idcirco

454 1939 554 1978 hanc
576 1937 894 1977 consuetudinem
916 1935 1093 1974 lubenter
1112 1934 1356 1972 adscivimus.

510 2006 661 2045 LVIII.
684 2006 805 2043 Erant
825 2013 968 2047 tamen,
987 2002 1128 2055 quibus
1145 2001 1336 2039 videretur
1356 2000 1461 2038 illius
1482 2000 1599 2038 aetatis
1622 2000 1754 2037 tertius
1773 1999 1858 2036 Cu-

456 2073 526 2118 rio,
556 2073 646 2124 quia
661 2068 982 2124 splendidioribus
1003 2067 1151 2107 fortaffe
1171 2067 1295 2105 verbis
1317 2066 1495 2104 utebatur
1510 2084 1522 2110 3
1554 2075 1591 2104 et
1612 2065 1701 2118 quia
1721 2065 1861 2103 Latine

455 2153 534 2178 non
555 2138 710 2191 peflime
730 2137 974 2189 loquebatur,
996 2136 1079 2180 usu,
1100 2134 1227 2178 credo,
1248 2133 1379 2185 aliquo
1400 2132 1634 2170 domestico:
1658 2146 1749 2170 nam
1768 2132 1859 2170 lite-

457 2217 584 2242 rarum
606 2202 817 2241 admodum
838 2200 937 2240 nihil
960 2200 1113 2239 sciebat.
1152 2199 1222 2237 Sed
1243 2198 1374 2251 magni
1395 2197 1561 2242 interest,
1583 2211 1679 2250 quos
1700 2197 1861 2250 quisque

457 2270 585 2309 audiat
598 2268 771 2323 quotidie
784 2267 904 2312 domi,
915 2265 1148 2319 quibuscum
1163 2265 1342 2317 loquatur
1354 2279 1374 2303 a
1386 2277 1517 2322 puero,
1528 2263 1862 2317 quemadmodum

458 2346 596 2391 patres,
628 2334 838 2390 paedagogi,
876 2343 1015 2372 matres
1049 2333 1165 2371 etiam
1197 2332 1416 2384 loquantur.
1477 2331 1662 2385 Legimus
1688 2330 1862 2384 epistolas

462 2401 664 2447 Corneliae,
687 2401 818 2440 matris
837 2397 1107 2439 Gracchorum
1120 2416 1132 2443 ς
1165 2406 1315 2451 apparet
1336 2397 1435 2436 filios
1457 2411 1533 2435 non
1555 2406 1634 2435 tam
1655 2397 1694 2435 in
1715 2396 1863 2449 gremio

461 2469 654 2515 educatos,
673 2480 790 2522 quam
810 2466 852 2506 in
871 2465 1057 2512 sermone,
1075 2463 1222 2504 matris.
1245 2463 1412 2503 Auditus
1433 2463 1485 2503 est
1504 2463 1616 2503 nobis
1633 2462 1760 2502 Laeliae
1776 2461 1862 2500 Caii
