2176 2912
509 151 828 193 LIBER
904 148 1479 188 SECUNDUS.
1625 153 1697 192 261

301 247 451 287 nollent
466 264 477 290 ;
509 254 553 283 ut
573 244 717 282 Censor
747 242 932 295 LepiduS,
963 255 1056 280 cum
1077 242 1141 280 M.
1167 241 1337 280 Antistio
1356 242 1533 294 Pyrgensi
1558 255 1706 295 equum

301 311 509 355 ademisset,
539 310 732 362 amicique
752 323 845 347 cum
864 307 1178 353 vociferarentur,
1209 317 1247 346 et
1267 316 1492 359 quaererent,
1525 310 1619 360 quid
1640 310 1705 347 ille

301 379 399 432 patri
419 377 485 415 suo
511 375 766 428 responderet,
797 388 867 413 cur
886 375 1117 428 ademptum
1151 375 1220 412 fibi
1247 387 1395 426 equum
1423 373 1580 419 diceret,
1612 389 1705 413 cum

301 445 473 497 optimus
494 442 670 487 colonus,
701 441 953 495 parciffimus,
975 440 1284 485 modestiffimus,
1306 439 1580 493 frugaliffimus
1601 441 1703 486 efl‘et,

301 511 369 548 Me
386 508 541 561 istarum,
571 508 714 559 inquit,
743 507 839 546 nihil
852 506 1005 546 credere.

357 575 609 627 Colliguntur
624 587 645 611 a
660 574 808 612 Graecis
825 574 897 611 alia
912 573 1113 617 nonnulla,
1130 572 1403 616 execrationes,
1420 571 1705 616 admirationes,

302 640 547 679 minationes.
580 638 652 677 Sed
672 638 753 677 haec
773 638 852 691 ipsa
872 640 988 676 nimis
1009 637 1110 676 mihi
1130 637 1260 675 videor
1280 637 1404 675 multa
1422 638 1462 675 in
1479 650 1616 690 genera
1635 637 1704 675 de-

302 705 493 758 scripsisse.
544 705 650 744 Nam
671 705 751 749 illa,
787 718 871 756 quae
891 705 997 742 verbi
1031 704 1176 742 ratione
1195 713 1233 740 et
1253 703 1290 740 vi
1311 703 1570 747 continentur,
1602 711 1705 741 certa

301 770 378 809 fere
398 785 440 809 ac
454 771 609 808 definita
627 770 713 808 sunt
726 790 737 815 ς
761 785 845 823 quae
861 770 1105 823 plerumque,
1124 780 1166 807 ut
1186 779 1271 807 ante
1288 769 1382 813 dixi,
1405 769 1547 807 laudari
1564 771 1701 823 magis,

301 851 419 889 quam
440 837 566 882 rideri,
590 836 722 874 solent.

356 904 454 941 Haec
474 912 617 947 autern,
649 916 734 955 quae
755 902 840 940 sunt
860 902 900 940 in
926 915 964 940 re
982 911 1019 939 et
1041 902 1081 940 in
1102 902 1178 954 ipsa
1199 902 1394 946 sententia,
1426 902 1597 954 partibus
1618 902 1704 940 sunt

299 968 610 1013 innumerabilia,
631 969 833 1021 generibus
850 982 980 1021 pauca.
1014 968 1358 1021 Expectationibus
1378 969 1483 1006 enim
1504 968 1702 1020 decipien-

299 1034 373 1078 dis,
404 1044 441 1071 et
472 1034 615 1071 naturis
647 1034 811 1072 aliorum
842 1033 1057 1079 irridendis,
1088 1033 1259 1086 ipsorum
1289 1033 1448 1071 ridicule
1471 1033 1701 1078 indicandis,

301 1110 339 1138 et
359 1100 610 1137 similitudine
640 1101 833 1152 turpioris,
864 1109 902 1137 et
922 1100 1234 1145 dissimulatione,
1265 1110 1303 1138 et
1323 1100 1550 1138 subabsurda
1569 1100 1703 1138 dicen-

301 1166 365 1211 do,
396 1176 433 1203 et
453 1165 565 1203 stulta
585 1165 906 1218 reprehendendo,
928 1166 1020 1204 risus
1049 1176 1267 1205 moventur.
1314 1167 1449 1218 Itaque
1468 1166 1703 1204 imbuendus

300 1231 353 1270 est
372 1232 418 1276 is,
455 1232 523 1284 qui
546 1231 675 1283 jocose
695 1232 778 1270 vult
809 1232 947 1276 dicere,
978 1233 1081 1284 quasi
1112 1233 1246 1270 natura
1265 1232 1429 1284 quadam
1448 1233 1535 1284 apta
1555 1232 1600 1269 ad
1620 1231 1702 1270 haec

301 1311 452 1350 genera,
483 1307 519 1335 et
540 1298 727 1342 moribus,
762 1307 805 1336 ut
832 1298 877 1335 ad
907 1298 1091 1350 cujusque
1112 1299 1219 1336 modi
1244 1311 1364 1350 genus
1392 1298 1545 1335 ridiculi
1571 1297 1702 1336 vultus

301 1364 418 1401 etiam
450 1364 792 1401 accommodetur:
825 1364 893 1415 qui
927 1364 1085 1416 quidem
1117 1378 1195 1415 quo
1216 1364 1373 1401 severior
1399 1364 1451 1401 est
1476 1373 1514 1401 et
1548 1364 1703 1408 tristior,

302 1439 345 1468 ut
366 1430 405 1467 in
427 1439 476 1474 te,
500 1430 638 1474 Craffe,
669 1429 744 1468 hoc
764 1429 843 1474 illa,
865 1444 949 1482 quae
970 1430 1166 1474 dicuntur,
1198 1430 1342 1468 salsiora
1361 1430 1480 1467 videri
1501 1430 1635 1468 solent.

356 1496 426 1534 Sed
441 1496 523 1548 jam
545 1506 601 1540 tu,
625 1496 788 1540 Antoni,
824 1497 891 1547 qui
922 1494 996 1533 hoc
1014 1495 1218 1533 diversorio
1238 1495 1420 1532 sermonis
1442 1496 1518 1532 mei
1540 1495 1703 1533 libenter

303 1563 570 1614 acquieturum
600 1572 636 1600 te
664 1561 735 1600 effe
766 1561 908 1606 dixisti,
940 1571 1123 1614 tanquam
1156 1562 1196 1599 in
1230 1562 1459 1599 Pomtinum
1491 1562 1700 1606 diverteris,

303 1642 425 1681 neque
446 1642 659 1674 amoenum,
691 1642 815 1680 neque
835 1628 1023 1666 salubrem
1045 1629 1191 1673 locum,
1222 1627 1369 1673 censeo,
1402 1637 1444 1666 ut
1473 1628 1557 1666 satis
1578 1628 1645 1666 diu
1667 1637 1703 1666 te

304 1704 412 1746 putes
444 1694 635 1745 requieffe,
666 1703 704 1732 et
734 1695 804 1732 iter
838 1694 1032 1745 reliquum
1067 1694 1253 1732 conficere
1287 1707 1431 1747 pergas.
1492 1695 1578 1746 Ego
1599 1707 1699 1739 vero,

303 1770 417 1812 atque
437 1759 555 1797 hilare
576 1761 733 1812 quidem
768 1774 788 1796 a
809 1770 845 1798 te
870 1770 1062 1812 acceptus,
1093 1761 1235 1812 inquit,
1265 1770 1302 1798 et
1336 1775 1429 1799 cum
1460 1760 1606 1798 dodfior
1635 1773 1702 1813 per

304 1836 354 1870 te,
377 1835 463 1863 tum
483 1826 597 1863 etiam
620 1826 808 1870 audacior,
830 1825 950 1864 faetus
972 1826 1055 1863 sum
1076 1827 1122 1863 ad
1136 1826 1362 1877 jocandum.
1395 1827 1488 1864 Non
1509 1827 1614 1865 enim
1635 1840 1700 1864 ve-

304 1906 398 1936 reor,
432 1905 479 1929 ne
510 1893 595 1943 quis
626 1905 690 1930 me
722 1892 760 1929 in
783 1892 851 1930 isto
885 1905 1022 1944 genere
1052 1892 1233 1930 leviorem
1263 1893 1343 1944 jam
1364 1901 1486 1944 putet,
1517 1893 1703 1945 quoniam

304 1959 463 2011 quidem
499 1968 539 1995 tu
572 1958 768 1996 Fabricios
804 1958 902 1996 mihi
934 1960 1116 2003 auCtores‚
1158 1968 1196 1995 et
1230 1957 1444 2003 Africanos,
1487 1959 1707 2002 Maximos,

303 2025 481 2068 Catones,
500 2024 681 2076 Lepidols,
703 2024 908 2076 protulisti.
953 2024 1023 2061 Sed
1044 2022 1190 2061 habetis
1211 2037 1265 2068 ea,
1281 2037 1364 2076 quae
1383 2024 1551 2061 voluistis
1572 2037 1618 2062 ex
1639 2037 1703 2062 me

303 2089 445 2134 audire,
476 2089 522 2126 de
554 2089 694 2140 quibus
729 2089 889 2141 quidem
920 2090 1131 2127 accuratius
1163 2089 1371 2127 dicendum
1395 2098 1432 2126 ct
1451 2090 1709 2141 cogitandum,

304 2154 392 2192 fuit.
424 2155 530 2200 Nam
551 2164 683 2192 caetera
702 2154 873 2193 faciliora
892 2155 992 2199 sunt,
1010 2164 1123 2208 atque
1142 2169 1188 2193 ex
1208 2155 1269 2199 iis,
1287 2169 1370 2207 quae
1386 2156 1469 2207 jam
1481 2155 1581 2193 dieta
1600 2154 1700 2199 sunt,

303 2220 450 2272 reliqua
469 2220 673 2258 nascuntur
692 2221 837 2259 omnia.

359 2286 529 2324 LXXII.
553 2287 639 2338 Ego
659 2287 763 2324 enim
783 2300 875 2325 cum
897 2287 943 2324 ad
959 2287 1107 2325 causam
1125 2286 1208 2324 sum
1228 2287 1428 2340 aggressus,
1445 2296 1558 2339 atque
1572 2286 1700 2325 omnia

303 2352 523 2404 cogitando,
555 2352 681 2403 quoad
707 2351 827 2390 facere
857 2354 980 2405 potui,
1011 2353 1255 2405 persecutus;
1287 2367 1378 2391 cum
1412 2363 1448 2390 et
1479 2361 1701 2404 argumenta

302 2416 435 2463 mulie,
457 2426 493 2455 et
513 2430 575 2455 eos
596 2417 715 2461 locos,
750 2418 890 2470 quibus
911 2418 1030 2456 animi
1044 2418 1226 2470 judicum
1246 2419 1514 2462 conciliantur,
1539 2427 1578 2455 et
1597 2417 1712 2460 illos,⁴
