2176 2912
375 203 452 230 202
756 192 860 231 DE
938 193 1380 232 ORATORE

373 298 616 340 quaereretur,
647 287 722 328 hoc
743 290 859 328 modo
872 309 883 335 3
916 291 1190 343 Expetendane
1205 292 1293 330 esset
1313 291 1531 344 eloquentia
1545 309 1557 338 3
1584 298 1769 346 expeten-

373 354 462 391 dine
480 354 655 393 honores.
681 356 842 394 Certum
864 365 1007 401 autem,
1027 357 1067 394 in
1088 371 1166 409 quo
1186 358 1280 409 quid
1301 359 1339 396 in
1356 357 1538 411 personis,
1555 366 1594 395 et
1613 358 1654 395 in
1673 370 1770 395 con-

372 419 502 458 stituta
522 434 574 465 re,
605 430 643 459 et
662 421 817 459 definita
837 431 1092 473 quaereretur3
1124 424 1338 475 cujusmodi
1359 423 1459 469 sunt,
1496 437 1580 477 quae
1600 424 1641 461 in
1669 422 1769 468 foro,

373 496 488 538 atque
507 488 549 525 in
569 487 716 526 civium
737 488 869 532 caufis,
898 488 1311 543 disceptationibusque
1340 490 1545 529 versantur.
1578 491 1635 528 Ea
1669 487 1770 528 mihi

372 551 551 590 videntur
569 561 634 590 aut
653 553 693 590 in
715 552 782 590 lite
813 554 1033 599 ordinanda,
1066 565 1130 593 aut
1151 555 1190 592 in
1211 556 1369 593 consilio
1389 555 1526 600 dando,
1548 555 1617 593 effe
1636 554 1768 608 pofita.

373 617 480 655 Nam
501 618 600 657 illud
627 618 799 663 tertium,
830 619 933 670 quod
964 629 1001 656 et
1030 633 1050 656 a
1071 620 1199 657 Craffo
1219 623 1363 658 tastum
1393 621 1459 664 est,
1491 630 1542 666 et,
1575 630 1618 658 ut
1641 621 1770 664 audio,

371 683 440 720 ille
459 683 538 736 ipse
557 684 793 728 Aristoteles,
812 685 879 735 qui
896 683 977 721 haec
994 685 1163 722 maxime
1179 685 1393 731 illustravit,
1416 686 1604 738 adjunxit,
1626 685 1771 724 etiamfi

372 762 469 802 opus
490 750 555 794 est,
578 759 707 787 tamen
727 750 857 787 minus
878 750 931 788 est
950 750 1212 790 neceffarium.

427 815 626 864 Qidnam
649 815 662 851 ?
693 815 822 868 inquit
856 816 1032 862 Catulus,
1064 831 1110 855 an
1143 817 1376 856 laudationes
1394 818 1408 854 ἓ
1448 818 1489 856 id
1522 817 1628 856 enim
1661 816 1774 856 video

369 881 462 933 poni
481 894 601 934 genus
623 881 796 920 tertium.

424 948 499 986 XI.
531 948 603 992 Ita,
624 947 753 999 inquit
772 948 992 993 Antonius;
1024 957 1062 986 et
1082 949 1122 987 in
1142 962 1187 986 eo
1207 948 1366 1000 quidem
1387 962 1523 1002 genere
1543 949 1619 986 scio
1637 956 1674 986 et
1692 960 1770 992 me,

370 1020 407 1050 et
428 1026 577 1057 omnes,
608 1013 676 1065 qui
696 1011 902 1058 affuerunt,
934 1014 1137 1052 delee'mtos
1158 1013 1228 1051 effe
1248 1013 1507 1059 vehementer,
1535 1028 1627 1052 cum
1647 1013 1713 1051 abs
1735 1022 1772 1050 te

370 1079 423 1116 est
454 1079 618 1131 Popilia,
653 1088 774 1117 mater
803 1080 933 1125 vestra,
966 1080 1115 1119 laudata
1130 1099 1141 1125 3
1174 1081 1237 1118 cui
1271 1082 1445 1133 primum
1478 1081 1633 1118 mulieri
1662 1079 1770 1117 hunc

370 1143 558 1182 honorem
577 1146 617 1183 in
639 1145 761 1183 nostra
781 1146 933 1184 civitate
955 1147 1145 1185 tributum
1165 1156 1260 1199 puto
1278 1161 1287 1185 t
1320 1147 1381 1184 sed
1402 1160 1478 1184 non
1499 1146 1642 1190 onmia,
1665 1158 1771 1197 quae—

370 1224 524 1262 cunque
559 1211 773 1263 loquimur,
803 1211 904 1250 mihi
926 1213 1103 1251 videntur
1123 1213 1168 1250 ad
1194 1222 1315 1250 artem
1347 1221 1385 1249 et
1415 1213 1461 1249 ad
1481 1220 1666 1264 praecepta
1700 1210 1772 1248 effe

370 1277 594 1315 revocanda.
627 1278 690 1315 Ex
723 1276 783 1315 his
815 1278 921 1316 enim
951 1278 1139 1324 fontibus,
1171 1278 1273 1316 unde
1303 1279 1436 1316 omnia
1455 1287 1586 1316 ornate
1617 1277 1772 1315 dicendi

368 1352 556 1395 praecepta
576 1342 794 1388 sumuntur,
826 1344 959 1382 licebit
980 1345 1095 1382 etiam
1118 1344 1377 1382 laudationem
1397 1357 1541 1388 ornare,
1560 1356 1685 1395 neque
1705 1342 1773 1380 illa

369 1409 559 1446 elementa
578 1409 794 1454 desiderare,
818 1423 902 1462 quae
933 1420 976 1448 ut
1008 1424 1124 1449 nemo
1145 1411 1278 1455 tradat,
1311 1410 1398 1463 quis
1427 1410 1493 1455 est,
1527 1409 1594 1462 qui
1615 1409 1770 1453 nesciat,

369 1488 455 1527 quae
475 1474 547 1512 sint
567 1474 608 1512 in
628 1474 789 1512 homine
808 1475 995 1514 laudanda
1013 1477 1025 1512 ?
1048 1477 1182 1515 Positis
1201 1477 1306 1514 enim
1326 1477 1373 1515 iis
1395 1477 1521 1521 rebus,
1543 1489 1636 1528 quas
1659 1475 1770 1513 Cras-

368 1541 429 1579 sus
451 1541 491 1577 in
511 1540 616 1577 illius
637 1541 818 1578 orationis
841 1541 927 1585 suae,
949 1555 1067 1593 quam
1091 1551 1224 1580 contra
1243 1542 1432 1594 collegam
1456 1541 1599 1580 Censor
1617 1540 1768 1586 habuit,

368 1605 563 1658 principio
582 1605 695 1650 dixit,
726 1606 818 1657 Qae
835 1607 986 1651 naturai,
1007 1616 1074 1645 aut
1093 1607 1259 1659 fortunat
1286 1606 1465 1646 darentur
1493 1607 1701 1652 hominibus,
1733 1608 1770 1646 in

368 1672 412 1710 iis
431 1671 535 1710 rebus
540 1672 585 1723 st
604 1671 715 1716 vinci,
726 1671 817 1724 pqſj&
835 1672 950 1710 animo
972 1687 1070 1725 (equo
1083 1673 1173 1726 pati
1180 1691 1192 1718 3
1215 1687 1295 1726 quae
1313 1674 1458 1726 zpststbi
1471 1674 1623 1713 homines
1630 1683 1772 1727 parare

361 1736 512 1791 pffnt‚
532 1737 568 1775 in
588 1737 631 1775 iis
649 1737 754 1776 rebus
758 1739 803 1790 st
814 1739 904 1790 pati
919 1738 1022 1777 vinci
1032 1753 1099 1778 non
1111 1739 1203 1792 pqffl
1215 1754 1228 1778 .·
1250 1740 1318 1791 qui
1338 1740 1508 1778 laudabit
1528 1740 1768 1792 quempiam,

369 1803 576 1855 intelliget,
607 1803 832 1855 exponenda
858 1804 927 1842 fibi
958 1803 1028 1842 effe
1057 1803 1222 1842 fortunae
1242 1804 1355 1843 bona.
1399 1806 1456 1843 Ea
1474 1805 1575 1851 sunt,
1607 1806 1769 1858 generiS,

370 1870 566 1922 pecuniae,
598 1870 931 1922 propinquorum,
963 1870 1205 1917 amicorum,
1236 1885 1373 1924 opum,
1403 1872 1656 1918 valetudinis,
1688 1871 1770 1910 for-

370 1949 457 1981 mae,
480 1934 635 1980 virium,
656 1936 817 1988 ingenii,
839 1945 1139 1989 caeterarumque
1158 1951 1300 1982 rerum,
1333 1951 1419 1990 quae
1439 1937 1525 1977 sunt
1546 1947 1610 1977 aut
1631 1952 1770 1991 corpo-

371 2001 437 2046 ris,
468 2010 532 2039 aut
550 2010 762 2039 extraneae:
795 2002 820 2040 fi
842 2001 1032 2048 habuerit,
1063 2002 1160 2040 bene
1179 2002 1240 2040 his
1261 2003 1401 2048 usum3
1433 2004 1458 2041 fi
1480 2017 1557 2041 non
1577 2002 1768 2048 habuerit,

371 2067 555 2119 sapienter
588 2066 770 2113 caruiffe3
802 2067 828 2105 fi
860 2068 1040 2114 amiserit,
1075 2069 1269 2107 moderate
1302 2067 1438 2107 tuliffe.
1498 2069 1650 2106 Deinde
1676 2070 1771 2121 quid

371 2132 555 2184 sapienter
576 2134 621 2178 is,
653 2147 771 2185 quem
801 2133 943 2178 laudet,
975 2134 1071 2187 quid
1104 2134 1323 2179 liberaliter,
1354 2134 1450 2187 quid
1479 2133 1643 2179 fortiter,
1674 2135 1769 2187 quid

365 2198 480 2251 juste,
525 2200 619 2250 quid
650 2199 870 2252 magnifice,
903 2201 996 2252 quid
1027 2201 1104 2253 pie,
1135 2201 1229 2253 quid
1259 2210 1377 2253 grate,
1409 2201 1503 2254 quid
1534 2200 1768 2246 humaniter,

372 2264 469 2316 quid
489 2265 655 2317 denique
681 2279 772 2303 cum
794 2266 920 2318 aliqua
950 2267 1091 2305 virtute
1121 2276 1185 2304 aut
1205 2266 1352 2311 fecerit,
1383 2276 1448 2305 aut
1479 2267 1622 2306 tulerit.
1655 2269 1767 2312 Haec,

372 2339 409 2367 et
429 2343 514 2381 quae
533 2330 603 2368 sint
622 2332 702 2382 ejus
724 2332 885 2383 generis,
917 2331 1030 2370 facile
1050 2332 1208 2378 videbit,
1241 2333 1309 2384 qui
1330 2333 1432 2372 volet
1452 2333 1601 2371 laudare
1627 2347 1767 2385 quem-

371 2397 476 2449 piam
493 2414 504 2441 3
537 2405 573 2434 et
594 2397 660 2449 qui
681 2398 906 2450 vituperare,
929 2399 1129 2437 contraria.

430 2463 511 2501 Cur
530 2461 648 2516 igitur
668 2463 834 2510 dubitas,
865 2465 993 2518 inquit
1011 2465 1186 2511 Catulus,
1216 2464 1338 2504 facere
1357 2464 1434 2504 hoc
1455 2466 1610 2507 tertium
1631 2479 1766 2518 genus,
