2176 2912
373 239 422 277 50
617 224 1517 263 DEINVENTIONE

370 316 551 354 auditoris
572 317 751 368 opinione
773 316 957 361 firmatur,
988 316 1062 355 hoc
1091 318 1229 361 modo3
1263 318 1392 355 Nemo
1424 317 1475 355 est
1506 317 1572 368 qui
1605 330 1679 354 non
1711 317 1763 354 li-

370 382 477 420 beros
506 383 588 420 suos
620 383 831 420 incolumes
863 392 899 419 et
931 383 1056 420 beatos
1087 382 1156 420 effe
1187 383 1327 434 cupiat.
1379 383 1600 433 Judicatum
1627 383 1677 419 est
1710 396 1773 420 res«

370 447 581 492 afl‘enfione,
624 458 687 485 aut
715 449 946 492 auctoritate,
988 458 1051 486 aut
1074 448 1222 499 judicio
1252 448 1410 499 alicujus
1442 458 1506 485 aut
1532 448 1763 499 aliquorum,

367 512 625 564 comprobata.
677 513 720 550 Id
752 513 871 551 tribus
904 513 941 549 in
968 513 1166 564 generibus
1199 513 1395 564 spestatur,
1432 512 1622 564 religioso,
1653 527 1764 550 com-—

368 578 492 622 muni,
523 578 741 630 approbato.
804 578 1043 630 Religiosum
1075 579 1126 615 est
1157 578 1260 630 quod
1284 579 1401 630 jurati
1433 579 1582 630 legibus
1612 578 1766 630 judica-

368 652 470 681 runt.
531 645 752 681 Commune
785 644 836 681 est
874 644 976 696 quod
1011 657 1142 681 omnes
1178 644 1295 696 vulgo
1328 644 1534 696 probarunt
1573 654 1609 681 ct
1648 644 1765 682 secuti

367 707 469 753 sunt,
499 707 745 760 hujusmodi5
777 719 819 746 ut
850 708 1057 760 majoribus
1089 719 1179 746 natu
1210 708 1439 759 affurgatur;
1473 719 1515 746 ut
1547 708 1770 760 supplicum

369 773 598 811 misereatur.
649 774 917 826 Approbatum
938 774 989 811 est
1009 773 1114 825 quod
1142 772 1332 817 homines,
1364 787 1456 810 cum
1487 773 1652 811 dubium
1679 775 1766 812 efl'et

367 839 478 890 quale
498 837 627 876 haberi
647 848 848 891 oporteret,
871 839 934 876 sua
950 839 1226 876 constituerunt
1245 839 1487 877 austoritate:
1519 839 1622 877 velut
1641 840 1765 877 Grac-

367 903 432 942 chi
452 905 565 957 patris
587 904 745 949 fatitum,
776 919 893 957 quem
909 905 1075 957 populus
1096 906 1294 943 Romanus
1315 905 1365 943 ob
1386 905 1437 950 id,
1461 905 1565 957 quod
1586 905 1767 944 insciente

365 970 511 1022 collega
529 971 569 1007 in
590 970 755 1008 Censura
771 970 869 1008 nihil
889 971 1010 1023 geffit,
1040 971 1122 1023 post
1143 971 1350 1010 Censuram
1372 971 1580 1009 Consulem
1601 971 1706 1010 fecit.
1736 1020 1741 1023 ἱ

423 1037 690 1089 Comparabile
720 1046 847 1075 autem
877 1038 928 1075 est
958 1037 1061 1090 quod
1095 1039 1135 1075 in
1168 1038 1282 1076 rebus
1317 1038 1464 1076 diversis
1497 1038 1660 1076 fimilem
1693 1039 1765 1076 ali-

367 1116 483 1153 quam
500 1102 683 1140 rationem
704 1103 887 1141 continet.
938 1104 1033 1155 Ejus
1055 1113 1174 1155 partes
1195 1104 1280 1141 sunt
1302 1113 1389 1148 tres,
1420 1105 1562 1156 imago,
1595 1104 1762 1149 collatio,

366 1167 602 1220 exemplum.
648 1169 781 1220 Imago
801 1168 853 1206 est
872 1169 990 1206 oratio
1009 1169 1264 1207 demonstrans
1286 1183 1503 1221 corporum,
1527 1180 1591 1207 aut
1611 1179 1763 1207 natura—

366 1247 453 1271 rum
474 1234 777 1272 similitudinem.
830 1235 996 1273 Collatio
1022 1235 1073 1273 est
1093 1236 1212 1273 oratio
1232 1250 1312 1273 rem
1333 1249 1424 1273 cum
1446 1249 1482 1272 re
1508 1249 1554 1273 ex
1582 1231 1763 1273 similitu-

366 1299 452 1336 dine
480 1299 689 1338 conferens.
750 1301 988 1353 Exemplum
1018 1301 1069 1338 est
1101 1302 1205 1352 quod
1231 1314 1311 1338 rem
1332 1301 1564 1345 auctoritate,
1594 1311 1658 1338 aut
1678 1301 1771 1338 casu

365 1366 524 1417 alicujus
546 1365 730 1410 hominis,
762 1376 826 1404 aut
852 1368 996 1419 negotii
1022 1367 1237 1412 confirmat,
1269 1358 1333 1405 aut
1360 1366 1543 1405 infirmat.
1603 1367 1763 1405 Horum

365 1431 539 1484 exempla
557 1441 594 1469 et
613 1432 878 1485 descriptiones
895 1433 933 1470 in
954 1434 1149 1485 praeceptis
1171 1433 1396 1471 elocutionis
1417 1433 1704 1485 cognoscentur.

418 1499 478 1536 Ac
497 1496 583 1535 fons
601 1498 757 1548 quidem
787 1499 1103 1543 confirmationis,
1136 1508 1178 1536 ut
1204 1498 1363 1536 facultas
1391 1499 1493 1542 tulit,
1526 1508 1674 1550 apertus
1694 1499 1761 1544 est,

366 1575 433 1599 nec
455 1562 582 1599 minus
609 1562 787 1606 dilucide,
819 1576 934 1614 quam
961 1563 1011 1599 rei
1044 1573 1174 1600 natura
1204 1562 1359 1608 ferebat,
1391 1563 1664 1601 demonstratus
1695 1564 1760 1601 est.

367 1627 707 1678 Qemadmodum
736 1637 863 1665 autem
898 1641 1058 1680 quaeque
1089 1628 1309 1667 constitutio
1339 1639 1375 1666 et
1407 1637 1496 1681 pars
1520 1629 1761 1667 constitutio-

366 1693 438 1736 nis,
469 1702 506 1730 et
526 1694 651 1730 omnis
672 1693 931 1737 controversia,
964 1693 1034 1730 five
1066 1694 1104 1730 in
1136 1694 1277 1732 ratione
1309 1694 1380 1731 five
1407 1695 1445 1732 in
1478 1694 1615 1746 scripto
1641 1694 1762 1732 verse-

366 1769 439 1803 tur,
472 1759 615 1796 traCtari
637 1759 781 1803 debeat,
813 1768 849 1796 et
870 1773 952 1810 quae
981 1759 1019 1796 in
1052 1759 1216 1811 quasque
1246 1761 1590 1812 argumentationes
1621 1774 1761 1798 conve-

368 1825 483 1868 niant,
516 1824 735 1877 singillatim
767 1826 804 1862 in
837 1824 998 1862 secundo
1028 1825 1126 1862 libro
1157 1826 1202 1862 de
1232 1839 1463 1878 unoquoque
1493 1840 1626 1878 genere
1657 1826 1760 1864 dice-

366 1903 467 1927 mus.
519 1891 562 1927 In
597 1890 789 1941 praesentia
823 1891 1092 1928 tantummodo
1124 1904 1301 1929 numeros
1334 1901 1371 1928 et
1402 1893 1535 1929 modos
1570 1901 1606 1929 et
1641 1901 1760 1944 partes

365 1956 651 2008 argumentandi
683 1956 835 1994 confuse
868 1967 905 1994 et
934 1958 1120 2008 permixte
1151 1957 1403 2010 dispersimus.
1460 1958 1548 1996 Post
1580 1958 1762 2011 descripte

364 2031 399 2058 et
421 2022 535 2059 electe
553 2023 591 2058 in
612 2036 729 2073 genus
748 2022 926 2074 quodque
946 2022 1076 2067 caufie,
1105 2023 1199 2075 quid
1220 2024 1360 2074 cuique
1380 2024 1592 2067 conveniat,
1624 2037 1669 2061 ex
1691 2024 1760 2061 hac

364 2087 472 2139 copia
491 2087 718 2138 digeremus.

418 2154 548 2204 Atque
575 2153 734 2190 inveniri
761 2153 918 2204 quidem
946 2154 1070 2191 omnis
1091 2168 1135 2191 ex
1156 2152 1215 2190 his
1238 2154 1331 2191 locis
1352 2154 1630 2206 argumentatio
1649 2164 1759 2206 pote-

365 2219 436 2263 rit;
473 2219 662 2256 inventam
685 2220 854 2257 exornari
879 2230 915 2257 et
944 2229 1059 2257 certas
1091 2220 1129 2256 in
1156 2230 1276 2272 partes
1304 2220 1498 2272 distingui,
1530 2230 1566 2258 et
1594 2221 1758 2258 suaviffi-

365 2299 474 2322 mum
495 2285 546 2322 est
566 2296 601 2322 et
623 2286 770 2323 summe
791 2286 1047 2331 necerim-ium,
1079 2296 1116 2324 et
1147 2287 1192 2324 ab
1219 2288 1307 2324 artis
1330 2287 1572 2339 scriptoribus
1594 2287 1760 2325 maxime

364 2352 593 2404 neglectum.
641 2353 767 2403 Qare
786 2362 822 2389 et
843 2352 887 2389 de
907 2366 947 2389 ca
967 2353 1215 2405 praeceptione
1235 2354 1345 2391 nobis
1368 2355 1405 2391 in
1427 2353 1501 2391 hoc
1523 2354 1607 2391 loco
1627 2354 1758 2391 dicen-

363 2419 457 2456 dum
478 2418 541 2462 est,
575 2428 615 2455 ut
635 2418 680 2455 ad
710 2419 967 2456 inventionem
1000 2420 1213 2471 argumenti
1244 2419 1432 2459 absolutio
1459 2433 1611 2472 quoque
1645 2434 1758 2472 argu-

365 2484 557 2523 mentandi
584 2484 860 2536 adjungeretur.
912 2486 963 2522 Et
995 2499 1131 2537 magna
1161 2500 1250 2523 cum
1284 2500 1371 2523 cura
1401 2496 1437 2524 et
1468 2486 1666 2539 diligentia
1700 2487 1758 2524 lo-

366 2564 433 2589 cus
463 2549 526 2589 hic
561 2552 687 2590 omnis
723 2551 1006 2590 considerandus
1039 2551 1104 2597 cst,
1137 2552 1237 2604 quod
1270 2566 1346 2592 non
1379 2553 1506 2591 solum
1540 2554 1590 2591 rei
1621 2566 1762 2605 magna
