2176 2912
567 161 844 200 LIBER
902 160 1402 200 SECUNDUS.
1616 179 1686 204 201

297 258 336 296 in
358 257 566 296 homInum
595 258 775 310 ingeniis,
807 271 851 295 eo
872 257 989 296 multi
1009 258 1125 296 etiarn
1146 258 1221 295 fine
1242 259 1411 297 doctrina
1437 259 1584 311 aliquid
1605 274 1691 297 om-

297 323 409 361 nium
439 336 623 375 generum
642 332 757 375 atque
777 323 918 361 artium
938 324 1250 376 consequuntur:
1284 323 1358 368 sed,
1382 324 1485 375 quod
1512 325 1695 376 cujusque

297 389 342 427 fit
361 389 575 442 proprium,
607 389 673 427 etfi
695 402 742 427 ex
762 402 807 427 eo
831 389 997 441 judicari
1018 389 1155 442 potest,
1188 403 1280 427 cum
1308 389 1444 427 videris
1472 391 1566 441 quid
1587 405 1693 442 quae·

295 468 370 506 que
387 455 561 500 doceant,
577 464 704 493 tamen
718 454 800 495 hoc
820 456 961 494 certius
983 454 1083 493 nihil
1104 455 1173 493 effe
1190 455 1326 508 potest,
1341 469 1458 507 quam
1480 456 1585 507 quod
1605 470 1693 493 om-

296 533 361 558 nes
382 531 476 560 artes
497 522 578 560 aliae
598 522 674 560 fine
692 521 911 574 eloquentia
931 521 1042 560 suum
1069 535 1212 559 munus
1234 522 1403 574 praestare
1422 521 1589 574 poffunt,
1611 535 1694 559 ora-

297 596 358 625 tor
378 587 453 627 fine
470 602 511 626 ea
530 602 671 626 nomen
693 588 804 626 suum
825 589 997 626 obtinere
1018 602 1095 626 non
1112 588 1234 640 potest
1253 603 1261 626 :
1296 597 1340 626 ut
1360 587 1499 632 caeteri‚
1523 587 1547 625 s1
1569 588 1695 625 diserti

297 652 383 698 fint,
405 654 552 706 aliquid
577 654 623 691 ab
643 652 719 692 hoc
739 653 927 698 habeant,
963 653 1042 699 hic,
1074 654 1142 692 nifi
1175 654 1392 692 domesticis
1425 653 1460 691 se
1480 653 1697 691 instruxerit

299 720 434 772 copiis,
455 720 610 758 aliunde
630 719 783 758 dicendi
803 720 954 773 copiam
976 730 1101 773 petere
1123 733 1198 758 non
1217 719 1342 772 poffit.

357 785 409 823 X.
442 786 552 823 Turn
573 785 748 829 Catulus,
781 785 860 829 etsl,
883 786 1027 838 inquit,
1049 785 1213 830 Antoni,
1242 785 1407 823 minime
1427 785 1696 838 impediendus

296 850 349 888 est
369 850 674 903 interpellatione
693 850 761 888 iste
780 836 910 888 cursus
930 851 1110 889 orationis
1132 860 1219 895 tuae,
1248 852 1389 903 patiere
1409 861 1554 896 tamen,
1575 850 1697 889 mihi-

295 928 372 966 que
390 916 574 968 ignosces.
607 915 701 954 Non
721 916 826 954 enim
847 915 1013 968 poffum,
1042 917 1138 968 quin
1159 916 1389 961 exclamem,
1423 927 1465 955 ut
1490 918 1542 955 ait
1561 917 1627 955 ille
1657 918 1697 954 in

297 981 537 1019 Trinummo
550 999 562 1026 ;
585 981 638 1019 ita
657 980 757 1018 mihi
773 982 853 1019 vim
870 981 1028 1019 oratoris
1045 980 1135 1019 cum
1156 981 1370 1033 exprimere
1389 981 1580 1020 subtiliter
1600 983 1697 1020 visus

296 1060 349 1091 ες,
371 1055 458 1085 tum
476 1047 627 1085 laudare
647 1047 896 1100 copiofiffime
912 1066 924 1092 3
956 1047 1061 1100 quod
1081 1046 1241 1100 quidem
1271 1046 1519 1099 eloquentem
1546 1048 1604 1086 vel
1626 1062 1696 1100 op-

298 1113 394 1150 time
413 1111 535 1150 facere
553 1121 719 1164 oportet,
751 1122 794 1150 ut
811 1113 1073 1165 eloquentiam
1098 1113 1241 1151 laudet.
1274 1113 1402 1151 Debet
1422 1115 1527 1152 enim
1548 1114 1593 1151 ad
1614 1128 1698 1152 eam

298 1178 542 1223 laudandam,
564 1178 683 1231 ipsam
702 1179 810 1217 illam
831 1178 1026 1224 adhibere,
1059 1193 1176 1232 quam
1198 1179 1340 1218 laudat.
1374 1181 1446 1218 Sed
1472 1194 1587 1233 perge
1606 1195 1697 1233 por-

298 1258 341 1283 ro
357 1263 367 1289 ς
402 1245 474 1283 tibi
493 1245 599 1282 enim
620 1244 806 1290 affentior,
836 1245 1002 1284 vestrum
1032 1246 1103 1283 effe
1121 1245 1198 1283 hoc
1219 1255 1363 1290 totum,
1389 1247 1523 1284 diserte
1543 1247 1668 1284 dicere
1685 1267 1696 1292 3

293 1309 411 1362 idque
432 1310 456 1347 fi
479 1311 564 1362 quis
584 1310 624 1347 in
644 1310 715 1348 alia
740 1319 817 1348 arte
837 1309 963 1356 faciat,
984 1324 1074 1349 eum
1105 1309 1295 1363 affumpto
1322 1311 1475 1349 aliunde
1497 1312 1552 1349 uti
1581 1312 1697 1357 bono,

298 1389 376 1414 non
394 1376 562 1428 proprio,
585 1389 654 1414 nec
674 1376 754 1414 suo.

353 1442 409 1480 At
430 1441 594 1486 Crassus,
618 1455 694 1480 nox
723 1451 773 1486 te,
804 1442 947 1495 inquit,
981 1443 1106 1487 nobis,
1140 1443 1302 1487 Antoni,
1334 1443 1535 1495 expolivit,
1567 1442 1698 1481 homi-

298 1521 465 1560 nemque
486 1508 676 1546 reddidit:
709 1521 797 1546 nam
817 1507 992 1545 hesterno
1016 1508 1187 1546 sermone
1207 1509 1319 1546 unius
1341 1509 1538 1560 cujusdam
1560 1510 1697 1562 operis,

299 1583 342 1612 ut
362 1574 415 1612 ait
435 1573 629 1619 Caecilius,
650 1574 838 1626 remigem
866 1573 1052 1625 aliquem,
1082 1583 1146 1611 aut
1168 1573 1356 1626 bajulum,
1380 1575 1489 1612 nobis
1511 1585 1700 1613 oratorem

297 1639 555 1693 descripseraS,
576 1640 733 1692 inopem
755 1639 949 1692 quendam
969 1638 1236 1684 humanitatis,
1257 1649 1370 1692 atque
1391 1640 1642 1679 inurbanum.

354 1707 463 1744 Tum
496 1706 705 1750 Antonius,
736 1704 818 1743 heri
849 1705 970 1750 enim,
1001 1705 1145 1757 inquit,
1175 1704 1251 1743 hoc
1283 1704 1382 1743 mihi
1413 1706 1697 1758 proposueram,

300 1780 357 1817 ut,
385 1771 412 1809 fi
432 1780 469 1810 te
490 1771 720 1815 refellissem,
756 1770 827 1809 hos
848 1785 869 1808 a
889 1780 926 1808 te
957 1770 1164 1823 disciPulos
1185 1772 1416 1810 abducerem
1435 1786 1443 1810 :
1477 1786 1596 1817 nunc,
1620 1774 1698 1811 Ca-

299 1837 383 1876 tulo
402 1837 593 1882 audiente,
623 1845 662 1874 et
682 1836 838 1881 Caesare,
860 1835 990 1873 videor
1010 1835 1146 1874 debere
1167 1850 1244 1875 non
1265 1846 1343 1875 tam
1365 1851 1535 1890 pugnare
1554 1847 1697 1884 tecum,

299 1917 433 1956 quam,
464 1903 557 1955 quid
577 1902 655 1956 ipse
676 1902 849 1946 sentiam,
881 1901 1020 1940 dicere.
1053 1902 1233 1954 Sequitur
1256 1903 1389 1954 igitur,
1421 1904 1605 1955 quoniam
1626 1918 1698 1942 no-

301 1970 359 2008 bis
379 1969 431 2007 est
450 1968 530 2013 hic,
562 1969 608 2006 de
629 1982 708 2020 quo
741 1968 956 2020 loquimur,
988 1967 1028 2005 in
1060 1966 1158 2013 foro,
1192 1976 1305 2020 atque
1327 1968 1366 2005 in
1399 1968 1699 2018 oculisxcivium

300 2035 601 2080 constituendus,
633 2044 677 2072 ut
694 2034 904 2079 videamus,
933 2033 1027 2086 quid
1048 2034 1082 2072 ei
1110 2034 1255 2086 negotii
1275 2034 1427 2078 demus,
1448 2035 1590 2087 cuique
1609 2049 1697 2074 eum

300 2103 453 2140 muneri
481 2101 645 2141 velimus
676 2100 747 2139 effe
766 2100 1026 2154 praepofitum.
1059 2101 1165 2139 Nam
1187 2100 1336 2139 Crassus
1365 2100 1464 2145 heri,
1493 2115 1585 2139 cum
1616 2116 1697 2147 VOS,

301 2169 439 2207 Catule
458 2177 496 2207 et
512 2167 648 2213 Caesar,
676 2181 755 2206 non
774 2167 958 2212 adeffetis,
989 2167 1116 2220 posuit
1138 2168 1302 2205 breviter
1322 2167 1362 2204 in
1392 2167 1480 2205 artis
1515 2167 1697 2206 distribu-

302 2235 406 2272 tione
426 2234 544 2279 idem,
577 2233 683 2285 quod
704 2234 832 2272 Graeci
863 2233 1038 2286 plerique
1064 2234 1299 2286 posuerunt:
1332 2246 1457 2285 neque
1487 2233 1572 2271 sane
1604 2234 1697 2286 quid

302 2299 379 2351 ipse
411 2298 578 2343 sentiret,
610 2299 672 2336 sed
706 2299 800 2351 quid
834 2299 880 2337 ab
911 2299 988 2337 illis
1009 2299 1210 2343 diceretur,
1245 2298 1431 2342 ostendit,
1464 2299 1541 2336 duo
1576 2300 1699 2351 prima

302 2377 438 2417 genera
458 2363 712 2416 quaestionum
742 2364 827 2410 effe,
863 2366 902 2403 in
924 2365 1067 2418 quibus
1088 2365 1307 2417 eloquentia
1327 2364 1543 2409 versaretur,
1576 2378 1699 2402 unum

302 2430 514 2474 infinitum,
536 2430 699 2469 alterum
718 2440 881 2470 certum.

358 2496 562 2535 Infinitum
583 2495 684 2535 mihi
704 2497 902 2536 videbatur
930 2497 971 2536 id
991 2497 1129 2543 dicere,
1160 2497 1200 2535 in
1227 2510 1305 2555 quo
1324 2495 1470 2548 aliquid
1490 2494 1698 2547 generatim

392 2564 457 2601 To
469 2575 520 2600 M.
554 2562 586 2601 1.
1161 2595 1163 2597 .
1312 2562 1347 2599 C
1377 2575 1397 2599 c
