2176 2912
714 222 1386 264 PARTITIONES.
1678 239 1757 278 509*

355 319 463 372 Qid
483 318 652 371 sequitur
671 318 818 370 igitur?
850 319 1027 356 PATER.
1051 318 1155 355 Cum
1172 317 1376 362 inveneris,
1398 317 1595 356 collocare.
1631 319 1755 370 Cujus

354 387 393 424 in
416 386 566 423 infinita
585 385 791 437 quaestione
809 384 902 422 ordo
922 384 975 421 est
994 384 1098 421 idem
1119 383 1211 428 fere,
1247 397 1364 436 quem
1385 384 1542 437 exposui
1562 385 1753 424 locorum.

354 452 400 489 In
432 450 589 488 definita
619 459 761 494 autem,
794 449 1010 487 adhibenda
1040 450 1127 487 sunt
1161 448 1226 486 illa
1262 450 1392 494 etiam,
1427 465 1512 502 quae
1546 451 1591 488 ad
1626 460 1755 489 motus

352 517 573 554 animorum
605 517 813 569 pertinent.
873 517 1046 554 F1L11Js.
1079 515 1292 567 Qomodo
1319 516 1439 568 igitur
1458 516 1525 553 ista
1553 517 1753 569 explicas?

353 583 531 621 PATER.
563 583 703 620 Habeo
732 583 960 620 communia
994 591 1181 634 praecepta
1215 581 1332 619 fidem
1363 580 1544 626 faciendi,
1574 591 1612 619 et
1643 596 1755 620 com-

353 649 549 687 movendi.
597 649 796 701 Qoniam
817 648 910 686 fides
941 649 994 686 est
1014 648 1125 686 firma
1145 649 1306 701 opinio;
1339 657 1469 686 motus
1495 657 1639 694 autem,
1672 650 1755 686 ani-

353 715 410 752 mi
431 715 607 753 incitatio
624 724 689 752 aut
718 714 765 752 ad
784 715 1036 767 voluptatem,
1068 723 1132 751 aut
1163 714 1210 752 ad
1241 714 1471 758 molestiam,
1502 722 1568 751 aut
1599 714 1646 752 ad
1671 728 1757 752 me-

352 791 454 825 tum,
485 790 550 819 aut
582 781 629 819 ad
657 781 938 833 cupiditatem:
974 781 1050 832 (tot
1069 781 1175 818 enim
1197 780 1283 818 sunt
1302 779 1432 818 motus
1453 793 1602 832 genera,
1631 790 1756 833 partes

352 847 479 899 plures
499 861 686 899 generum
714 847 953 899 singulorum
972 848 1002 898 :)
1034 860 1196 884 omnem
1227 846 1525 884 collocationem
1560 847 1606 883 ad
1637 846 1758 886 finem

352 914 609 952 accommodo
639 913 873 966 quaestionis.
923 914 1030 951 Nam
1051 913 1105 950 est
1138 915 1178 950 in
1210 913 1402 965 proposito
1422 913 1524 957 finis,
1561 912 1682 958 fides3
1716 915 1757 951 in

352 979 461 1017 causa
480 989 519 1017 et
538 978 645 1024 fides,
679 989 717 1017 et
736 989 881 1017 motus.
942 980 1072 1031 Qare
1102 992 1194 1016 cum
1225 979 1270 1016 de
1302 979 1409 1016 causa
1434 979 1582 1023 dixero,
1610 979 1650 1016 in
1682 994 1757 1032 qua

353 1045 407 1082 est
426 1046 680 1097 propositum,
716 1045 762 1082 de
795 1055 960 1097 utroque
980 1045 1127 1082 dixero.
1174 1045 1348 1082 F1L1US.
1372 1044 1480 1095 Qid
1500 1042 1617 1082 habes
1639 1045 1758 1096 igitur

351 1112 399 1149 de
432 1112 540 1149 causa
573 1112 727 1149 dicere?
784 1112 962 1149 PATER.
999 1111 1237 1149 Auditorum
1268 1125 1354 1148 eam
1387 1124 1525 1163 genere
1559 1111 1757 1164 distingui.

352 1177 461 1216 Nam
482 1187 546 1215 aut
566 1177 795 1215 auscultator
815 1177 867 1214 est
887 1177 1005 1214 modo
1025 1178 1093 1229 qui
1113 1177 1232 1221 audit,
1269 1186 1335 1214 aut
1355 1177 1596 1229 disceptator,
1629 1177 1668 1214 id
1689 1177 1757 1222 est,
1806 1211 1811 1215 .

353 1246 408 1282 rei
428 1245 700 1296 sententiaeque
721 1244 959 1282 moderator:
982 1244 1047 1289 ita,
1066 1253 1110 1282 ut
1129 1253 1193 1281 aut
1211 1244 1432 1288 delectetur,
1450 1252 1516 1281 aut
1534 1243 1670 1281 statuat
1685 1245 1757 1282 ali-

352 1311 464 1362 quid.
516 1311 655 1348 Statuit
675 1320 804 1348 autem
822 1319 886 1347 aut
906 1310 952 1347 de
972 1311 1186 1362 praeteritis,
1211 1309 1385 1361 utjudex
1402 1328 1414 1354 5
1446 1318 1512 1346 aut
1531 1309 1576 1347 de
1596 1308 1757 1354 futuris,

352 1386 398 1415 ut
418 1377 580 1415 senatus.
632 1378 692 1414 Sic
725 1378 796 1414 tria
814 1376 901 1414 sunt
921 1390 1070 1428 genera,
1087 1376 1242 1428 judicii,
1265 1375 1563 1420 deliberationis,
1595 1389 1756 1414 exorna-

353 1444 486 1489 tionis,
508 1457 592 1495 quae
614 1444 705 1494 quia
720 1443 759 1480 in
781 1442 1016 1480 laudationes
1033 1443 1204 1480 maxime
1224 1441 1437 1487 confertur,
1465 1442 1668 1494 proprium
1685 1440 1756 1479 ha-

353 1511 516 1561 betjam
535 1524 582 1547 ex
603 1523 647 1547 eo
668 1523 826 1547 nomen.

408 1576 480 1614 IV.
522 1577 695 1614 fmus.
717 1577 824 1626 Qas
855 1588 911 1612 res
933 1575 1002 1612 fibi
1032 1585 1220 1627 proponet
1240 1575 1279 1612 in
1301 1574 1379 1612 istis
1411 1574 1534 1612 tribus
1554 1574 1756 1627 generibus

352 1643 506 1682 orator?
553 1643 729 1681 PATER.
763 1642 1071 1680 Delectationem
1093 1642 1133 1679 in
1154 1642 1426 1686 exornatione3
1450 1642 1489 1678 in
1503 1641 1669 1693 judicio,
1692 1650 1758 1679 aut

353 1709 549 1753 saevitiam,
586 1718 650 1746 aut
670 1708 917 1745 clementiam
932 1707 1101 1759 judicis;
1135 1708 1174 1745 in
1196 1707 1360 1745 suasione
1386 1716 1528 1752 autem,
1550 1715 1614 1744 aut
1634 1706 1754 1758 spem,

353 1784 418 1812 aut
436 1773 789 1812 reformidationem
804 1773 1061 1811 deliberantis,
1085 1775 1258 1812 F1L1us.
1276 1775 1357 1812 Cur
1373 1774 1491 1826 igitur
1503 1773 1663 1825 exponis
1680 1772 1756 1810 hoc

353 1841 441 1878 loco
471 1853 608 1892 genera
638 1839 1009 1877 controverfiarum?
1060 1840 1238 1877 PATER.
1274 1841 1333 1877 Ut
1351 1840 1538 1877 rationem
1559 1839 1756 1876 collocan-

351 1907 393 1944 di
419 1907 463 1943 ad
486 1906 604 1943 finem
625 1905 808 1957 cujusque
829 1905 1137 1943 accommodem.
1189 1906 1361 1943 F1L1us.
1394 1907 1579 1957 Qonam
1601 1905 1756 1943 tandem

352 1973 471 2010 modo
490 1973 501 2009 ?
540 1973 717 2010 PATER.
741 1972 858 2023 (Qia,
881 1972 1022 2023 quibus
1044 1972 1082 2008 in
1104 1971 1339 2008 orationibus
1361 1971 1560 2008 ddeftatio
1581 1970 1667 2008 finis
1688 1971 1754 2015 est,

352 2039 447 2077 varii
467 2039 553 2076 sunt
573 2038 723 2075 ordines
745 2038 973 2075 collocandi.
1007 2037 1112 2075 Nam
1131 2047 1194 2074 aut
1216 2046 1436 2089 temporum
1459 2036 1649 2074 servantur
1668 2050 1755 2088 gra-

354 2104 439 2148 dus,
481 2113 546 2142 aut
575 2118 761 2156 generum
793 2103 1091 2147 distributiones,
1135 2112 1198 2140 aut
1229 2116 1248 2139 a
1289 2103 1503 2140 minoribus
1536 2102 1581 2139 ad
1614 2102 1758 2152 majora

352 2171 608 2214 ascendimus,
654 2180 718 2207 aut
748 2184 767 2207 a
803 2170 1012 2221 majoribus
1046 2170 1090 2207 ad
1126 2169 1275 2207 minora
1309 2169 1537 2213 delabimur,
1580 2176 1644 2205 aut
1675 2166 1757 2205 haec

354 2237 575 2288 inaequabili
598 2237 773 2273 varietate
808 2236 1094 2288 distinguimus,
1126 2249 1217 2273 cum
1239 2249 1351 2287 parva
1375 2236 1539 2287 magnis,
1570 2233 1757 2286 simplicia

353 2303 587 2354 conjunctis,
622 2302 779 2339 obscura
799 2302 992 2345 dilucidis,
1024 2303 1107 2339 laeta
1138 2301 1322 2346 tristibus,
1355 2301 1595 2339 incredibilia
1614 2299 1753 2351 proba-

356 2368 499 2406 bilibus
523 2368 746 2410 inteximus,
771 2381 854 2418 quae
871 2368 907 2404 in
931 2368 1220 2404 exornationem
1243 2367 1384 2404 cadunt
1404 2367 1547 2404 omnia.
1580 2366 1751 2402 Fraus.

356 2434 495 2485 Qid?
528 2434 566 2470 in
588 2433 858 2470 deliberatione
891 2433 985 2483 quid
1016 2433 1186 2484 spectas?
1239 2433 1413 2470 PATER.
1453 2430 1656 2481 Principia,
1693 2428 1752 2466 vel

356 2513 433 2538 non
465 2500 591 2550 longa,
623 2499 680 2535 vel
704 2499 796 2551 stupe
826 2498 945 2536 nulla.
1007 2501 1101 2535 Sunt
1122 2498 1226 2535 enim
1248 2498 1293 2535 ad
1313 2497 1545 2535 audiendum
1567 2495 1633 2546 qui
1654 2494 1752 2531 deli-

357 2566 502 2611 berant,
534 2565 596 2603 sua
616 2565 723 2603 causa
743 2565 875 2619 parati.
921 2565 961 2603 N
966 2578 1007 2602 cc
1028 2562 1200 2603 multum
1222 2564 1304 2602 sane
1324 2563 1417 2616 sape
1437 2560 1664 2601 narrandum
1685 2559 1761 2598 est..
