2176 2912
416 177 493 218 520
801 155 1432 198 ORATORIAE

416 257 541 296 miser.
591 255 644 293 Et
664 252 740 292 hoc
773 262 900 291 totum
921 252 1081 304 quidem
1115 260 1282 296 moveat,
1315 251 1340 289 s1
1362 251 1462 289 bona
1485 263 1531 287 ex
1551 247 1706 287 fortuna
1732 249 1819 302 quis

416 324 552 367 cadat3
585 331 623 360 et
643 335 663 359 a
692 334 860 373 quorum
880 320 1033 358 caritate
1064 318 1293 363 divellatur3
1325 332 1410 370 quae
1438 317 1604 361 amittat,
1636 325 1700 354 aut
1720 317 1821 354 ami-

418 391 528 434 serit;
552 390 591 426 in
612 388 755 440 quibus
776 386 887 425 malis
908 385 966 430 fit,
980 384 1177 422 futurusve
1198 385 1256 429 fit,
1275 385 1513 438 exprimatur
1529 383 1706 421 breviter.
1731 382 1823 420 Cito

418 458 525 495 enim
544 455 675 493 arescit
697 454 877 505 lacryma,
896 451 1102 505 pracsertim
1123 451 1162 488 in
1183 450 1315 488 alienis
1338 450 1462 488 malis.
1500 450 1586 487 Nec
1607 449 1824 501 quidquam

419 524 460 562 in
481 521 781 575 amplificatione
802 520 918 557 nimis
938 517 1221 556 enucleandum
1241 517 1307 554 est.
1330 517 1491 554 Minuta
1509 516 1561 554 est
1576 516 1682 553 enim
1692 515 1824 553 omnis
1845 533 1849 535 v

421 589 647 642 diligentia3
673 586 739 625 hic
761 596 889 624 autem
911 586 1017 623 locus
1039 584 1196 635 grandia
1217 583 1389 635 requirit.

478 656 581 694 Illud
596 656 678 706 jam
700 653 751 690 est
770 651 925 703 judicii,
948 663 1026 702 quo
1047 663 1197 701 quaque
1216 649 1257 686 in
1278 648 1385 686 causa
1413 661 1550 700 genere
1581 656 1736 685 utamur
1755 660 1824 684 au·-

421 722 549 776 gendi.
610 721 654 758 In
686 718 762 756 illis
793 717 898 755 enim
918 715 1051 759 caufiS,
1086 729 1170 766 quae
1201 714 1247 752 ad
1267 715 1560 752 delectationem
1580 722 1826 757 exornantur,

422 790 450 828 ii
484 788 560 825 loci
593 784 776 823 metandi
811 783 911 827 sunt,
942 782 1014 835 qui
1045 794 1198 818 movere
1225 779 1377 833 poffunt
1405 780 1723 832 expectationem,
1759 778 1827 816 ad-

422 853 684 895 mirationem,
714 849 968 902 voluptatem.
1030 848 1074 884 In
1102 845 1432 884 cohortationibus
1459 856 1603 890 autern,
1637 846 1830 883 bonorum

423 933 467 958 ac
499 918 691 956 malorum
722 914 1028 952 enumerationes
1059 922 1097 950 et
1124 913 1301 964 exempla
1330 912 1456 949 valent
1490 912 1723 964 plurimum.
1783 911 1830 947 In

419 985 579 1040 judiciis
618 981 824 1022 accusatori
858 980 950 1026 fere,
984 993 1068 1032 quae
1099 979 1145 1017 ad
1173 979 1411 1017 iracundiam
1429 998 1440 1024 ;
1492 992 1554 1016 reo
1586 978 1830 1030 plerumque,

424 1066 511 1104 quae
531 1050 577 1088 ad
608 1047 908 1105 misericordiam
939 1046 1148 1098 pertinent.
1198 1045 1497 1096 Nonnunquam
1529 1052 1659 1080 tamen
1679 1041 1831 1080 accusa-

425 1128 488 1157 tor
508 1115 808 1156 misericordiam
835 1127 987 1152 movere
1007 1112 1134 1158 debet,
1155 1120 1193 1150 et
1213 1110 1387 1149 defensor
1406 1110 1659 1148 iracundiam.
1719 1109 1834 1147 Enu-

427 1183 589 1223 meratio
619 1181 766 1232 reliqua
794 1179 860 1224 est,
892 1192 1174 1231 nonnunquam
1203 1177 1403 1222 laudatori,
1441 1176 1578 1214 suasori
1611 1189 1689 1213 non
1724 1174 1833 1228 saepe,

428 1247 635 1288 accusatori
669 1246 817 1298 saepius,
849 1259 968 1297 quam
1003 1258 1080 1289 reo,
1118 1242 1329 1282 necessaria.
1389 1243 1522 1295 Hujus
1555 1241 1632 1294 ipsa
1660 1249 1836 1293 tempora

429 1317 506 1355 duo
537 1314 638 1358 sunt,
670 1312 696 1350 fi
730 1322 794 1350 aut
828 1311 1024 1349 memoriae
1045 1310 1193 1348 diffidas
1214 1323 1363 1353 eorum,
1392 1309 1493 1361 apud
1513 1321 1610 1360 quos
1642 1320 1742 1359 agas,
1774 1306 1836 1344 vel

428 1380 630 1421 intervallo
651 1378 851 1431 temporis,
888 1377 947 1419 vel
981 1376 1225 1429 longitudine
1255 1376 1436 1413 orationis
1453 1393 1464 1420 3
1501 1383 1566 1412 aut
1586 1373 1836 1425 frequentatis

430 1446 684 1486 firmamentis
719 1444 916 1488 orationis,
954 1452 992 1480 et
1026 1442 1191 1480 breviter
1224 1441 1418 1494 expositis,
1457 1441 1539 1479 vim
1573 1440 1625 1478 est
1658 1439 1838 1477 habitura

431 1513 541 1552 causa
560 1513 758 1563 majorem.
805 1511 858 1548 Et
879 1523 941 1547 reo
962 1509 1080 1547 rarius
1112 1508 1302 1546 utendum
1323 1507 1388 1552 est,
1420 1507 1526 1559 quod
1546 1506 1722 1560 ponenda
1750 1504 1838 1543 sunt

433 1579 621 1618 contraria
639 1592 647 1615 :
671 1589 838 1628 quorum
859 1574 1054 1613 dissolutio
1074 1574 1114 1611 in
1135 1573 1317 1611 brevitate
1338 1573 1486 1617 latebit,
1503 1572 1625 1609 aculei
1645 1580 1835 1624 pungent.

434 1646 505 1685 Sed
524 1644 595 1682 erit
615 1644 655 1681 in
677 1640 963 1679 enumeratione
994 1639 1210 1684 vitandum,
1244 1652 1291 1676 ne
1312 1638 1512 1677 ostentatio
1543 1637 1738 1676 memoriae
1758 1636 1838 1675 sus-

434 1721 543 1765 cepta
562 1710 732 1748 videatur
752 1706 822 1745 effe
842 1706 1013 1759 puerilis.
1065 1705 1110 1743 Id
1129 1704 1302 1757 effugiet,
1333 1705 1401 1756 qui
1423 1717 1499 1742 non
1521 1703 1651 1742 omnia
1674 1703 1841 1741 minima

436 1786 580 1831 repetet
596 1794 608 1821 3
641 1774 716 1819 sed,
740 1772 867 1812 brevia
884 1771 1030 1825 singula
1049 1771 1253 1825 attingens,
1287 1770 1453 1823 pondera
1473 1783 1599 1808 rerum
1619 1767 1696 1822 ipsa
1726 1782 1838 1807 com-

435 1842 660 1897 prehendet.
701 1832 704 1834 q

492 1909 646 1948 XVIII.
679 1908 852 1946 F1L1us.
890 1905 1090 1956 Qoniam
1125 1914 1163 1942 et
1183 1904 1229 1942 de
1249 1904 1330 1957 ipso
1350 1912 1510 1949 oratore,
1543 1911 1581 1940 et
1601 1902 1647 1939 de
1673 1901 1842 1940 oratione

439 1975 582 2020 dixisti,
604 1987 750 2027 expone
771 1986 862 2010 eum
883 1970 984 2010 mihi
1003 1985 1121 2016 nunc,
1154 1984 1271 2023 quem
1291 1984 1336 2008 ex
1359 1969 1480 2007 tribus
1501 1978 1719 2007 extremum
1750 1981 1842 2020 pro-

438 2041 607 2096 posuisti,
637 2039 854 2092 quaestionis
875 2038 1023 2076 locum.
1083 2038 1260 2075 PATER.
1294 2037 1386 2074 Duo
1406 2035 1506 2080 sunt,
1534 2043 1577 2071 ut
1603 2034 1714 2071 initio
1745 2033 1842 2078 dixi,

438 2108 692 2162 quaestionum
727 2119 890 2158 genera3
936 2117 1106 2156 quorum
1139 2102 1303 2140 alterum
1338 2101 1495 2139 finitum
1532 2100 1772 2152 temporibus
1805 2109 1844 2138 et

438 2173 620 2228 personis,
651 2171 802 2209 causam
822 2169 1001 2223 appello:
1034 2169 1197 2206 alterum
1218 2167 1433 2211 infinitum,
1462 2166 1578 2204 nullis
1600 2179 1725 2218 neque
1755 2178 1843 2218 per-

440 2241 539 2280 sonis
578 2251 702 2290 neque
738 2236 978 2289 temporibus
1016 2244 1208 2279 notatum,
1236 2233 1474 2287 propositum
1511 2246 1622 2271 voco,
1688 2232 1760 2270 Sed
1793 2232 1847 2271 est

438 2305 684 2348 consultatio,
724 2302 827 2356 quasi
859 2316 942 2355 pars
974 2299 1091 2339 causae
1111 2300 1301 2353 quaedam,
1337 2308 1374 2338 et
1405 2298 1679 2338 controverfiae.
1745 2298 1848 2337 Inest

442 2374 548 2413 enirn
570 2370 768 2409 infinitum
789 2369 828 2406 in
849 2367 1021 2414 definito,
1053 2376 1090 2406 et
1120 2367 1165 2405 ad
1185 2366 1283 2405 illud
1311 2375 1439 2404 tamen
1461 2364 1678 2404 referuntur
1698 2364 1844 2404 omnia.

444 2437 713 2492 Qamobrem
752 2435 857 2489 prius
897 2435 943 2473 de
976 2433 1169 2487 proposito
1207 2433 1407 2471 dicamus:
1446 2433 1555 2485 cujus
1591 2443 1727 2484 genera
1760 2430 1847 2468 sunt

442 2505 535 2552 duo,
566 2502 798 2558 cognitionis
830 2501 992 2541 alterurn
1007 2519 1021 2548 5
1053 2501 1133 2554 ejus
1163 2499 1319 2539 scientia
1337 2497 1390 2539 est
1410 2498 1513 2545 finis,
1535 2506 1592 2545 ut,
1621 2496 1748 2537 verine
1775 2495 1848 2534 sint
