2176 2912
629 172 907 212 LIBER
966 172 1330 211 PRIMUS.

1638 206 1684 229 ο)

338 274 431 313 XV.
453 271 672 311 Exordium
692 271 745 309 est
763 271 884 309 oratio
904 271 1081 309 animum
1103 258 1444 309 auditoris'idonee
1463 284 1686 325 comparans

284 341 330 380 ad
349 340 539 392 reliquam
559 338 769 376 dictionem
784 356 796 383 ,-
829 338 934 390 quod
954 338 1115 382 eveniet,
1138 338 1164 376 fi
1185 351 1276 376 eum
1298 338 1544 383 benevolum,
1561 348 1687 376 atten-

284 415 384 451 tum,
416 405 584 443 docilem
615 403 761 442 fecerit.
794 405 937 456 Qare,
972 405 1041 456 qui
1072 404 1170 442 bene
1197 404 1364 442 exordiri
1395 405 1545 442 causam
1572 405 1686 449 volet,

283 486 374 511 eum
394 471 539 511 necesse
558 471 610 509 est
629 484 749 524 genus
766 471 838 509 suae
857 471 975 509 causae
1001 471 1206 523 diligenter
1226 481 1312 509 ante
1331 471 1571 524 cognoscere.
1605 473 1687 508 Ge-

283 552 372 577 nera
391 539 587 576 causarum
615 537 789 589 quinque
810 537 911 582 sunt,
932 536 1153 582 honestum,
1175 537 1412 589 admirabile,
1434 536 1599 581 humile,
1621 550 1687 574 an—

284 617 387 656 ceps,
409 604 631 642 obscurum.
664 603 886 641 Honestum
920 616 1041 655 genus
1075 603 1141 648 est,
1172 603 1236 641 cui
1267 603 1394 641 statim
1415 603 1491 641 fine
1519 603 1688 641 oratione

284 671 409 710 nostra
428 670 610 708 auditoris
626 669 728 707 favet
743 670 909 708 animus.
932 669 1190 715 Admirabile,
1205 683 1225 707 a
1245 684 1322 722 quo
1339 670 1524 708 alienatus
1542 669 1594 707 est
1606 670 1688 706 ani-

284 751 373 780 mus
393 751 542 782 eorum,
563 737 631 788 qui
650 736 818 774 audituri
835 735 935 775 sunt.
951 736 1133 780 Humile,
1155 736 1260 788 quod
1280 736 1492 789 negligitur
1511 735 1558 773 ab
1579 735 1689 773 audi-

284 813 380 849 tore,
402 814 440 842 et
471 817 550 842 non
575 816 806 856 magnopere
837 803 1115 841 attendendum
1146 803 1308 841 videtur.
1340 806 1511 856 Anceps,
1542 803 1583 840 in
1613 815 1691 854 quo

285 880 350 908 aut
364 869 555 922 judicatio
586 869 702 907 dubia
732 869 797 914 est,
828 879 893 907 aut
920 869 1028 908 causa
1048 879 1086 907 et
1115 868 1339 914 honestatis,
1369 878 1407 908 et
1437 870 1689 922 turpitudinis

283 937 471 989 particeps
492 954 504 981 5
537 944 579 974 ut
608 945 646 973 et
673 935 981 974 benevolentiam
1002 936 1132 988 pariat,
1164 944 1201 973 et
1230 935 1493 974 offensionem,
1535 935 1689 973 Obscu-

285 1016 387 1047 rum,
420 1003 461 1040 in
489 1016 566 1055 quo
586 1011 651 1040 aut
672 1002 768 1040 tardi
798 1002 987 1040 auditores
1008 1002 1108 1046 sunt,
1139 1012 1204 1040 aut
1223 1002 1507 1040 difficilioribus
1528 1002 1574 1040 ad
1594 1015 1688 1053 cog-

285 1069 524 1107 noscendum
544 1069 709 1121 negotiis
731 1068 838 1106 causa
858 1068 1050 1121 implicita
1066 1068 1131 1106 est.
1169 1070 1313 1121 Qare,
1335 1082 1427 1106 cum
1448 1077 1528 1107 tam
1549 1067 1692 1106 diversa

286 1135 359 1173 sint
378 1149 515 1188 genera
535 1135 747 1180 causarum,
764 1134 931 1173 exordiri
953 1148 1110 1187 quoque
1130 1134 1267 1188 dispari
1287 1135 1433 1173 ratione
1452 1135 1493 1173 in
1511 1148 1689 1186 unoquo—

287 1215 363 1254 que
382 1214 518 1254 genere
539 1200 680 1239 necesse
700 1201 764 1239 est.
797 1201 922 1254 Igitur
942 1201 1144 1239 exordium
1165 1202 1206 1239 in
1234 1201 1325 1240 duas
1346 1210 1469 1254 partes
1491 1201 1690 1245 dividitur,

285 1269 328 1307 in
345 1268 598 1321 principium,
619 1277 656 1305 et
676 1267 987 1306 insinuationem.
1019 1268 1264 1321 Principium
1280 1268 1333 1306 est
1355 1268 1476 1306 oratio
1496 1267 1693 1320 perspicue

286 1343 324 1373 et
354 1334 528 1386 protinus
564 1332 764 1386 perficiens
796 1333 1012 1373 auditorem
1041 1334 1288 1378 benevolum,
1319 1343 1384 1372 aut
1415 1333 1595 1377 docilem,
1626 1344 1691 1370 aut

285 1409 491 1439 attentum.
525 1400 734 1438 Infinuatio
754 1399 806 1438 est
825 1401 947 1438 oratio
967 1399 1133 1452 quadam
1154 1399 1466 1445 diffimulatione,
1489 1409 1526 1438 et
1546 1400 1688 1438 circui-

286 1467 390 1504 tione
410 1465 569 1504 obscure
589 1464 740 1503 subiens
762 1465 946 1503 auditoris
967 1465 1158 1503 animum.

341 1533 387 1571 In
407 1531 625 1571 admirabili
656 1545 793 1584 genere
823 1531 954 1576 causae‚
985 1531 1012 1569 fi
1047 1545 1127 1569 non
1157 1531 1319 1570 omnino
1348 1530 1476 1570 infesti
1501 1531 1690 1570 auditores

285 1608 412 1644 erunt,
434 1598 627 1652 principio
647 1597 956 1636 benevolentiam
983 1611 1204 1651 comparare
1224 1598 1372 1637 licebit.
1405 1598 1471 1636 Sin
1492 1607 1604 1636 erunt
1624 1612 1690 1636 ve-

285 1663 488 1704 hementer
518 1664 746 1709 abalienati,
788 1662 997 1717 confugere
1024 1663 1167 1702 necess‘e
1199 1664 1272 1703 erit
1300 1664 1346 1702 ad
1377 1664 1688 1703 insinuationem.

286 1732 394 1771 Nam
414 1732 461 1770 ab
481 1731 584 1770 iratis
605 1731 631 1769 fi
651 1730 848 1785 perspicue
867 1744 941 1784 pax
960 1739 998 1768 et
1018 1730 1283 1769 benevolentia
1298 1731 1455 1784 petitur,
1474 1744 1552 1769 non
1573 1730 1692 1770 modo

287 1811 330 1836 ea
348 1812 425 1837 non
442 1798 648 1843 invenitur,
663 1797 724 1836 sed
740 1807 899 1850 augetur
915 1806 1029 1849 atque
1042 1797 1305 1836 inflammatur
1320 1798 1470 1837 odium.
1493 1798 1537 1835 In
1554 1796 1690 1836 humi-

287 1865 316 1902 li
336 1873 465 1902 autem
481 1877 617 1916 genere
637 1862 768 1908 causae,
791 1863 1093 1916 contemptionis
1116 1864 1293 1902 tollendae
1313 1863 1434 1908 causa,
1458 1863 1599 1903 neceffe
1620 1865 1692 1902 erit

288 1940 479 1969 attentum
494 1930 643 1968 efficere
659 1930 886 1967 auditorem.
909 1931 1062 1982 Anceps
1079 1944 1199 1982 genus
1221 1931 1352 1975 causae,
1373 1931 1397 1969 fi
1412 1931 1569 1969 dubiam
1581 1930 1690 1983 judi·

288 1997 481 2034 cationem
497 1994 670 2040 habebit,
687 1995 734 2032 ab
752 1994 1078 2047 ipsajudicatione
1094 1995 1371 2033 exordiendum
1389 1995 1456 2033 est.
1479 1996 1544 2034 Sin
1561 2006 1690 2034 autem

287 2072 436 2117 partem
457 2062 708 2115 turpitudinis
729 2071 765 2099 et
785 2072 931 2114 partem
953 2061 1158 2099 honestatis
1179 2060 1351 2108 habebit,
1384 2062 1691 2101 benevolentiam

288 2138 440 2182 captare
464 2128 672 2182 oportebit,
695 2139 738 2165 ut
758 2128 797 2165 in
818 2141 938 2180 genus
958 2127 1162 2166 honestum
1183 2128 1291 2166 causa
1311 2129 1484 2167 transsata
1503 2128 1688 2167 videatur.

290 2198 396 2234 Cum
416 2205 546 2234 autem
567 2195 637 2233 erit
658 2194 861 2232 honestum
879 2194 996 2232 causae
1016 2209 1151 2247 genus,
1173 2195 1230 2232 vel
1253 2196 1433 2248 praeteriri
1455 2196 1691 2247 principium

290 2262 444 2314 poterit,
475 2271 526 2306 et,
559 2261 584 2298 fi
614 2260 870 2298 commodum
902 2260 1033 2305 fuerit,
1065 2272 1131 2298 aut
1159 2274 1179 2298 a
1200 2262 1412 2299 narratione
1445 2261 1688 2313 incipiemus,

289 2338 354 2366 aut
369 2342 389 2366 a
409 2328 504 2380 lege,
520 2337 584 2365 aut
605 2327 650 2365 ab
671 2328 800 2379 aliqua
819 2327 1030 2364 firmiffima
1051 2328 1195 2365 ratione
1218 2327 1348 2365 nostra:
1365 2328 1562 2365 diecionis:
1585 2327 1642 2364 vel
1666 2326 1690 2364 si

292 2396 349 2432 uti
369 2396 561 2448 principio
584 2395 765 2447 placebit,
789 2394 1063 2435 benevolentiae
1084 2396 1254 2448 partibus
1278 2396 1465 2434 utendum
1487 2395 1552 2440 est,
1575 2405 1616 2432 ut
1636 2394 1688 2437 id,

292 2461 397 2513 quod
416 2461 480 2506 est,
502 2471 697 2513 augeatur.

347 2527 458 2566 XV1.
479 2529 522 2566 In
539 2528 700 2568 obscuro
715 2528 831 2567 causae
843 2542 992 2582 genere,
1013 2542 1079 2581 per
1092 2529 1329 2582 principium
1347 2528 1488 2567 dociles
1503 2527 1692 2566 auditores

1012 2596 1040 2631 B
1064 2609 1085 2633 2
