2176 2912
353 287 383 316 p.

355 327 396 356 49

357 407 396 437 50

362 810 395 840 51

364 1333 401 1363 52

372 2257 413 2289 54

612 174 908 216 VARIAE
995 171 1559 213 LECTIONES.

440 316 476 345 26
499 314 554 344 fuit
569 314 670 343 vulnus
693 326 709 342 ω
726 324 742 342 2
764 312 860 342 vulnus
873 313 953 350 affia't

438 367 474 395 32
497 363 562 384 ante
582 368 599 383 ω
618 365 627 383 ι
654 364 732 383 antea

460 407 474 434 3
499 396 618 432 alicujus
641 409 657 423 ω
677 405 690 422 2
713 402 760 423 aut
773 394 883 432 alicujm

440 447 479 474 ²4
499 436 663 475 fingillatim
680 448 696 463 ω
715 444 725 463 1
742 434 898 473 fingulatim
919 446 935 461 ι.)
953 443 968 461 z
982 431 1062 470 figil-

539 477 615 504 latim

439 518 478 548 26
500 516 640 555 permixte
661 529 677 544 ω
696 525 721 548 ι,
741 525 756 543 2
774 517 924 552 permixtim

437 574 479 581 -
499 557 645 594 descriptae
667 570 683 584 ω
699 566 715 585 2
737 557 865 593 dsscrefae,
877 554 905 589 s.
922 555 1027 590 discrete

441 608 478 634 27
502 597 604 634 cuique
626 610 642 624 ω
662 606 686 627 l,
705 606 720 624 2
743 599 876 632 unicuzque

440 648 478 676 32
500 638 528 666 in
545 637 599 664 hoc
614 637 678 664 loco
693 635 844 663 dicendum
859 634 895 660 est
911 646 927 660 ω
947 642 955 660 1
975 636 1003 660 in
1017 632 1067 660 loco

540 678 586 705 hoc
604 677 734 704 dicendum
749 678 835 710 visum
849 675 881 710 est
902 686 919 701 ω
936 683 951 701 2
974 676 1002 700 in
1022 673 1067 700 hoc

540 717 591 744 loco
603 718 736 744 dicendum
750 714 836 750 vfficm
848 716 881 751 est

443 768 477 798 33
501 766 616 795 quoque
637 769 654 783 ω
671 766 685 783 2
702 757 729 783 d.

446 808 481 827 10
504 796 590 835 Quod
605 796 622 823 fi
643 810 661 823 ω
677 806 693 824 2
715 795 824 832 Qidsi

444 849 478 868 12
501 838 580 866 Illius
594 846 672 869 vero,
686 835 842 873 respondit.
864 847 881 862 ω
899 844 913 862 z
929 833 1065 871 respondit.

540 877 617 906 Illius
631 887 695 904 vero

445 930 455 948 1
466 929 480 957 3
504 918 523 946 fi
538 918 632 946 virum
652 927 689 945 aaz
711 916 810 954 quidsi
820 917 913 943 virum

445 969 482 997 14
503 967 582 988 tuum
599 968 634 986 an
649 957 725 985 illius
742 956 823 984 malis
844 968 861 982 ω
881 964 906 987 1,
931 964 945 982 z
967 961 1069 982 tuumne

542 1002 634 1027 virum
645 997 721 1025 malis
735 1008 770 1024 an
783 996 854 1024 illius

444 1049 478 1079 ις
501 1048 566 1068 cum
580 1038 641 1076 ipso
655 1037 844 1075 Xenophonte
854 1035 1010 1063 sermonem
1024 1033 1069 1061 in-

543 1079 632 1107 stituit
653 1091 670 1106 ω
689 1087 698 1105 1
715 1078 855 1114 firmoncm
875 1087 930 1104 cunt
943 1078 994 1112 ipso
1017 1075 1068 1103 Ze-

543 1120 662 1157 nophonle
675 1119 702 1145 in
725 1119 787 1145 ituit

444 1171 481 1199 23
504 1160 581 1198 quod
596 1168 650 1197 ego
665 1158 752 1186 solum
776 1170 793 1185 ω
813 1166 822 1184 ι
847 1164 871 1185 et
885 1154 1016 1195 egofhlum

444 1203 482 1231 28
504 1200 628 1228 maxime
648 1211 666 1227 ω
685 1208 695 1226 1
720 1200 805 1236 magis

442 1256 484 1265 —
503 1239 630 1269 mulieris
652 1253 669 1268 ω
689 1248 697 1266 1
715 1241 839 1276 foeminae

446 1291 484 1320 29
506 1288 597 1318 nupta
617 1294 634 1309 ω
651 1290 666 1308 z
688 1278 759 1307 luffa

464 1333 484 1360 4
505 1321 672 1350 inducemus
695 1333 711 1347 ω
729 1329 744 1348 z
766 1320 909 1347 inducimus

464 1363 483 1390 6
505 1361 583 1400 quod
597 1359 760 1389 inducimus
781 1372 799 1388 ω
818 1368 844 1393 1,
860 1368 876 1387 2
891 1360 919 1386 d.

442 1418 483 1426 —
504 1402 536 1430 fit
557 1415 574 1429 ω
591 1412 606 1430 2
628 1403 662 1440 est

463 1453 482 1482 9
503 1449 569 1470 ante
592 1441 702 1480 aliquid
728 1440 811 1468 nobis
836 1438 995 1467 concessum
1020 1437 1072 1465 effe

524 1482 595 1510 nihil
612 1480 737 1520 proderit
759 1493 775 1508 ω
795 1489 803 1507 1
829 1489 890 1507 ante
902 1479 1007 1516 aliquid
1015 1489 1073 1505 con-

544 1533 569 1550 ce
589 1534 628 1550 um
643 1521 712 1550 nobis
728 1520 799 1549 nihil
809 1522 852 1557 ff
860 1520 978 1557 proderit

448 1573 480 1592 ιι
506 1562 685 1600 intelligatur
706 1573 723 1588 ω
738 1570 754 1589 z
776 1559 909 1596 intelligat
930 1561 953 1586 is
976 1560 1075 1596 quicum

544 1604 646 1640 agimus

449 1654 484 1673 η
507 1652 572 1671 nam
589 1643 638 1680 qui
654 1641 733 1670 videt
749 1640 767 1668 fi
784 1640 808 1668 ei
824 1640 865 1668 rei
887 1652 903 1667 ω
922 1648 932 1666 ι
958 1648 1015 1666 nam
1031 1641 1076 1676 qui

547 1685 622 1711 videt
638 1691 697 1710 ante
710 1682 839 1718 concqfficm

450 1734 484 1764 ις
507 1723 660 1763 procedere
675 1722 855 1760 rogationem
877 1733 894 1748 ω
911 1729 920 1747 ι
951 1722 1075 1747 rationem

543 1764 676 1802 procedere

448 1814 484 1842 23
509 1804 667 1832 concessum
682 1802 715 1832 fit
736 1815 753 1830 ω
772 1811 781 1830 1
807 1801 938 1839 concqffum
952 1801 986 1838 cst

448 1856 487 1882 24
508 1845 539 1873 fit
561 1857 577 1871 ω
596 1854 606 1872 ι
623 1845 663 1881 fit

450 1895 488 1924 30
510 1884 560 1912 nisi
586 1883 664 1922 quod
772 1881 935 1920 exemplum
957 1894 974 1909 ω
993 1889 1002 1908 1
1029 1881 1081 1918 nisi

548 1926 615 1963 quid
714 1922 821 1961 exempli

450 1975 486 2005 33
509 1965 559 2004 qui
584 1964 661 2002 quod
685 1963 782 2001 aliquo
808 1963 837 1990 in
859 1962 923 1990 loco
944 1960 1078 1994 viderint,

548 2005 605 2033 alio
620 2005 648 2032 in
665 2004 729 2032 loco
745 2003 795 2031 nifi
810 2002 1029 2031 demonstratum
1041 2001 1078 2028 est

550 2059 568 2074 ω
587 2054 596 2073 1
622 2048 668 2084 qui
687 2046 756 2082 quad
775 2043 863 2082 aliquo
884 2046 912 2071 in
926 2042 976 2070 loco
1000 2043 1078 2070 vide-

550 2094 622 2119 ram,
642 2085 696 2112 alio
707 2089 734 2113 in
749 2084 798 2113 Ioco
812 2084 863 2122 nfi
872 2085 1020 2121 monstretur

451 2136 488 2166 33
512 2135 576 2165 quae
591 2125 708 2153 confilio
722 2131 860 2164 geruntur
881 2136 899 2152 ω
916 2132 927 2151 1
954 2134 1011 2162 quae
1024 2133 1080 2152 cum

551 2165 650 2205 consilio
659 2173 786 2201 geruntur

452 2215 490 2246 34
511 2216 572 2235 eam
596 2219 613 2234 ω
629 2215 645 2234 2
667 2216 769 2244 eamque

474 2247 492 2275 6
514 2256 579 2275 nam
595 2245 673 2274 navis
696 2258 713 2274 ω
729 2255 746 2274 2
763 2248 841 2274 navis
854 2254 961 2282 namque

455 2297 488 2327 ις
512 2296 547 2315 ex
562 2285 717 2314 neceffitate
738 2298 755 2314 ω
775 2295 784 2314 ι
811 2285 981 2322 neceffitudine

455 2327 491 2358 16
512 2327 548 2356 ad
560 2325 697 2356 utilitates
712 2335 827 2366 quoque
850 2338 867 2355 υ
886 2334 896 2354 ι
921 2326 961 2355 ad
976 2324 1082 2354 utilim-

548 2375 599 2397 lem

1117 279 1147 307 p.

1119 319 1159 348 54

1123 641 1159 670 55

1201 318 1238 337 20
1260 308 1400 337 inducunt
1414 309 1478 337 loco
1498 321 1516 336 ω
1533 318 1549 337 2
1570 310 1598 337 in
1612 307 1663 337 loco
1676 309 1799 337 inducunt

1201 359 1236 377 22
1259 349 1349 387 igitur
1371 362 1387 376 ω
1406 358 1415 376 ι
1441 350 1467 377 d.

1201 390 1238 418 25
1259 389 1467 417 administratur
1487 402 1503 416 ω
1520 399 1536 418 2
1558 391 1585 418 d.

1203 439 1238 465 32
1262 439 1356 457 earum
1379 443 1396 457 ω
1414 439 1428 457 z
1450 441 1532 457 eorum

1203 480 1237 509 33
1263 470 1482 507 propositionem
1505 477 1533 497 et
1553 466 1788 506 approbationem
1811 479 1829 494 ω

1304 520 1319 538 z
1338 511 1527 547 propositionem
1542 509 1682 546 absolutam
1697 516 1720 536 et
1734 515 1842 545 approffi

1301 549 1425 578 bancnem

1201 605 1241 612 —
1261 589 1352 617 videri
1369 589 1588 626 propositionem
1611 602 1628 617 ω
1644 598 1659 617 2
1681 589 1772 616 videri

1226 640 1239 667 3
1264 629 1368 657 dicitur
1389 643 1406 657 ω
1425 638 1450 664 1,
1467 639 1482 657 z
1504 630 1610 657 dicatur

1159 670 1417 707 ⁴—fitwistt

1202 726 1243 733 —-
1263 709 1314 738 {ibi
1337 723 1353 737 ω
1370 719 1385 738 2
1408 709 1464 737 illis

1227 761 1241 787 ς
1265 750 1380 777 dicendi
1401 763 1418 777 ω
1439 759 1447 777 ι
1475 750 1503 777 d.

1208 793 1241 820 18
1264 790 1283 818 fi
1299 790 1421 829 quadam
1437 790 1465 817 in
1483 788 1728 828 argumentatione
1749 801 1767 817 ω
1785 789 1836 827 1st

1305 832 1404 868 quidem
1417 833 1446 858 in
1459 832 1704 868 argumentationem

1207 881 1242 901 22
1265 870 1384 909 adjungi
1405 884 1422 898 ω
1439 881 1454 899 z
1476 879 1500 898 et
1513 872 1622 909 adjungi

1203 927 1244 934 —
1264 911 1294 939 id
1309 920 1365 938 non
1381 911 1469 948 potest
1483 910 1559 938 idem
1574 911 1627 939 effe
1647 924 1664 939 ω
1682 919 1697 938 z
1713 911 1777 938 idem
1789 910 1833 947 effl

1304 963 1351 979 non
1360 954 1440 989 potzst

1206 1002 1240 1030 23
1265 991 1369 1029 absque
1390 1005 1407 1020 ω
1425 1002 1450 1026 1,
1466 1002 1480 1020 2
1494 993 1552 1029 stne

1206 1032 1242 1061 26
1263 1031 1439 1060 ostendemus
1451 1040 1544 1060 autem
1561 1045 1577 1060 ω
1595 1041 1604 1060 ι
1621 1033 1762 1070 ostendetur
1774 1038 1835 1060 ante

1305 1085 1322 1100 ω
1339 1083 1354 1100 2
1376 1074 1514 1110 ostendetur
1527 1080 1610 1100 autem

1206 1114 1242 1141 28
1265 1121 1299 1140 eo
1322 1113 1399 1150 quod
1422 1113 1546 1140 constare
1567 1126 1584 1140 ω
1604 1122 1613 1140 1
1639 1124 1664 1142 eo
1682 1113 1749 1152 quod
1759 1114 1834 1150 stare

1307 1165 1324 1181 ω
1341 1162 1356 1181 z
1379 1161 1402 1181 et
1416 1154 1562 1191 quodstare

1208 1203 1245 1231 29
1268 1193 1377 1221 firmare
1399 1206 1415 1221 ω
1431 1203 1446 1222 2
1469 1194 1616 1230 cmfirmare

1208 1244 1246 1271 30
1268 1233 1367 1262 Romae
1385 1233 1456 1262 faeta
1471 1233 1508 1261 est
1529 1246 1546 1261 ω
1565 1243 1575 1261 1
1592 1236 1675 1272 fasta
1688 1236 1722 1272 est
1737 1243 1802 1262 rome

1209 1283 1246 1311 34
1267 1273 1356 1312 igitur
1371 1274 1400 1302 in
1416 1273 1492 1303 caede
1508 1274 1635 1303 interesse
1649 1283 1706 1302 non
1721 1273 1802 1312 potui
1816 1284 1834 1302 ω

1311 1324 1321 1342 ι
1347 1316 1374 1345 d.

1206 1368 1247 1377 -—
1268 1354 1455 1393 consequetur
1475 1368 1492 1383 ω
1509 1365 1524 1384 2
1539 1354 1660 1394 sequitur

1210 1405 1245 1434 35
1267 1395 1398 1433 quaedam
1419 1409 1436 1424 ω
1454 1405 1464 1424 1
1483 1397 1511 1425 d.

1228 1446 1249 1473 4
1269 1436 1322 1463 effe
1336 1436 1474 1473 quiddam
1490 1450 1506 1464 ω
1523 1445 1532 1465 ι
1549 1437 1592 1474 ff
1606 1436 1705 1474 quidem
1718 1447 1734 1463 ω
1747 1444 1762 1463 2
1778 1436 1838 1473 qui-

1311 1477 1364 1504 a'em
1378 1478 1421 1514 <ffl-

1209 1531 1249 1538 —-
1272 1516 1290 1543 fi
1307 1525 1400 1544 autem
1423 1531 1440 1545 ω
1460 1527 1485 1550 ι,
1504 1527 1518 1545 2
1532 1518 1578 1555 fin
1591 1523 1676 1545 autem

1231 1567 1246 1593 7
1271 1557 1363 1593 liquet
1378 1570 1394 1584 ω
1414 1567 1422 1584 1
1443 1557 1500 1585 licet

1233 1598 1248 1623 8
1271 1606 1335 1623 nam
1358 1610 1374 1624 ω
1392 1607 1407 1625 2
1430 1599 1456 1625 d.

1215 1646 1245 1665 11
1273 1637 1428 1674 separatum
1456 1635 1594 1675 quiddam
1625 1635 1661 1664 est
1689 1642 1767 1663 extra
1796 1633 1839 1662 as-

1314 1677 1503 1714 sumptionem
1522 1690 1538 1704 ω
1556 1687 1570 1705 z
1586 1678 1742 1714 separatum
1756 1678 1839 1714 igitur

1313 1719 1436 1755 quiddam
1448 1720 1481 1756 23st
1494 1717 1527 1745 ab
1541 1719 1701 1755 qffizmpsione

1216 1767 1249 1793 13
1273 1757 1301 1785 in
1316 1767 1372 1795 qua
1395 1771 1411 1785 ω
1431 1768 1439 1786 ι
1466 1760 1492 1786 d.

1216 1807 1253 1835 14
1274 1797 1330 1825 fine
1351 1798 1557 1836 approbatione
1579 1810 1596 1825 ω
1612 1798 1698 1836 zſsne
1712 1795 1839 1835 approba-

1311 1842 1377 1867 tione
1389 1841 1520 1877 tgfficmptio

1216 1881 1250 1907 18
1274 1878 1366 1916 sapere
1388 1892 1405 1907 ω
1425 1889 1434 1908 1
1460 1878 1527 1908 velle
1534 1879 1626 1917 stzpere

1216 1929 1252 1948 22
1274 1919 1311 1947 est
1325 1919 1385 1948 haec
1406 1933 1423 1948 ω
1443 1929 1452 1948 1
1478 1922 1512 1958 ψ
1525 1922 1590 1948 enim
1605 1920 1661 1948 baec

1215 1969 1252 1996 23
1276 1959 1330 1988 hoc
1344 1967 1437 1989 autem
1453 1960 1522 1998 quia
1533 1958 1624 1997 ipsum
1641 1968 1676 1987 ex
1691 1968 1719 1987 re
1734 1971 1750 1986 ω
1767 1968 1782 1986 2
1799 1958 1843 1986 hoe

1313 2003 1377 2038 quia
1392 2002 1472 2039 ipfimt
1484 2011 1516 2028 ex
1529 2011 1557 2027 re
1570 2001 1626 2037 ipsc'z

1216 2050 1251 2079 25
1274 2039 1363 2079 igitur
1374 2041 1441 2069 dare
1449 2044 1564 2078 'operam
1577 2039 1763 2078 philosophiae
1774 2047 1844 2067 con-

1314 2081 1392 2109 venit
1413 2094 1430 2109 ω
1450 2090 1476 2114 ι,
1493 2090 1510 2109 2
1531 2081 1558 2108 d.

1216 2130 1254 2159 30
1275 2130 1310 2149 ex
1324 2120 1366 2149 his
1387 2133 1406 2149 ω
1423 2131 1432 2150 1
1458 2130 1490 2149 ex
1504 2121 1545 2148 his
1555 2121 1692 2158 praemffls

1217 2171 1250 2199 3¹
1275 2161 1550 2199 argumentationem
1571 2173 1588 2189 ω
1607 2170 1617 2188 ι
1643 2163 1846 2199 argumentatio-

1315 2211 1369 2229 nem
1385 2204 1549 2240 tripartitam

1218 2249 1257 2281 34
1278 2241 1386 2271 summo
1409 2249 1503 2271 autem
1521 2250 1606 2280 opere
1627 2253 1644 2269 ω
1663 2250 1672 2269 ι
1691 2241 1845 2280 fhrnmopere

1315 2289 1400 2311 autem
1413 2295 1430 2311 υ
1446 2293 1462 2311 2
1476 2282 1629 2319 fimmopere
1640 2284 1724 2320 igitur

1217 2332 1252 2362 35
1277 2321 1386 2392 sumlrpo
1401 2322 1492 2362 igitur
1501 2332 1587 2362 opere
1599 2322 1718 2353 stultitia
1730 2321 1846 2353 vitanda

1317 2372 1333 2392 e
1376 2375 1393 2393 υ
1410 2372 1422 2393 ι
1447 2364 1476 2393 d.
