2176 2912
360 266 391 294 p.

362 1867 403 1897 66

617 159 915 200 VARIAE
1002 160 1571 201 LECTIONES.

446 306 482 325 ιο
504 296 655 334 permittet
672 309 689 325 ω
706 299 869 336 zpermittat
1118 267 1159 334 {7
1223 307 1238 335 7
1262 297 1310 331 est,
1331 306 1396 326 cum
1421 297 1462 331 id,
1486 298 1563 336 quod
1585 305 1706 336 augetur
1726 310 1743 325 ω
1760 306 1776 326 2
1798 299 1831 334 2ss

445 347 479 375 15
504 338 593 366 multa
614 350 631 365 ω
650 347 660 366 1
687 340 711 366 d,
1301 338 1332 366 id
1345 349 1399 366 cum
1413 340 1480 375 quod
1490 347 1601 376 augetur
1617 339 1648 373 (s.
1665 340 1774 377 agitur)

444 377 480 406 16
503 385 551 405 aut
565 387 659 406 rarum
672 378 834 414 judicatum
848 390 865 406 ω
880 387 895 407 2
909 378 1071 416 judicatum,
1206 387 1239 416 ι)-
1264 378 1409 416 Caepionis
1425 378 1518 416 Iegem
1530 378 1712 415 judiciariam
1736 391 1751 406 ω
1771 387 1796 411 1,
1813 387 1829 407 2

541 427 589 446 aut
601 429 693 447 rarum
1293 420 1420 456 scipionis
1435 418 1512 456 legem
1525 422 1664 457 agrariam

441 467 475 488 21
502 458 588 486 modo
608 472 625 486 ω
644 469 654 486 ι
683 461 710 487 d.
1204 466 1238 494 17
1261 458 1451 486 Macedonem
1467 472 1483 487 ω
1499 468 1524 493 ι,
1542 469 1558 487 2
1574 460 1736 488 Macedonem
1748 461 1832 488 ditm.-

442 509 480 536 27
503 498 542 526 sm
565 498 787 528 inverecundum
807 512 825 528 ω
843 509 852 528 1
874 500 904 537 fi
920 502 1073 528 invcrccun-
1203 507 1238 534 23
1263 498 1338 526 enim
1354 511 1371 526 ω
1390 508 1416 530 1,
1433 509 1449 527 2
1465 508 1549 527 tamen

541 540 602 568 dum
1203 539 1240 565 26
1262 538 1392 566 hortetur
1406 552 1422 566 ω
1443 548 1467 571 1,
1486 549 1501 567 2
1521 539 1672 568 adhortetur

443 580 481 609 28
504 578 621 608 aestimet
642 593 659 608 ω
675 589 691 608 2
714 582 845 617 existimat
1203 587 1239 612 27
1262 577 1421 606 institutum
1436 579 1473 606 est
1490 592 1508 607 ω
1526 589 1552 614 1,
1570 589 1585 608 2
1607 582 1752 618 instituitur

443 630 482 658 29
503 619 552 648 hic
574 620 594 648 fi
615 619 704 648 vereri
720 620 825 647 dixeris
841 619 895 646 sxve
910 628 966 646 non
983 619 1072 646 vereri
1205 626 1237 654 31
1263 627 1332 645 auro
1347 631 1364 645 ω
1383 627 1392 645 1
1420 618 1477 646 vili

543 673 560 688 ω
580 670 589 687 ι
616 661 730 698 hocfive
743 662 833 688 vereri
846 660 942 687 dixeris
948 659 1012 696 five
1025 670 1072 686 non
1203 666 1217 694 3
1224 667 1238 695 ς
1261 657 1326 695 quis
1349 671 1366 685 ω
1385 667 1394 685 1
1421 662 1468 696 qui

542 703 632 728 vereri
1121 696 1160 725 68
1227 706 1236 725 1
1263 697 1326 735 quis
1350 711 1366 725 ω
1386 707 1396 726 1
1422 701 1469 736 qui

441 755 482 764 --
503 739 738 768 concludendum
754 738 809 767 hoc
830 751 848 767 ω
866 749 881 767 2
898 739 1072 767 concedendum
1227 747 1240 775 3
1264 737 1328 775 quis
1351 752 1368 766 ω
1387 747 1396 766 1
1424 741 1471 777 qui

540 781 586 808 hoc
597 781 642 816 ff
1225 788 1240 817 5
1262 784 1312 806 aut
1327 779 1346 807 fi
1361 788 1426 807 cum
1442 779 1478 807 de
1493 785 1570 808 certa
1584 793 1665 802 -—
1680 786 1711 809 ut
1725 780 1744 808 fi
1768 780 1833 818 quis

442 830 480 858 30
502 820 682 848 converfione
703 832 720 848 ω
737 829 753 848 2
770 830 824 848 cum
838 820 992 857 conversione
1304 832 1322 846 ω
1341 829 1366 853 1,
1384 829 1400 847 z
1422 827 1450 847 ut
1456 820 1487 857 st
1495 822 1540 857 qui
1643 829 1690 849 aut
1693 822 1724 859 fi
1736 832 1789 850 cum
1803 823 1833 849 de

440 876 481 882 —-
501 860 722 898 reprehendetur
743 873 760 888 ω
779 869 788 888 ι
814 861 1007 898 reprehenditur
1303 868 1374 888 certa

443 911 480 940 32
502 901 542 929 sm
555 900 780 929 inverecundum
793 910 847 934 ωῐ,
864 901 912 938 2st
921 903 1073 929 inverecun-
1223 908 1241 936 9
1263 909 1296 927 ea
1318 913 1333 927 ω
1351 910 1366 928 2
1388 899 1439 928 illa

542 943 602 970 dum
1208 947 1238 966 11
1266 940 1382 968 noxiam
1403 954 1420 968 ω
1439 950 1464 974 1,
1481 949 1498 968 2
1521 951 1613 969 noxam

443 991 479 1019 33
504 988 598 1011 tamen
619 994 636 1010 ω
653 992 668 1010 2
688 990 742 1010 tum
1208 988 1242 1007 12
1264 979 1391 1009 immune
1412 994 1429 1009 ω
1446 991 1461 1009 2
1483 983 1593 1009 immane

444 1031 480 1062 35
503 1023 645 1051 counitus
660 1021 697 1050 ab
712 1028 805 1050 errato
819 1020 933 1050 recedet
954 1034 971 1049 ω
990 1031 999 1049 1
1019 1032 1075 1050 cor·
1209 1028 1240 1057 13
1266 1020 1351 1049 hodie
1366 1031 1462 1049 meum
1477 1020 1676 1060 concastigabo
1690 1031 1742 1059 pro
1756 1031 1835 1051 com-

542 1070 628 1100 reptus
639 1062 674 1090 ab
687 1071 773 1090 errato
785 1064 879 1091 recedit
1305 1060 1406 1089 merita
1427 1061 1514 1089 noxia
1535 1074 1551 1088 ω
1576 1070 1586 1089 1
1611 1062 1684 1090 bodie
1707 1062 1837 1101 castigabo

464 1104 480 1131 8
503 1112 596 1141 neque
609 1117 650 1124 —
663 1102 822 1131 hereditate
834 1101 914 1130 venit
927 1114 944 1130 ω
960 1111 969 1130 1
988 1110 1074 1131 aut—
1301 1110 1350 1138 pro
1371 1105 1466 1130 merita
1486 1112 1554 1129 noxa
1582 1114 1599 1128 ω
1622 1111 1638 1130 2
1664 1102 1836 1132 hodie‘meum

541 1144 683 1171 hereditate
697 1145 774 1171 venit
1305 1153 1353 1170 non
1366 1141 1497 1180 castigabo
1508 1149 1558 1178 pro
1571 1147 1714 1170 commerita
1727 1153 1796 1171 noxa

462 1194 481 1221 9
503 1182 720 1221 reprehenditur
739 1196 756 1210 ω
775 1192 800 1216 1,
820 1192 835 1210 2
859 1183 1052 1220 reprehendetur
1208 1190 1240 1219 ις
1263 1180 1370 1211 invitus
1393 1183 1483 1210 nime
1503 1181 1533 1209 id
1554 1182 1659 1211 invitet
1683 1191 1713 1212 ut
1732 1183 1835 1212 faciam

445 1233 477 1252 11
504 1223 587 1252 sessio
602 1233 658 1251 non
676 1222 795 1251 venierit
814 1236 831 1250 ω
850 1224 982 1257 1]ἱ’έῖι“οηε
995 1233 1073 1251 vene-
1306 1222 1375 1251 fides
1396 1236 1413 1251 ω
1433 1232 1457 1256 ¹,
1475 1232 1490 1251 2
1505 1224 1532 1252 d.'

544 1268 583 1292 rit
597 1277 613 1291 ω
627 1273 642 1291 2
651 1265 762 1299 st’c‘Iione
775 1267 885 1291 evenerit
901 1262 935 1300 (s.
951 1264 1072 1296 venerit)
1210 1271 1242 1297 17
1265 1262 1353 1291 afficit
1376 1276 1393 1291 ω
1413 1273 1423 1291 1
1448 1266 1536 1302 tfflcit

444 1306 479 1332 28
502 1302 665 1341 hujusmodi
685 1316 702 1330 ω
722 1312 730 1330 1
754 1305 872 1341 <jusmodi
1206 1312 1242 1330 22
1265 1303 1390 1332 versatur
1411 1314 1460 1341 ⁶2⁷2
1480 1303 1635 1339 weg-fabitur

442 1354 480 1383 29
502 1345 570 1373 artis
589 1358 606 1372 ω
625 1353 634 1371 1
658 1347 743 1382 partis
1207 1343 1243 1370 26
1265 1343 1384 1381 quidem
1404 1357 1420 1372 ω
1438 1354 1452 1372 2
1474 1346 1504 1372 d:

466 1394 476 1413 1
502 1384 654 1413 conficitur
676 1397 693 1411 ω
711 1393 721 1412 1
748 1385 898 1422 corficiatur
919 1397 936 1411 ω
959 1393 974 1412 2
996 1385 1070 1422 confi-
1207 1392 1242 1415 27
1266 1393 1403 1420 ponemus
1426 1398 1443 1412 ω
1460 1395 1475 1413 2
1497 1386 1606 1413 dicemus

541 1429 623 1453 cietur
1206 1424 1242 1451 28
1266 1423 1458 1463 Hermagoras
1480 1438 1496 1453 ω
1514 1436 1528 1453 z
1551 1427 1726 1464 Hermagoras
1739 1434 1824 1455 autem

461 1477 482 1503 4
503 1465 566 1504 quis
590 1479 607 1494 ω
625 1475 636 1493 1
663 1468 709 1503 qui
1207 1473 1242 1501 35
1266 1465 1473 1504 Hermagoram
1496 1479 1514 1493 ω
1533 1475 1557 1499 ι,
1575 1476 1590 1494 2
1614 1467 1641 1494 d.

462 1517 481 1544 9
503 1506 720 1544 cognosceretur
741 1518 758 1533 ω
777 1515 793 1533 ι-
814 1504 987 1543 cognostentur
1124 1502 1162 1541 69
1227 1514 1242 1532 2
1265 1505 1359 1541 placet
1381 1519 1398 1533 ω
1417 1516 1442 1539 1,
1459 1517 1474 1534 2
1491 1506 1596 1544 placuit

445 1556 482 1583 ¹4
503 1546 539 1574 ad
554 1546 640 1574 aliam
661 1559 678 1574 ω
696 1555 706 1583 ς
731 1547 770 1573 ad
781 1545 863 1573 aliam
871 1552 972 1582 partem
1202 1559 1244 1567 —-
1264 1545 1292 1572 in
1308 1555 1426 1574 numero
1447 1560 1464 1574 ω
1481 1557 1496 1575 2
1518 1550 1546 1575 in
1559 1558 1686 1575 numerum

443 1595 479 1624 ²3
503 1585 632 1614 sumebas
653 1598 671 1613 ω
690 1594 708 1612 1·
729 1584 870 1622 cgffizmebas
1226 1588 1242 1613 ὁ
1265 1585 1418 1621 implicitas
1442 1600 1458 1614 ω
1476 1596 1485 1614 ι
1513 1588 1660 1624 implicatas

445 1637 483 1664 24
503 1626 635 1664 pecunia:
648 1626 720 1663 plus·
734 1639 751 1653 ω
767 1635 783 1653 2
801 1627 934 1663 pecuniam
943 1624 1004 1662 plus
1209 1635 1242 1653 xz
1262 1625 1304 1652 'fin
1320 1626 1397 1654 varie
1418 1639 1435 1654 ω
1453 1636 1467 1654 2
1480 1627 1526 1665 fin
1541 1637 1605 1655 vero
1621 1630 1708 1655 varie.

445 1677 477 1704 3¹
504 1667 556 1695 esse
580 1680 597 1694 ω
614 1676 624 1694 ι
651 1667 678 1694 d.
1208 1674 1245 1701 14
1267 1665 1433 1703 singillatim
1454 1680 1471 1694 ω
1492 1676 1501 1694 1
1518 1666 1683 1705 fingulatim·

440 1721 482 1729 —-
502 1707 664 1745 approbant
686 1719 704 1734 ω
722 1715 732 1734 1
758 1704 920 1743 approbatur
1210 1715 1242 1742 17
1267 1705 1425 1743 exposueris
1446 1720 1463 1734 ω
1482 1716 1491 1734 ι
1514 1708 1628 1745 posiceris

446 1757 481 1785 33
506 1747 536 1775 id
552 1757 585 1776 ex
603 1747 637 1775 iis
661 1760 677 1774 ω
696 1756 722 1780 x,
741 1756 756 1774 2
778 1747 854 1784 idque
865 1755 898 1774 ex
914 1746 954 1774 his
1207 1756 1245 1784 29
1267 1755 1331 1773 nam
1348 1755 1411 1774 cum
1428 1756 1463 1776 ex
1479 1754 1528 1775 tua
1548 1760 1565 1775 ω
1584 1756 1610 1781 1,
1627 1757 1642 1776 z
1664 1759 1724 1777 nam
1739 1756 1793 1777 tum
1806 1758 1839 1778 ex

444 1797 484 1827 34
505 1795 533 1817 et
548 1787 619 1826 quid
633 1786 757 1816 sumatur
770 1794 799 1815 et
814 1786 887 1825 quid
907 1799 924 1814 ω
944 1796 953 1814 ι
977 1795 1000 1815 et
1014 1788 1080 1826 quod
1306 1795 1353 1814 tua

536 1830 661 1866 fimatur
673 1836 697 1856 et
710 1828 778 1866 quod
1208 1836 1242 1864 33
1267 1836 1332 1854 nam
1347 1827 1365 1855 fi
1381 1827 1452 1867 legis
1467 1828 1585 1867 scriptor
1599 1828 1697 1857 existat
1711 1835 1740 1858 et
1759 1838 1838 1867 quae-

469 1879 478 1897 1
505 1877 555 1898 aut
570 1869 588 1896 fi
604 1878 661 1896 non
677 1881 695 1896 ω
710 1878 726 1897 2
751 1875 800 1896 aut
815 1877 872 1896 non
1307 1875 1350 1896 rat
1371 1881 1388 1896 ω
1404 1879 1420 1897 2
1442 1881 1500 1898 num
1523 1870 1631 1908 quidsi
1649 1869 1713 1908 legis
1722 1870 1839 1908 striptor

466 1919 482 1938 2
504 1908 660 1937 instituitur
679 1922 697 1937 ω
715 1919 724 1937 ι
753 1910 917 1945 constituitur
1308 1912 1402 1947 ωσι-’βαι
1415 1918 1438 1937 et
1445 1911 1475 1948 fi
1486 1919 1591 1948 quaerat

464 1960 484 1987 4
505 1949 635 1977 deffinitio
656 1962 674 1977 ω
690 1959 706 1978 2
727 1950 870 1986 definitione
1126 1956 1166 1985 70
1230 1957 1240 1976 1
1267 1949 1302 1977 ad
1317 1949 1483 1987 partitiones
1497 1950 1605 1989 singula
1618 1959 1724 1988 genera
1736 1949 1840 1979 referre

449 1999 482 2027 13
508 1990 562 2017 hoc
576 1989 662 2018 modo
678 2003 695 2018 ω
714 1999 723 2017 ι
748 1998 775 2017 ut
790 1989 835 2018 hoc
1308 2002 1325 2017 ω
1343 1999 1353 2018 1
1380 1991 1416 2018 ad
1426 1990 1534 2028 fingula
1552 1994 1707 2028 partitiones
1717 2001 1813 2029 genera

448 2039 485 2066 14
502 2029 614 2068 judices
637 2044 654 2058 ω
671 2041 687 2059 2
711 2031 846 2069 Ojudices
1003 2053 1006 2057 Δ
1228 2039 1245 2067 7
1268 2030 1364 2068 quid?
1387 2031 1406 2058 fi
1427 2043 1444 2058 ω
1464 2041 1479 2059 2
1501 2032 1605 2068 quodsi

448 2072 482 2099 18
504 2080 570 2099 cum
586 2078 614 2099 te
628 2071 800 2110 expetebant
815 2079 913 2098 omnes
936 2069 1076 2099 florentis·
1209 2080 1244 2108 23
1268 2080 1523 2099 commemoramus
1543 2084 1561 2099 ω
1579 2080 1590 2098 ι
1616 2082 1779 2100 memoramus

545 2111 614 2139 fimo
636 2125 654 2139 ω
672 2121 681 2139 1
696 2123 763 2140 >cum
778 2118 801 2139 te
816 2110 984 2148 expeHabant
999 2122 1077 2141 omnes
1152 2125 1154 2127 ·
1209 2121 1245 2147 27
1268 2107 1474 2149 ex-majoribus
1496 2123 1513 2139 ω
1532 2121 1558 2145 1,
1574 2122 1590 2139 z
1614 2123 1630 2139 a
1644 2113 1785 2151 majoribus

545 2153 574 2179 in
580 2153 753 2188 fleremiffimo
1207 2166 1248 2173 -
1266 2151 1394 2189 regibus,
1411 2151 1577 2181 civitatibus
1599 2165 1616 2180 ω
1634 2162 1643 2180 1
1669 2152 1839 2187 civitatibus,

447 2200 486 2221 20
507 2191 617 2230 periclo
635 2205 652 2219 ω
669 2202 685 2220 z
705 2203 759 2220 cum
769 2191 880 2230 periculo
1307 2192 1410 2230 regibus

446 2242 482 2270 23
505 2232 653 2260 Gracchos
676 2246 694 2260 ω
712 2243 726 2260 2
740 2232 812 2270 filios
1129 2241 1162 2271 7¹
1232 2242 1243 2261 1
1269 2232 1345 2260 idem
1368 2247 1385 2261 ω
1405 2243 1414 2261 ι
1441 2236 1501 2262 item

446 2282 482 2311 27
505 2271 572 2301 cat-sa
593 2273 735 2302 tecijiffet
762 2273 885 2310 abiegna
910 2272 944 2301 ad
973 2279 1075 2302 terram
1231 2282 1245 2312 ς
1269 2274 1347 2312 quod
1377 2274 1425 2302 uni
1456 2275 1616 2303 concessum
1641 2274 1675 2303 fit
1696 2287 1713 2302 ω
1739 2283 1749 2302 1
1775 2276 1842 2313 quod

549 2312 640 2341 trabes
665 2327 681 2341 ω
701 2323 726 2346 1,
751 2323 766 2341 2
788 2313 861 2349 <aste
875 2315 1020 2352 accidiffint
1043 2316 1083 2343 ad
1309 2326 1384 2343 unum
1399 2325 1467 2343 conce
1487 2327 1526 2344 um
1539 2317 1571 2350 fit
1585 2325 1680 2354 quoque

544 2361 641 2382 terram
655 2354 741 2382 mbas
844 2387 848 2393 Δ
1213 2364 1246 2394 ¹5
1269 2365 1332 2393 quae
1348 2365 1390 2383 res
1406 2355 1441 2384 ab
1457 2356 1570 2395 legibus
1585 2364 1612 2384 et
1627 2356 1663 2384 ab
1679 2355 1840 2394 :equabilias

448 2403 486 2432 29
508 2394 542 2428 is,
564 2395 615 2432 qui
638 2409 647 2422 o
671 2405 686 2423 2
709 2398 753 2433 qui
768 2398 791 2422 is
1315 2406 1324 2424 1
1351 2406 1373 2425 et
1395 2409 1454 2436 quae
1469 2409 1506 2425 res
1520 2397 1555 2425 ab
1574 2397 1672 2435 legibus
1693 2398 1727 2424 al)
1743 2396 1842 2434 (squali

447 2444 484 2473 33
507 2436 686 2473 acqmtznu'ae
708 2448 725 2464 ω
744 2445 770 2469 1,
789 2445 804 2465 2
827 2437 973 2474 quaerenda:
1311 2450 1330 2466 ω
1346 2448 1361 2467 z
1383 2449 1443 2476 quae
1455 2448 1495 2467 res
1509 2438 1544 2468 ab
1557 2437 1654 2477 legibus
1667 2445 1691 2468 et
1704 2437 1740 2467 ab
1757 2436 1842 2475 equali
