2176 2912
658 188 938 228 LIBER
1013 192 1376 236 PRIMUS.
1671 220 1721 262 43

314 288 465 328 genere,
495 283 645 327 partem
666 276 701 314 se
719 279 870 330 generis
891 279 1143 321 admiscuiffe.
1193 284 1301 322 Nam
1320 299 1441 338 genus
1463 292 1515 328 est
1540 295 1721 336 omnium

314 340 502 378 nimirum
520 340 733 381 libidinum
753 345 945 397 cupiditas
955 364 966 390 ;
989 348 1070 398 ejus
1087 357 1218 387 autern
1234 353 1384 402 generis
1402 354 1477 392 fine
1495 357 1615 397 dubio
1635 375 1719 413 pars

311 405 365 444 est
384 406 552 445 avaritia.
598 408 691 447 Hoc
710 410 831 462 igitur
846 412 1049 451 vitandum
1070 414 1136 459 est,
1170 429 1230 460 ne,
1263 419 1372 469 cujus
1393 434 1514 472 genus
1536 425 1717 475 posueris,

310 471 392 523 ejus
414 471 544 511 secum
564 475 750 527 aliquam,
772 477 882 516 sicuti
904 478 1090 518 diversam
1111 495 1153 518 ac
1172 483 1395 523 disfimilem
1415 498 1577 539 partem,
1601 507 1717 544 ponas

309 536 350 574 in
367 537 499 576 eadem
516 540 736 591 partitione.
778 543 898 595 Qod
915 544 940 582 fi
962 546 1067 597 quod
1088 547 1128 584 in
1149 561 1271 599 genus
1287 550 1416 601 plures
1438 554 1611 593 incident
1630 572 1716 610 par-

309 611 379 646 tes,
401 603 456 648 id,
477 617 570 643 cum
588 606 628 644 in
649 608 776 660 prima
790 610 997 661 partitione
1013 613 1131 650 causae
1152 614 1223 651 erit
1241 615 1467 669 {impliciter
1483 622 1714 673 expolitum,

308 667 558 709 distribuetur
587 685 633 710 eo
665 682 839 727 tempore
869 678 1194 724 commodiffime,
1226 694 1319 719 cum
1340 683 1385 720 ad
1407 684 1534 737 ipsum
1555 697 1714 727 ventum

306 735 379 773 erit
399 737 677 789 explicandum
697 740 738 778 in
753 741 872 780 causae
888 742 1056 781 dictione
1073 745 1156 796 post
1172 747 1435 798 partitionem.
1469 754 1601 805 Atque
1618 755 1715 794 illud

305 813 464 854 quoque
483 805 650 856 pertinet
670 806 715 843 ad
736 808 988 859 paucitatem,
1020 823 1067 848 ne
1088 821 1153 849 aut
1173 812 1283 864 plura
1303 828 1422 866 quarn
1449 817 1534 857 satis
1565 821 1618 858 est
1644 822 1711 860 de-

304 867 581 908 monstraturos
613 885 681 909 nos
714 863 904 919 dicamus,
936 874 1012 913 hoc
1044 877 1186 922 modo;
1225 879 1437 920 Ostendam
1471 884 1711 932 adversarios,

304 933 411 984 quod
430 936 644 987 arguimus,
675 947 714 976 et
742 940 906 992 potuifi'e
926 939 1064 987 facere,
1098 952 1136 981 et
1157 945 1328 990 voluiffe,
1361 956 1400 985 et
1420 947 1546 987 feciffe
1566 966 1574 989 ε
1622 967 1713 992 nam

302 998 444 1046 feciffe,
475 1002 671 1042 ostendere
691 1005 777 1044 satis
798 1007 864 1045 est.
911 1009 1008 1054 Aut,
1040 1022 1133 1048 cum
1159 1011 1200 1049 in
1220 1013 1329 1050 causa
1349 1015 1506 1066 partitio
1527 1018 1633 1056 nulla
1653 1021 1711 1065 fit,

301 1074 341 1103 et
360 1080 455 1105 cum
470 1068 634 1123 simplex
651 1072 838 1124 quiddam
851 1083 998 1126 agatur,
1022 1084 1150 1114 tamen
1166 1087 1321 1116 utamur
1333 1080 1603 1122 distributione
1619 1100 1627 1123 :
1651 1087 1711 1124 id-

300 1144 378 1183 que
393 1146 544 1186 perraro
560 1137 683 1188 potest
703 1139 887 1177 accidere.
933 1141 993 1178 Ac
1014 1140 1104 1179 sunt
1123 1142 1196 1180 alia
1211 1158 1368 1197 quoque
1385 1158 1575 1201 praecepta
1590 1153 1709 1202 parti-

302 1198 472 1243 tionum,
504 1213 589 1252 quae
615 1202 661 1239 ad
687 1201 795 1242 hunc
815 1204 928 1244 usum
948 1208 1160 1246 oratorium
1182 1223 1259 1248 non
1281 1219 1479 1266 tantopere
1498 1216 1709 1267 pertinent,

300 1277 386 1316 quae
417 1265 612 1305 versantur
636 1267 677 1305 in
699 1267 963 1323 Philosophia,
994 1286 1042 1311 ex
1064 1275 1206 1326 quibus
1227 1275 1310 1315 haec
1331 1278 1409 1331 ipsa
1430 1281 1709 1329 transtulimus,

299 1343 384 1382 quae
400 1332 606 1371 convenire
625 1333 855 1374 videbantur
865 1355 877 1382 ς
907 1351 1077 1390 quorum
1098 1339 1198 1379 nihil
1219 1342 1260 1380 in
1275 1346 1421 1383 caeteris
1438 1347 1583 1386 artibus
1600 1350 1709 1388 inve-

297 1396 515 1436 niebamus.

352 1464 487 1516 Atque
517 1463 579 1508 his
611 1464 658 1503 de
686 1467 895 1519 partitione
924 1471 1139 1524 praeceptis‚
1168 1472 1209 1511 in
1235 1476 1346 1512 omni
1373 1476 1543 1516 diffione
1563 1482 1708 1520 merni-

297 1528 390 1567 niffe
409 1531 621 1584 oportebit,
653 1542 697 1570 ut
716 1542 755 1571 et
775 1534 900 1587 prima
920 1549 1085 1588 quaeque
1104 1551 1204 1590 pars,
1238 1549 1282 1577 ut
1297 1542 1467 1594 exposita
1486 1544 1539 1583 est
1559 1545 1599 1584 in
1619 1560 1708 1599 par-

295 1594 449 1640 titione,
484 1597 535 1635 fic
555 1597 690 1636 ordine
711 1600 964 1653 transigatur5
1002 1612 1055 1647 et,
1085 1604 1270 1643 omnibus
1299 1608 1516 1660 explicatis,
1551 1625 1707 1664 perora-

297 1670 383 1700 tum
421 1662 480 1707 fit,
523 1673 566 1701 ut
597 1678 645 1702 ne
670 1666 767 1717 quid
797 1667 983 1719 posterius
1015 1679 1151 1721 praeter
1181 1672 1472 1713 conclusionem
1502 1676 1703 1719 inferatur.

295 1727 387 1766 Hoc
408 1729 527 1768 modo
547 1731 713 1783 partitur
728 1733 830 1786 apud
851 1735 1086 1774 Terentium
1108 1736 1274 1776 breviter
1293 1749 1332 1778 et
1357 1743 1567 1781 commode
1593 1744 1706 1785 senex

293 1792 336 1830 in
356 1794 517 1840 Andria,
548 1811 633 1849 quae
653 1798 883 1850 cognoscere
902 1800 1090 1840 libertum
1111 1804 1205 1842 velit
1220 1823 1231 1850 ;

486 1863 540 1900 Eo
557 1865 667 1914 pab't'o
691 1872 727 1901 et
751 1865 836 1902 nati
861 1866 980 1904 vitam
1008 1876 1044 1905 et
1069 1870 1244 1920 cmfilium
1269 1886 1382 1912 meum

487 1928 687 1981 Cogances,
716 1940 754 1968 et
773 1930 862 1982 quid
865 1931 998 1983 fizcere
1015 1933 1051 1971 in
1069 1934 1138 1973 hac
1155 1951 1194 1973 re
1213 1946 1249 1975 te
1267 1939 1386 1978 velim.

293 1990 440 2043 Itaque,
452 1993 786 2044 quemadmodum
799 1996 839 2034 in
853 1998 1058 2049 partitione
1071 2001 1283 2053 proposuit,
1295 2004 1347 2042 ita
1359 2015 1496 2051 narrat,
1512 2008 1700 2060 primurn,

291 2057 370 2095 nati
391 2058 536 2103 vitam,

477 2126 579 2163 N‘am
602 2126 630 2165 is
649 2127 832 2181 postquam
857 2130 992 2182 exceffi't
1016 2146 1059 2170 ex
1083 2133 1234 2186 ephebis,
1269 2136 1313 2174 So
1327 2151 1375 2181 ta,

481 2191 653 2231 Liberius
677 2195 829 2233 vivendi
837 2196 925 2248 ficit
943 2198 1108 2251 potestas.

290 2255 457 2302 Deinde,
490 2257 602 2298 suum
632 2261 866 2306 confilium;
899 2264 955 2301 Et
973 2279 1068 2304 nunc
1088 2266 1129 2304 id
1142 2277 1282 2320 operam
1299 2269 1351 2308 do.
1404 2270 1571 2318 Deinde,
1605 2275 1698 2326 quid

290 2321 430 2360 Sofiam
460 2324 553 2363 velit
583 2324 721 2372 facere,
762 2328 815 2373 id,
849 2330 954 2381 quod
974 2331 1211 2384 postremum
1246 2336 1372 2387 posuit
1403 2338 1441 2375 in
1477 2341 1695 2391 partitione,

289 2388 526 2438 postremum
546 2391 642 2430 dicit
657 2411 669 2438 ς

481 2459 592 2499 Nunc
620 2468 722 2499 tuum
747 2459 792 2513 est
816 2460 976 2514 qfficium.

1022 2531 1054 2568 C
1088 2544 1108 2569 2
