2176 2912
381 274 453 326 Ῑὸό
628 280 1527 322 DEINVENTIONE

376 378 518 431 quibus
539 374 797 428 imprudentia
816 373 924 412 fuiffe
944 374 1129 419 videatur,
1150 382 1214 411 aut
1234 373 1352 418 casus,
1374 382 1438 411 aut
1458 371 1714 417 neceffitud03
1736 381 1776 412 et

376 446 424 483 ab
443 444 503 482 his
524 443 577 487 id,
599 441 704 494 quod
723 455 807 479 reus
827 440 979 486 inferat,
1006 441 1185 494 separare,
1216 440 1256 478 id
1275 440 1341 485 est,
1369 439 1561 478 ostendere
1581 439 1774 484 diffirnile,

378 509 484 562 quod
504 507 639 551 levius,
661 505 827 551 facilius,
860 519 938 543 non
959 505 1184 558 ignorabile,
1207 519 1283 543 non
1304 504 1525 549 fortuitum,
1548 517 1626 542 non
1646 504 1776 542 neces-

374 575 515 613 sarium
534 573 664 611 fuerit.
701 571 830 610 Postea
849 571 1118 616 demonstrare,
1147 571 1307 624 potuiffe
1326 571 1451 615 vitari,
1478 580 1515 608 et
1544 569 1615 608 hac
1632 571 1778 608 ratione

379 638 569 693 provideri
590 637 766 690 potuiffe,
797 637 822 674 fi
839 635 915 674 hoc
936 646 1000 675 aut
1021 637 1120 674 illud
1136 636 1294 681 fecisset,
1309 689 1312 693 ι
1325 646 1390 674 aut
1406 636 1474 674 nifi
1499 634 1657 680 feciffet,
1679 649 1777 687 prae-

377 705 500 743 caveri
513 723 524 748 ;
556 713 593 741 et
613 702 902 741 definitionibus
921 702 1128 745 ostendere,
1151 715 1226 738 non
1247 701 1346 739 hanc
1368 701 1684 753 imprudentiam,
1709 709 1775 738 aut

381 771 523 814 casum,
546 778 610 807 aut
630 767 957 822 neceffitudinem‚
990 767 1050 804 sed
1072 766 1264 810 inertiam,
1297 765 1589 818 negligentiam,
1619 765 1778 804 fatuita-

381 846 476 881 tem,
499 834 691 874 nominari
711 842 898 886 oportere.

436 904 496 940 Ac
517 902 621 952 siqua
650 898 881 937 neceffitudo
901 898 1181 950 turpitudinem
1203 898 1395 936 videbitur
1415 896 1566 942 habere,
1588 896 1782 951 oportebit

382 981 448 1020 per
467 968 642 1005 locorum
671 966 946 1003 communium
977 965 1284 1017 implicationem
1306 965 1594 1016 redarguentem
1615 964 1780 1001 demon-

382 1033 506 1076 strare,
524 1031 676 1083 quidvis
692 1030 853 1082 perpeti,
877 1029 975 1067 mori
996 1030 1162 1082 denique
1182 1030 1294 1068 satius
1315 1029 1437 1074 fuisse,
1456 1043 1573 1082 quam
1592 1027 1782 1080 ejusmodi

382 1097 647 1136 necessitudini
678 1096 955 1147 obtemperare.
1002 1097 1133 1147 Atque
1165 1105 1250 1133 tum
1270 1109 1318 1134 ex
1348 1094 1408 1132 his
1432 1095 1541 1139 locis,
1573 1094 1618 1132 de
1639 1094 1781 1146 quibus

383 1165 423 1202 in
444 1163 626 1216 negotiali
642 1171 747 1214 parte
767 1161 914 1199 dietum
931 1160 996 1205 est,
1012 1161 1110 1212 juris
1131 1170 1168 1199 et
1188 1162 1377 1213 aequitatis
1398 1171 1572 1198 naturam
1588 1159 1784 1212 oportebit

383 1243 562 1282 quaerere,
584 1237 635 1272 et,
657 1228 759 1280 quafi
780 1227 819 1264 in
841 1226 1012 1264 absoluta
1025 1227 1251 1278 juridiciali,
1274 1240 1340 1279 per
1356 1226 1391 1263 se
1412 1226 1487 1264 hoc
1506 1225 1633 1278 ipsum
1654 1225 1699 1263 ab
1720 1237 1783 1261 re-

385 1296 456 1333 bus
477 1294 660 1333 omnibus
684 1293 883 1345 separatim
904 1293 1149 1330 confiderare.
1181 1294 1313 1343 Atque
1333 1290 1409 1329 hoc
1429 1291 1469 1329 in
1490 1291 1591 1335 loco,
1613 1290 1639 1328 fi
1656 1289 1784 1328 facul-

385 1372 440 1400 tas
461 1363 545 1406 erit,
568 1360 755 1412 exemplis
778 1360 835 1397 uti
855 1359 1062 1411 oportebit,
1081 1359 1222 1410 quibus
1243 1359 1283 1396 in
1305 1358 1419 1396 simili
1439 1357 1682 1396 excusatione
1705 1369 1784 1394 non

384 1429 428 1466 fit
447 1428 653 1479 ignotum3
685 1434 722 1462 et
742 1425 1002 1469 contentione,
1034 1426 1156 1477 magis
1177 1424 1253 1462 illis
1272 1423 1548 1476 ignoscendum
1579 1421 1687 1460 fuiffe
1705 1437 1714 1459 z
1746 1430 1784 1459 et

384 1506 431 1531 ex
451 1491 735 1531 deliberationis
756 1491 942 1543 partibus,
961 1500 1071 1542 turpe
1091 1499 1155 1527 aut
1175 1490 1312 1528 inutile
1327 1489 1398 1528 effe
1415 1489 1575 1527 concedi
1597 1501 1681 1526 eam
1702 1501 1785 1526 rem

387 1573 471 1610 quae
491 1558 537 1595 ab
558 1556 764 1594 adversario
783 1555 983 1594 commissa
1002 1556 1046 1593 fit
1062 1574 1073 1599 ³
1106 1569 1360 1607 permagnum
1387 1555 1471 1599 effe,
1502 1563 1540 1592 et
1561 1567 1702 1606 magno
1718 1553 1784 1590 fu-

386 1632 518 1660 turum
539 1621 784 1664 detrimento,
816 1620 846 1659 fi
862 1633 904 1657 ea
923 1633 979 1657 res
1000 1620 1046 1657 ab
1067 1621 1127 1664 iis,
1149 1620 1217 1671 qui
1238 1620 1462 1672 potestatem
1482 1618 1626 1657 habent
1655 1618 1783 1656 vindi-

388 1688 513 1731 candi,
545 1687 716 1738 neglecta
737 1686 794 1723 fit.

443 1752 639 1790 XXXIII.
674 1750 862 1788 Defensor
881 1759 1010 1788 autem
1031 1750 1216 1788 converfis
1237 1751 1419 1788 omnibus
1440 1749 1500 1787 his
1521 1749 1692 1803 partibus
1713 1762 1785 1801 po-

390 1820 475 1857 terit
493 1819 564 1856 uti.
597 1818 772 1855 Maxime
793 1827 921 1854 antem
943 1818 982 1854 in
1003 1817 1199 1854 voluntate
1212 1816 1449 1854 defendenda
1465 1817 1785 1859 commorabitur,

389 1896 427 1922 et
453 1886 493 1922 in
514 1898 557 1921 ea
576 1898 613 1922 re
633 1884 864 1935 adaugenda,
896 1897 980 1934 quae
1015 1882 1203 1920 voluntati
1221 1882 1336 1920 fuerit
1356 1883 1638 1935 impedimento
1654 1912 1664 1927 ‚
1697 1891 1734 1918 et
1754 1881 1789 1918 se

390 1951 490 2003 plus,
522 1963 640 2001 quam
673 1948 817 1993 fecerit,
849 1948 971 1986 facere
1003 1962 1080 1986 non
1111 1948 1298 2001 potuiffe3
1330 1958 1368 1985 et
1402 1949 1440 1986 in
1463 1948 1645 1986 omnibus
1674 1947 1786 1985 rebus

392 2016 629 2053 voluntatem
650 2015 803 2067 spe-{lari
825 2024 997 2067 oportere
1015 2033 1024 2058 ς
1047 2023 1084 2052 et
1106 2015 1139 2051 se
1160 2015 1337 2051 convinci
1360 2028 1436 2052 non
1454 2013 1567 2066 poffe,
1586 2013 1689 2064 quod
1710 2025 1787 2049 non

392 2082 483 2118 absit
504 2095 523 2117 a
543 2082 683 2132 culpa3
716 2090 752 2118 et
778 2094 823 2118 ex
844 2080 910 2118 suo
931 2080 1087 2117 nomine
1108 2093 1360 2116 communem
1391 2078 1598 2116 hominum
1619 2077 1787 2114 infirmi-

393 2156 510 2184 tatem
542 2146 642 2198 poffe
673 2146 857 2184 damnari.
908 2145 1061 2182 Deinde
1082 2144 1179 2182 nihil
1201 2144 1397 2196 indignius
1424 2143 1508 2187 effe,
1540 2156 1657 2194 quam
1681 2156 1786 2187 eum,

394 2213 459 2264 qui
481 2213 594 2264 culpa
622 2222 756 2256 careat,
790 2211 977 2263 supplicio
999 2224 1075 2248 non
1096 2223 1233 2248 carere.
1285 2209 1382 2247 Loci
1409 2218 1537 2246 autem
1559 2222 1787 2246 communes

394 2278 632 2321 accusatoris,
652 2291 749 2315 unus
770 2277 808 2314 in
830 2275 1074 2319 confeffione,
1092 2285 1129 2313 et
1149 2276 1255 2319 alter,
1270 2285 1411 2327 quanta
1426 2274 1585 2327 potestas
1606 2274 1789 2326 peccandi

396 2344 645 2394 relinquatur,
677 2343 701 2379 s1
723 2342 836 2379 semel
859 2341 1077 2378 institutum
1099 2341 1156 2385 fit,
1180 2350 1222 2377 ut
1243 2354 1318 2378 non
1340 2341 1385 2377 de
1407 2338 1519 2383 facto,
1550 2339 1611 2376 sed
1632 2339 1677 2376 de
1698 2337 1788 2376 faeti

397 2409 518 2453 causa,
541 2417 741 2460 quaeratur.
780 2406 1000 2445 Defensoris
1021 2417 1164 2451 autem,
1197 2406 1418 2459 conquestio
1448 2405 1673 2443 calamitatis
1694 2405 1788 2456 ejus,

399 2489 483 2527 quae
504 2488 580 2512 non
609 2473 735 2527 culpfi,
769 2473 829 2511 sed
855 2474 891 2510 vi
914 2474 1055 2525 majore
1085 2474 1248 2525 quadam
1269 2472 1463 2517 acciderit,
1495 2480 1533 2509 et
1562 2471 1608 2508 de
1628 2470 1791 2508 fortunae

400 2540 595 2594 potestate,
631 2549 668 2579 et
698 2538 907 2578 hominum
934 2538 1171 2584 infirmitate,
1202 2548 1239 2577 et
1271 2538 1327 2577 uti
1349 2537 1459 2576 suum
1491 2537 1680 2583 animum,
1712 2549 1790 2574 non
