2176 2912
385 271 460 311 116
625 271 1530 311 DEINVENTIONE

381 365 488 403 nulla
518 365 557 403 in
583 365 667 417 lege
698 364 818 402 ullam
853 364 1004 403 causam
1024 373 1158 403 contra
1177 364 1364 417 scriptum
1394 365 1518 418 accipi
1543 365 1746 404 convenire
1759 383 1775 411 ς

381 431 532 476 deinde,
543 431 567 469 11
584 432 624 469 111
641 431 784 469 caeteris
798 431 948 483 legibus
964 431 1178 476 conveniat,
1195 429 1294 469 hanc
1311 431 1383 470 effe
1397 430 1620 483 hujusmodi
1633 431 1775 484 legem,

381 506 425 534 ut
445 497 484 535 in
505 511 547 535 ea
566 511 643 535 non
664 505 859 549 oporteat;
891 496 1094 549 postremo,
1117 497 1143 535 fi
1164 497 1203 534 in
1219 495 1291 535 hac
1311 510 1465 550 quoque
1485 497 1568 550 lege
1587 506 1776 551 oporteat,

381 562 481 602 hanc
501 564 660 616 quidem
680 563 830 601 causam
851 564 973 615 accipi
994 564 1158 601 minime
1178 573 1365 616 oportere·

438 631 566 668 XLV.
590 630 719 667 Prima
736 642 817 681 pars
837 628 897 666 his
918 628 995 666 fere
1012 629 1106 666 locis
1126 628 1439 674 confirmabitur3
1458 629 1631 682 scriptori
1652 642 1780 682 neque

382 694 598 748 ingenium,
628 708 752 746 neque
771 707 940 746 operam,
963 707 1086 745 neque
1114 694 1235 731 ullam
1254 694 1477 732 facultatem
1497 694 1668 739 defuisse,
1699 707 1780 746 quo

383 762 512 798 minus
534 760 652 813 posset
672 768 798 812 aperte
819 758 1047 810 perscribere
1068 758 1121 802 id,
1150 759 1254 810 quod
1274 759 1458 811 cogitaret
1473 777 1485 803 ς
1517 773 1595 797 11011
1615 759 1723 797 fuiffe
1742 759 1779 796 ei

382 839 508 878 grave,
531 839 600 864 nec
616 824 788 868 difficile,
809 837 894 862 eam
913 824 1062 861 causam
1083 825 1272 876 excipere,
1293 837 1412 876 quam
1432 824 1627 862 adversarii
1645 823 1778 877 profe-

383 902 481 936 rant,
499 892 524 929 11
541 891 751 943 quicquam
771 890 1045 942 excipiendum
1071 889 1255 942 pntaffet;
1286 889 1516 928 consuevisse
1534 903 1612 935 eos,
1632 891 1700 943 qui
1719 890 1784 928 le·-

383 971 448 1010 ges
479 957 656 1001 scribant,
687 956 979 1009 exceptionibus
1006 957 1078 994 uti.
1137 956 1289 995 Deinde
1308 965 1458 1009 oportet
1491 957 1648 994 recitare
1676 956 1780 1008 leges

384 1037 476 1062 cum
496 1024 787 1076 exceptionibus
810 1022 979 1075 scriptaS‚
1010 1031 1048 1060 et
1068 1023 1238 1061 maxime
1257 1023 1397 1067 videre,
1428 1023 1454 1060 fi
1475 1036 1559 1075 quae
1579 1023 1622 1060 in.
1640 1036 1682 1060 ea
1700 1022 1784 1074 ipsa*

384 1089 482 1144 lege,
504 1104 579 1143 qua
599 1090 644 1127 de
664 1090 803 1142 agitur,
836 1090 880 1126 fit
899 1089 1075 1141 exceptio
1095 1089 1225 1141 aliquo
1245 1090 1285 1127 in
1306 1090 1443 1142 capite,
1475 1098 1539 1126 aut
1559 1089 1659 1141 apud
1679 1102 1782 1127 eun-—

384 1156 474 1194 dem
491 1157 585 1209 legis
602 1156 840 1209 scriptorem,
858 1169 937 1207 quo
954 1156 1075 1207 magis
1087 1169 1177 1193 eum
1193 1156 1376 1208 probetur
1388 1155 1496 1193 fuiffe
1508 1164 1778 1207 excepturum,

385 1222 410 1259 sl
433 1223 527 1274 quid
547 1222 820 1274 excipiendum
841 1230 990 1274 putaret
998 1240 1009 1266 ;
1035 1231 1072 1258 et
1091 1221 1299 1266 ostendere,
1320 1221 1470 1258 causam
1489 1221 1659 1273 accipere
1678 1219 1785 1258 nihils

385 1288 488 1326 aliud
505 1288 587 1333 effe,
624 1288 691 1325 nifi
723 1288 849 1339 legem
871 1287 1004 1324 tollere
1021 1305 1032 1331 3
1064 1287 1150 1325 ideo
1169 1287 1288 1339 quod,
1310 1299 1402 1324 cum
1423 1285 1538 1323 semel
1558 1285 1666 1323 causa
1681 1299 1778 1324 con-

385 1353 579 1398 fideretur,
609 1352 708 1390 1111111
728 1353 886 1390 attineat
916 1366 1002 1390 eam
1021 1366 1066 1390 ex
1087 1353 1171 1404 lege
1190 1352 1436 1396 considerare,
1468 1352 1610 1404 quippe
1629 1365 1715 1403 quae
1737 1351 1785 1389 in·v

385 1417 467 1470 lege
481 1419 617 1471 scripta
636 1432 713 1456 non
727 1418 785 1455 111.
816 1417 935 1469 Qod
952 1418 977 1455 11
993 1417 1038 1455 111
1054 1417 1274 1455 institutum
1287 1436 1299 1461 ;
1333 1416 1515 1455 omnibus
1532 1416 1682 1454 causam
1698 1416 1782 1454 dari,

383 1494 420 1521 et
441 1484 665 1536 potestatem
696 1484 893 1536 peccandi,
924 1496 1017 1521 cum
1043 1483 1318 1528 intellexerint,
1348 1496 1414 1521 vos
1434 1496 1480 1520 ex
1506 1482 1662 1535 ingenio
1681 1482 1778 1534 ejus,

384 1551 451 1602 qui
472 1559 604 1588 contra
631 1550 757 1601 legem
776 1549 925 1593 fecerit,
948 1563 1025 1587 non
1045 1563 1091 1587 ex
1111 1550 1208 1602 lege,
1241 1550 1281 1587 in
1301 1563 1419 1601 quam
1437 1549 1556 1600 jurati
1576 1548 1668 1593 fitis,
1696 1561 1781 1586 rem

379 1616 564 1667 judicare.
598 1615 749 1653 Deinde
768 1623 805 1651 et
826 1615 912 1667 ipsis
927 1615 1125 1666 judicibus
1141 1615 1356 1666 judicandi,
1387 1623 1426 1652 et
1454 1614 1597 1652 caeteris
1627 1614 1780 1652 civibus

385 1681 535 1719 vivendi
557 1681 718 1719 rationes
739 1680 1004 1732 perturbatum
1025 1680 1087 1724 iri,
1116 1680 1143 1718 11
1163 1680 1283 1718 semel·
1298 1694 1319 1718 a
1344 1680 1494 1732 legibus
1515 1679 1697 1718 receffum
1717 1680 1778 1718 fit.

385 1748 491 1786 Nam
510 1747 708 1800 etjudices
730 1760 854 1798 neque
873 1747 968 1799 quid
987 1746 1204 1798 sequantur,
1234 1746 1446 1791 habituros,
1473 1746 1499 1784 fi
1526 1747 1573 1784 ab
1593 1760 1652 1792 eo,
1673 1746 1781 1798 quod

386 1813 571 1866 scriptum
592 1813 649 1857 fit,
684 1812 860 1850 recedant
876 1830 887 1857 3
920 1825 1044 1864 neque
1073 1826 1151 1864 quo
1180 1814 1290 1864 pacto
1319 1813 1402 1850 aliis
1435 1812 1654 1864 improbare
1688 1812 1778 1865 pos—

386 1880 470 1923 11111,
493 1879 597 1931 quod
618 1887 750 1916 contra
768 1878 896 1930 legem.
909 1878 1139 1929 judicarint;
1171 1887 1210 1916 et
1229 1888 1381 1916 caeteros
1398 1878 1515 1923 cives,
1535 1879 1630 1930 quid
1649 1887 1779 1931 agant,

384 1946 637 1996 ignoraturos,
668 1944 694 1982 fi
714 1957 759 1981 ex
791 1944 857 1981 suo
875 1943 1036 1995 quisque
1053 1943 1224 1988 consilio,
1255 1953 1292 1982 et
1311 1957 1357 1981 ex
1377 1957 1419 1981 ea
1444 1944 1602 1989 ratione,
1633 1958 1718 1996 quae
1737 1944 1780 1982 in

385 2020 572 2054 mentem,
603 2020 668 2047 aut
689 2010 727 2047 in
759 2010 964 2049 libidinem
983 2010 1141 2054 venerit,
1173 2023 1250 2048 non
1271 2023 1317 2048 ex
1337 2010 1539 2048 communi
1560 2010 1781 2062 praescripto

385 2077 547 2114 civitatis
567 2089 879 2128 unamquamque
895 2090 975 2114 rem
989 2075 1283 2113 administrabit.
1305 2076 1437 2113 Postea
1452 2088 1618 2127 quaerere
1638 2088 1658 2112 a
1667 2075 1778 2127 judi-

384 2143 493 2180 cibus
513 2143 612 2194 ipsis,
635 2156 750 2194 quare
770 2143 809 2180 in
830 2142 961 2180 alienis
989 2142 1230 2179 detineantur
1250 2141 1438 2193 negotiis,
1469 2154 1538 2178 cur
1557 2141 1778 2193 reipublicae

386 2222 543 2246 munere
565 2209 836 2260 impediantur,
858 2222 951 2246 cum
972 2207 1104 2260 saepius
1125 2207 1199 2244 suis
1220 2207 1332 2245 rebus
1352 2216 1390 2244 et
1410 2207 1627 2244 commodis
1643 2207 1779 2245 servire

385 2274 521 2326 poffint
538 2293 548 2319 3
581 2288 648 2312 cur
665 2276 702 2312 in
719 2284 820 2312 certa
834 2274 944 2311 verba
954 2274 1085 2325 jurent
1099 2292 1110 2318 ;
1133 2286 1202 2311 cur
1221 2282 1325 2311 certo
1342 2283 1514 2325 tempore
1533 2273 1778 2318 conveniant,

384 2349 488 2377 certo
501 2339 711 2377 discedant:
735 2338 832 2377 nihil
846 2339 1048 2391 quisquam
1063 2338 1191 2377 afferat
1205 2337 1335 2383 causae,
1353 2352 1431 2391 quo
1446 2339 1576 2376 minus
1593 2337 1777 2391 frequen-

384 2416 439 2443 ter
454 2419 608 2457 operam
626 2405 846 2456 reipublicae
865 2405 942 2449 det,
958 2405 1026 2443 nisi
1045 2419 1129 2456 quae
1144 2404 1252 2442 causa
1268 2405 1307 2442 in
1321 2404 1403 2457 lege
1422 2414 1580 2457 excepta
1593 2405 1660 2450 fit,
1683 2418 1728 2442 an
1742 2404 1779 2442 se

383 2472 532 2523 legibus
553 2471 751 2508 obstrictos
769 2471 807 2508 in
834 2471 948 2508 tantis
969 2470 1150 2508 molestiis
1171 2469 1241 2508 effe
1261 2484 1417 2522 aequum
1436 2470 1623 2515 censeant,
1645 2470 1778 2508 adver—

381 2537 493 2574 sarios
511 2536 653 2574 nostros
671 2536 770 2588 leges
792 2535 984 2589 negligere
1004 2535 1230 2575 concedant.
1262 2536 1414 2575 Deinde
1430 2537 1525 2574 item
1545 2549 1710 2588 quaerere
1730 2536 1779 2574 ab
