2176 2912
425 208 501 245 206
779 206 891 244 DE
969 204 1474 247 ORATORE

423 312 443 335 a
463 299 581 350 vulgo
611 298 789 350 intelligi.
842 299 886 336 In
918 297 1173 352 Philosophos
1194 299 1330 338 vestros
1361 300 1387 339 fi
1412 300 1565 353 quando
1591 296 1724 345 incidi,
1754 301 1821 339 de-

423 373 556 416 ceptus
578 364 770 402 indicibus
791 365 993 409 librorum,
1016 365 1121 417 quod
1137 366 1223 404 sunt
1243 365 1320 404 fere
1341 367 1513 419 inscripti
1533 366 1579 404 de
1596 367 1707 404 rebus
1722 368 1822 405 notis

423 437 461 466 et
482 429 705 474 illustribus,
729 430 774 468 de
795 431 948 475 virtute,
980 431 1026 468 de
1044 431 1204 483 justitia,
1236 432 1281 470 de
1301 431 1506 477 honestate,
1537 432 1584 470 de
1614 433 1823 486 voluptate,

425 496 586 533 verbum
607 496 754 548 prorsus
777 496 931 534 nullum
952 497 1151 550 intelligo;
1175 499 1226 535 ita
1242 498 1328 536 sunt
1344 499 1509 551 angustis
1521 507 1559 536 et
1574 499 1732 536 concifis
1747 498 1823 536 dis·
1865 535 1868 536 γ

425 562 688 613 putationibus
715 560 866 614 illigati.
928 563 1059 600 Poetas
1080 564 1254 608 omnino,
1290 565 1393 616 quasi
1422 565 1542 602 aliena
1559 564 1726 616 quadam
1746 565 1823 602 lin-

425 641 499 679 gua
520 628 682 672 locutos,
705 641 780 666 non
801 639 920 666 conor
938 630 1136 680 attingere.
1181 631 1286 668 Cum
1305 629 1365 667 his
1382 643 1445 667 me
1466 631 1528 681 (ut
1539 629 1638 682 dixi)
1660 630 1824 673 oblecto,

426 693 493 744 qui
514 707 569 731 res
589 693 721 745 gestas,
752 703 816 730 aut
836 694 904 746 qui
924 694 1112 731 orationes
1144 692 1371 746 scripserunt
1397 695 1491 739 suas,
1514 691 1579 732 aut
1599 695 1666 746 qui
1688 695 1740 732 ita
1765 695 1825 732 lo-

425 767 612 809 quuntur,
644 767 686 794 ut
707 758 905 795 videantur
925 757 1080 795 voluiffe
1105 757 1175 796 effe
1201 759 1325 804 nobis,
1357 760 1425 812 qui
1446 771 1523 797 non
1544 759 1675 798 sumus
1698 760 1825 798 erudi-

426 823 571 867 tiffimi,
594 822 811 861 familiares.
872 823 942 861 Sed
962 823 1056 862 illuc
1077 824 1200 862 redeo.

481 889 571 926 XV.
595 889 805 933 Videtisne,
820 898 1011 941 quantum
1023 903 1165 928 munus
1178 890 1223 928 fit
1242 891 1399 929 oratoris
1420 890 1574 929 historia
1589 892 1601 929 ?
1622 890 1723 930 haud
1736 891 1826 936 scio,

425 967 474 991 an
488 954 647 991 flumine
659 954 853 998 orationis,
868 963 905 991 et
918 955 1093 992 varietate
1109 956 1339 993 maximum.
1363 956 1504 1009 Neque
1521 966 1649 994 tamen
1665 970 1750 995 eam
1765 971 1825 995 re-

428 1020 534 1071 perio
547 1019 707 1071 usquam
725 1019 922 1072 separatim
938 1019 1159 1058 instructam
1176 1020 1396 1059 Rhetorum
1416 1023 1612 1074 praeceptis
1629 1037 1637 1060 :
1661 1022 1728 1060 sita
1742 1023 1828 1060 sunt

427 1085 534 1122 enim
554 1094 639 1122 ante
659 1085 806 1123 oculos.
839 1085 945 1123 Nam
962 1086 1047 1137 quis
1068 1086 1198 1130 nescit,
1230 1087 1396 1138 primam
1416 1086 1485 1125 effe
1504 1085 1668 1124 historiae
1688 1087 1826 1140 legem,

429 1160 477 1188 ne
494 1151 589 1202 quid
608 1150 689 1188 falfi
707 1151 830 1188 dicere
850 1151 1009 1196 audeat;
1041 1151 1191 1196 deinde,
1214 1165 1260 1189 ne
1280 1153 1376 1203 quid
1396 1153 1472 1190 veri
1493 1166 1569 1190 non
1591 1153 1724 1190 audeat
1739 1172 1751 1198 5
1783 1166 1830 1191 ne

429 1230 505 1267 qua
525 1216 683 1268 suspicio
702 1217 831 1268 gratiae
851 1216 895 1254 fit
915 1217 954 1254 in
975 1216 1197 1261 scribend03
1220 1230 1268 1254 ne
1288 1230 1364 1269 qua
1379 1218 1608 1256 simultatis?
1638 1219 1735 1257 Haec
1756 1218 1829 1256 sci—

429 1282 520 1319 licet
541 1281 788 1320 fundamenta
808 1291 897 1320 nota
917 1283 1003 1320 sunt
1022 1283 1219 1320 omnibus.

487 1349 570 1401 Ipsa
589 1358 717 1386 autem
737 1348 988 1386 exaedificatio
1017 1349 1136 1401 posita
1154 1349 1205 1387 est
1229 1350 1268 1386 in
1289 1350 1400 1388 rebus
1429 1359 1466 1388 et
1497 1350 1637 1388 verbis.
1684 1350 1832 1388 Rerum

431 1416 527 1453 ratio
565 1415 740 1453 ordinem
779 1424 999 1467 temporum
1038 1415 1231 1460 desiderat,
1275 1417 1477 1469 regionum
1512 1417 1830 1470 descriptionem:

432 1482 516 1519 vult
536 1484 666 1525 etiam,
699 1482 882 1532 quoniam
913 1482 952 1519 in
985 1482 1095 1519 rebus
1117 1483 1279 1534 magnis,
1302 1484 1565 1534 memoriaque
1585 1483 1711 1535 dignis
1735 1496 1831 1520 con-

433 1547 511 1586 filia
542 1548 728 1599 primum,
771 1547 907 1584 deinde
941 1549 1034 1590 aeta,
1065 1547 1188 1598 postea
1218 1557 1374 1585 eventus
1413 1551 1673 1601 expectantur,
1715 1558 1753 1586 et
1787 1549 1834 1586 de

433 1613 599 1651 confiliis
620 1613 823 1665 significari
852 1612 947 1664 quid
968 1612 1126 1664 scriptor
1147 1613 1295 1665 probet,
1324 1623 1360 1651 et
1380 1615 1420 1651 in
1441 1615 1553 1651 rebus
1574 1614 1684 1666 gestis
1705 1614 1833 1652 decla-

433 1680 505 1718 rari
526 1693 601 1717 non
623 1679 746 1716 solum
767 1678 861 1730 quid
881 1680 1022 1723 aetum,
1060 1687 1124 1716 aut
1144 1679 1292 1717 dictum
1313 1679 1371 1724 fit,
1394 1680 1454 1717 sed
1469 1681 1585 1717 etiam
1607 1680 1803 1732 quomodo
1822 1695 1831 1719 :

433 1755 471 1783 et
491 1759 582 1783 cum
604 1745 649 1782 de
670 1753 806 1782 eventu
827 1744 988 1788 dicatur,
1012 1753 1054 1782 ut
1074 1745 1190 1782 causae
1211 1746 1450 1797 explicentur
1469 1759 1617 1790 omnes,
1639 1746 1697 1783 vel
1714 1746 1833 1791 cassis,

435 1811 491 1848 vel
515 1811 717 1862 sapientiae,
748 1810 806 1847 vel
829 1810 1072 1847 temeritatis:
1105 1809 1390 1862 hominumque
1417 1811 1585 1863 ipsorum
1613 1825 1688 1849 non
1710 1811 1835 1849 solum

436 1890 492 1914 res
509 1876 631 1928 gestae,
664 1876 724 1913 sed
744 1877 872 1920 etiam,
905 1877 971 1928 qui
992 1875 1094 1913 fama
1114 1889 1155 1914 ac
1177 1876 1334 1915 nomine
1353 1877 1555 1922 excellant,
1578 1877 1624 1915 de
1649 1878 1836 1931 cujusque

435 1943 526 1986 vita,
557 1940 670 1993 atque
691 1951 834 1979 natura.

491 2008 711 2046 Verborum
732 2018 858 2046 autem
881 2010 988 2053 ratio,
1018 2017 1056 2045 et
1076 2021 1195 2060 genus
1216 2009 1410 2052 orationis,
1441 2008 1571 2046 fusum
1602 2018 1714 2060 atque
1736 2019 1834 2048 trac—

437 2084 537 2119 tum,
569 2084 605 2112 et
625 2088 715 2112 cum
736 2074 891 2112 lenitate
912 2074 1076 2126 quadam
1103 2074 1281 2125 aequabili
1309 2074 1514 2126 profluens,
1544 2074 1618 2111 fine
1640 2074 1710 2112 hac
1726 2076 1835 2127 judi-

437 2140 524 2177 ciali
546 2141 752 2191 asperitate,
767 2149 803 2177 et
822 2140 894 2176 sine
916 2140 1186 2177 sententiarum
1206 2139 1414 2177 forensium
1434 2140 1587 2184 aculeis,
1607 2140 1835 2192 persequen-

439 2206 531 2242 dum
553 2209 616 2242 cst.
651 2206 801 2242 Harum
821 2214 890 2249 tot,
910 2213 1177 2256 tantarumque
1196 2218 1323 2242 rerum
1337 2204 1517 2242 videtisne
1534 2206 1640 2243 nulla
1654 2205 1723 2243 effe
1740 2221 1836 2258 prae—

439 2280 562 2323 cepta,
599 2284 683 2321 qua·
706 2271 742 2307 in
765 2271 907 2307 artibus
926 2269 1143 2308 Rhetorum
1165 2271 1396 2323 reperiantur
1415 2271 1427 2308 ?
1460 2271 1504 2309 In
1531 2272 1668 2309 eodem
1688 2272 1838 2310 filentio

441 2338 563 2375 multa
583 2337 653 2373 alia
674 2346 866 2373 oratorum
886 2336 1011 2373 officia
1032 2337 1248 2387 jacuerunt,
1278 2336 1574 2382 cohortationes,
1605 2337 1836 2376 consolatio-

443 2416 521 2447 neS,
552 2412 750 2455 praecepta,
771 2403 979 2447 admonita,
1001 2416 1085 2454 quae
1105 2402 1296 2440 tractanda
1322 2403 1406 2440 sunt
1427 2404 1557 2441 omnia
1577 2403 1809 2442 disertiffime
1822 2424 1834 2450 3

441 2469 504 2507 sed
525 2468 653 2507 locum
675 2468 785 2506 suum
803 2469 842 2506 in
860 2468 933 2505 illis
955 2468 1112 2512 artibus,
1129 2481 1214 2520 quae
1233 2468 1377 2507 traditae
1390 2469 1490 2514 sunt,
1508 2468 1650 2508 habent
1666 2469 1834 2509 nullum.
