<?xml version="1.0" encoding="UTF-8"?>
<!DOCTYPE html PUBLIC "-//W3C//DTD XHTML 1.0 Transitional//EN"
    "http://www.w3.org/TR/xhtml1/DTD/xhtml1-transitional.dtd">
<html xmlns="http://www.w3.org/1999/xhtml" xml:lang="en" lang="en">
 <head>
  <title>
</title>
<meta http-equiv="Content-Type" content="text/html;charset=utf-8" />
  <meta name='ocr-system' content='tesseract 3.04.00' />
  <meta name='ocr-capabilities' content='ocr_page ocr_carea ocr_par ocr_line ocrx_word'/>
</head>
<body>
  <div class='ocr_page' id='page_1' title='image "./operacumindicibu01ciceuoft_0495.png"; bbox 0 0 2176 2912; ppageno 0'>
   <div class='ocr_carea' id='block_1_1' title="bbox 926 177 1152 232">
    <p class='ocr_par' dir='ltr' id='par_1_1' title="bbox 926 177 1152 232">
     <span class='ocr_line' id='line_1_1' title="bbox 926 177 1152 232; baseline 0.009 -2"><span class='ocrx_word' id='word_1_1' title='bbox 926 177 1152 232; x_wconf 76' lang='lat'>[483]</span> 
     </span>
    </p>
   </div>
   <div class='ocr_carea' id='block_1_2' title="bbox 475 473 1618 556">
    <p class='ocr_par' dir='ltr' id='par_1_2' title="bbox 475 473 1618 556">
     <span class='ocr_line' id='line_1_2' title="bbox 475 473 1618 556; baseline 0.003 -5"><span class='ocrx_word' id='word_1_2' title='bbox 475 473 1618 556; x_wconf 87' lang='lat' dir='ltr'><strong>TOPICA.</strong></span> 
     </span>
    </p>
   </div>
   <div class='ocr_carea' id='block_1_3' title="bbox 599 806 1491 853">
    <p class='ocr_par' dir='ltr' id='par_1_3' title="bbox 599 806 1491 853">
     <span class='ocr_line' id='line_1_3' title="bbox 599 806 1491 853; baseline 0.001 -1"><span class='ocrx_word' id='word_1_3' title='bbox 599 806 710 852; x_wconf 91' lang='lat' dir='ltr'>AD</span> <span class='ocrx_word' id='word_1_4' title='bbox 780 806 835 853; x_wconf 91' lang='lat' dir='ltr'>C.</span> <span class='ocrx_word' id='word_1_5' title='bbox 910 806 1491 853; x_wconf 83' lang='lat' dir='ltr'><strong>TREBATIUM.</strong></span> 
     </span>
    </p>
   </div>
   <div class='ocr_carea' id='block_1_4' title="bbox 345 1124 1746 1262">
    <p class='ocr_par' dir='ltr' id='par_1_4' title="bbox 345 1124 1746 1262">
     <span class='ocr_line' id='line_1_4' title="bbox 345 1124 1746 1262; baseline 0.004 -100"><span class='ocrx_word' id='word_1_6' title='bbox 345 1133 379 1172; x_wconf 66' lang='lat'>1,</span> <span class='ocrx_word' id='word_1_7' title='bbox 394 1126 606 1262; x_wconf 84' lang='lat' dir='ltr'>MA</span> <span class='ocrx_word' id='word_1_8' title='bbox 619 1124 642 1177; x_wconf 88' lang='lat' dir='ltr'>J</span> <span class='ocrx_word' id='word_1_9' title='bbox 657 1124 694 1163; x_wconf 95' lang='lat' dir='ltr'>O</span> <span class='ocrx_word' id='word_1_10' title='bbox 709 1124 746 1163; x_wconf 92' lang='lat' dir='ltr'>R</span> <span class='ocrx_word' id='word_1_11' title='bbox 760 1125 793 1163; x_wconf 92' lang='lat' dir='ltr'>E</span> <span class='ocrx_word' id='word_1_12' title='bbox 808 1125 831 1164; x_wconf 91' lang='lat' dir='ltr'>S</span> <span class='ocrx_word' id='word_1_13' title='bbox 862 1137 931 1163; x_wconf 89' lang='lat' dir='ltr'>nos</span> <span class='ocrx_word' id='word_1_14' title='bbox 957 1137 1014 1164; x_wconf 83' lang='lat' dir='ltr'>res</span> <span class='ocrx_word' id='word_1_15' title='bbox 1034 1124 1195 1165; x_wconf 89' lang='lat' dir='ltr'>scribere</span> <span class='ocrx_word' id='word_1_16' title='bbox 1216 1124 1410 1179; x_wconf 70' lang='lat' dir='ltr'>ingressos,</span> <span class='ocrx_word' id='word_1_17' title='bbox 1441 1126 1490 1166; x_wconf 91' lang='lat' dir='ltr'>C.</span> <span class='ocrx_word' id='word_1_18' title='bbox 1511 1126 1687 1172; x_wconf 80' lang='lat' dir='ltr'><strong>Trebati,</strong></span> <span class='ocrx_word' id='word_1_19' title='bbox 1707 1135 1746 1167; x_wconf 85' lang='lat' dir='ltr'>et</span> 
     </span>
    </p>
   </div>
   <div class='ocr_carea' id='block_1_5' title="bbox 343 1190 1749 2566">
    <p class='ocr_par' dir='ltr' id='par_1_5' title="bbox 596 1190 1745 1245">
     <span class='ocr_line' id='line_1_5' title="bbox 596 1190 1745 1245; baseline 0.004 -17"><span class='ocrx_word' id='word_1_20' title='bbox 596 1191 642 1229; x_wconf 87' lang='lat' dir='ltr'>iis</span> <span class='ocrx_word' id='word_1_21' title='bbox 663 1190 786 1237; x_wconf 90' lang='lat' dir='ltr'>libris,</span> <span class='ocrx_word' id='word_1_22' title='bbox 818 1204 916 1244; x_wconf 88' lang='lat' dir='ltr'>quos</span> <span class='ocrx_word' id='word_1_23' title='bbox 936 1191 1041 1230; x_wconf 89' lang='lat' dir='ltr'>brevi</span> <span class='ocrx_word' id='word_1_24' title='bbox 1061 1200 1234 1245; x_wconf 90' lang='lat' dir='ltr'>tempore</span> <span class='ocrx_word' id='word_1_25' title='bbox 1254 1192 1340 1231; x_wconf 83' lang='lat' dir='ltr'>satis</span> <span class='ocrx_word' id='word_1_26' title='bbox 1360 1192 1506 1232; x_wconf 90' lang='lat' dir='ltr'>multos</span> <span class='ocrx_word' id='word_1_27' title='bbox 1536 1193 1745 1239; x_wconf 86' lang='lat' dir='ltr'>edidimus,</span> 
     </span>
    </p>

    <p class='ocr_par' dir='ltr' id='par_1_6' title="bbox 343 1257 1749 2566">
     <span class='ocr_line' id='line_1_6' title="bbox 594 1257 1746 1311; baseline 0.004 -17"><span class='ocrx_word' id='word_1_28' title='bbox 594 1257 800 1310; x_wconf 88' lang='lat' dir='ltr'>digniores,</span> <span class='ocrx_word' id='word_1_29' title='bbox 829 1270 851 1295; x_wconf 92' lang='lat' dir='ltr'>e</span> <span class='ocrx_word' id='word_1_30' title='bbox 870 1257 981 1296; x_wconf 86' lang='lat' dir='ltr'>cursu</span> <span class='ocrx_word' id='word_1_31' title='bbox 1001 1258 1082 1311; x_wconf 90' lang='lat' dir='ltr'>ipso</span> <span class='ocrx_word' id='word_1_32' title='bbox 1102 1258 1292 1297; x_wconf 87' lang='lat' dir='ltr'>revocavit</span> <span class='ocrx_word' id='word_1_33' title='bbox 1309 1258 1485 1298; x_wconf 88' lang='lat' dir='ltr'>voluntas</span> <span class='ocrx_word' id='word_1_34' title='bbox 1511 1268 1589 1299; x_wconf 88' lang='lat' dir='ltr'>tua.</span> <span class='ocrx_word' id='word_1_35' title='bbox 1640 1260 1746 1299; x_wconf 89' lang='lat' dir='ltr'>Cum</span> 
     </span>
     <span class='ocr_line' id='line_1_7' title="bbox 343 1322 1746 1378; baseline 0.002 -18"><span class='ocrx_word' id='word_1_36' title='bbox 343 1322 451 1361; x_wconf 85' lang='lat' dir='ltr'>enim</span> <span class='ocrx_word' id='word_1_37' title='bbox 483 1335 641 1360; x_wconf 89' lang='lat' dir='ltr'>mecum</span> <span class='ocrx_word' id='word_1_38' title='bbox 671 1323 712 1360; x_wconf 89' lang='lat' dir='ltr'>in</span> <span class='ocrx_word' id='word_1_39' title='bbox 742 1322 965 1361; x_wconf 90' lang='lat' dir='ltr'>Tusculano</span> <span class='ocrx_word' id='word_1_40' title='bbox 993 1323 1096 1368; x_wconf 86' lang='lat' dir='ltr'>effes,</span> <span class='ocrx_word' id='word_1_41' title='bbox 1137 1332 1175 1362; x_wconf 90' lang='lat' dir='ltr'>et</span> <span class='ocrx_word' id='word_1_42' title='bbox 1205 1323 1246 1362; x_wconf 87' lang='lat' dir='ltr'>in</span> <span class='ocrx_word' id='word_1_43' title='bbox 1280 1323 1518 1363; x_wconf 88' lang='lat' dir='ltr'>bibliotheca</span> <span class='ocrx_word' id='word_1_44' title='bbox 1546 1324 1746 1378; x_wconf 89' lang='lat' dir='ltr'>separatim</span> 
     </span>
     <span class='ocr_line' id='line_1_8' title="bbox 346 1387 1745 1442; baseline 0.001 -16"><span class='ocrx_word' id='word_1_45' title='bbox 346 1396 507 1441; x_wconf 87' lang='lat' dir='ltr'>uterque</span> <span class='ocrx_word' id='word_1_46' title='bbox 526 1387 700 1426; x_wconf 67' lang='lat' dir='ltr'>nostrum</span> <span class='ocrx_word' id='word_1_47' title='bbox 729 1389 775 1426; x_wconf 91' lang='lat' dir='ltr'>ad</span> <span class='ocrx_word' id='word_1_48' title='bbox 798 1389 911 1427; x_wconf 90' lang='lat' dir='ltr'>suum</span> <span class='ocrx_word' id='word_1_49' title='bbox 930 1388 1100 1428; x_wconf 89' lang='lat' dir='ltr'>studium</span> <span class='ocrx_word' id='word_1_50' title='bbox 1120 1389 1286 1434; x_wconf 85' lang='lat' dir='ltr'>libellos,</span> <span class='ocrx_word' id='word_1_51' title='bbox 1314 1403 1410 1442; x_wconf 90' lang='lat' dir='ltr'>quos</span> <span class='ocrx_word' id='word_1_52' title='bbox 1431 1389 1562 1435; x_wconf 88' lang='lat' dir='ltr'>vellet,</span> <span class='ocrx_word' id='word_1_53' title='bbox 1591 1389 1745 1429; x_wconf 85' lang='lat' dir='ltr'>evolve-</span> 
     </span>
     <span class='ocr_line' id='line_1_9' title="bbox 345 1455 1748 1510; baseline 0.002 -17"><span class='ocrx_word' id='word_1_54' title='bbox 345 1464 415 1501; x_wconf 88' lang='lat' dir='ltr'>ret,</span> <span class='ocrx_word' id='word_1_55' title='bbox 446 1455 615 1494; x_wconf 89' lang='lat' dir='ltr'>incidisti</span> <span class='ocrx_word' id='word_1_56' title='bbox 648 1456 689 1494; x_wconf 91' lang='lat' dir='ltr'>in</span> <span class='ocrx_word' id='word_1_57' title='bbox 721 1456 935 1494; x_wconf 89' lang='lat' dir='ltr'>Aristotelis</span> <span class='ocrx_word' id='word_1_58' title='bbox 969 1456 1120 1510; x_wconf 87' lang='lat' dir='ltr'>Topica</span> <span class='ocrx_word' id='word_1_59' title='bbox 1149 1456 1340 1509; x_wconf 87' lang='lat' dir='ltr'>quaedam,</span> <span class='ocrx_word' id='word_1_60' title='bbox 1372 1470 1456 1509; x_wconf 85' lang='lat' dir='ltr'>quae</span> <span class='ocrx_word' id='word_1_61' title='bbox 1482 1457 1569 1496; x_wconf 89' lang='lat' dir='ltr'>sunt</span> <span class='ocrx_word' id='word_1_62' title='bbox 1599 1456 1646 1495; x_wconf 94' lang='lat' dir='ltr'>ab</span> <span class='ocrx_word' id='word_1_63' title='bbox 1677 1457 1748 1496; x_wconf 92' lang='lat' dir='ltr'>illo</span> 
     </span>
     <span class='ocr_line' id='line_1_10' title="bbox 343 1521 1748 1575; baseline 0.001 -16"><span class='ocrx_word' id='word_1_64' title='bbox 343 1521 522 1575; x_wconf 86' lang='lat' dir='ltr'>pluribus</span> <span class='ocrx_word' id='word_1_65' title='bbox 542 1521 650 1559; x_wconf 76' lang='lat' dir='ltr'>libris</span> <span class='ocrx_word' id='word_1_66' title='bbox 671 1522 872 1574; x_wconf 81' lang='lat' dir='ltr'>explicata.</span> <span class='ocrx_word' id='word_1_67' title='bbox 928 1523 1017 1573; x_wconf 84' lang='lat' dir='ltr'>Qa</span> <span class='ocrx_word' id='word_1_68' title='bbox 1036 1522 1284 1574; x_wconf 88' lang='lat' dir='ltr'>inscriptione</span> <span class='ocrx_word' id='word_1_69' title='bbox 1303 1530 1542 1568; x_wconf 73' lang='lat' dir='ltr'>commotuS,</span> <span class='ocrx_word' id='word_1_70' title='bbox 1559 1523 1748 1561; x_wconf 89' lang='lat' dir='ltr'>continuo</span> 
     </span>
     <span class='ocr_line' id='line_1_11' title="bbox 344 1586 1748 1639; baseline 0.001 -14"><span class='ocrx_word' id='word_1_71' title='bbox 344 1600 366 1624; x_wconf 91' lang='lat' dir='ltr'>a</span> <span class='ocrx_word' id='word_1_72' title='bbox 395 1600 460 1625; x_wconf 90' lang='lat' dir='ltr'>me</span> <span class='ocrx_word' id='word_1_73' title='bbox 491 1600 627 1625; x_wconf 90' lang='lat' dir='ltr'>eorum</span> <span class='ocrx_word' id='word_1_74' title='bbox 657 1586 846 1625; x_wconf 82' lang='lat' dir='ltr'>librorum</span> <span class='ocrx_word' id='word_1_75' title='bbox 876 1586 1102 1625; x_wconf 87' lang='lat' dir='ltr'>sententiam</span> <span class='ocrx_word' id='word_1_76' title='bbox 1133 1586 1330 1639; x_wconf 89' lang='lat' dir='ltr'>requifisti.</span> <span class='ocrx_word' id='word_1_77' title='bbox 1390 1588 1523 1639; x_wconf 84' lang='lat' dir='ltr'>Qam</span> <span class='ocrx_word' id='word_1_78' title='bbox 1554 1588 1627 1627; x_wconf 89' lang='lat' dir='ltr'>tibi</span> <span class='ocrx_word' id='word_1_79' title='bbox 1654 1601 1748 1627; x_wconf 90' lang='lat' dir='ltr'>cum</span> 
     </span>
     <span class='ocr_line' id='line_1_12' title="bbox 343 1652 1748 1706; baseline 0.001 -15"><span class='ocrx_word' id='word_1_80' title='bbox 343 1652 608 1706; x_wconf 81' lang='lat' dir='ltr'>exposuissem,</span> <span class='ocrx_word' id='word_1_81' title='bbox 639 1652 883 1705; x_wconf 89' lang='lat' dir='ltr'>disciplinam</span> <span class='ocrx_word' id='word_1_82' title='bbox 901 1652 1220 1691; x_wconf 89' lang='lat' dir='ltr'>inveniendorum</span> <span class='ocrx_word' id='word_1_83' title='bbox 1240 1662 1572 1706; x_wconf 88' lang='lat' dir='ltr'>argumentorum,</span> <span class='ocrx_word' id='word_1_84' title='bbox 1602 1662 1646 1692; x_wconf 90' lang='lat' dir='ltr'>ut</span> <span class='ocrx_word' id='word_1_85' title='bbox 1670 1653 1748 1692; x_wconf 84' lang='lat' dir='ltr'>sme</span> 
     </span>
     <span class='ocr_line' id='line_1_13' title="bbox 345 1718 1746 1771; baseline 0.001 -14"><span class='ocrx_word' id='word_1_86' title='bbox 345 1719 428 1757; x_wconf 90' lang='lat' dir='ltr'>ullo</span> <span class='ocrx_word' id='word_1_87' title='bbox 447 1733 571 1757; x_wconf 85' lang='lat' dir='ltr'>errore</span> <span class='ocrx_word' id='word_1_88' title='bbox 591 1719 636 1757; x_wconf 87' lang='lat' dir='ltr'>ad</span> <span class='ocrx_word' id='word_1_89' title='bbox 656 1732 741 1757; x_wconf 89' lang='lat' dir='ltr'>eam</span> <span class='ocrx_word' id='word_1_90' title='bbox 761 1719 948 1757; x_wconf 90' lang='lat' dir='ltr'>rationem</span> <span class='ocrx_word' id='word_1_91' title='bbox 979 1718 1040 1756; x_wconf 68' lang='lat' dir='ltr'>via</span> <span class='ocrx_word' id='word_1_92' title='bbox 1069 1718 1354 1771; x_wconf 83' lang='lat' dir='ltr'>perveniremus</span> <span class='ocrx_word' id='word_1_93' title='bbox 1386 1720 1433 1758; x_wconf 87' lang='lat' dir='ltr'>ab</span> <span class='ocrx_word' id='word_1_94' title='bbox 1454 1719 1657 1759; x_wconf 80' lang='lat' dir='ltr'>Aristotele</span> <span class='ocrx_word' id='word_1_95' title='bbox 1682 1720 1746 1758; x_wconf 92' lang='lat' dir='ltr'>in-</span> 
     </span>
     <span class='ocr_line' id='line_1_14' title="bbox 345 1784 1747 1838; baseline 0.001 -16"><span class='ocrx_word' id='word_1_96' title='bbox 345 1784 472 1829; x_wconf 70' lang='lat' dir='ltr'>venta,</span> <span class='ocrx_word' id='word_1_97' title='bbox 494 1785 602 1823; x_wconf 89' lang='lat' dir='ltr'>libris</span> <span class='ocrx_word' id='word_1_98' title='bbox 623 1784 699 1822; x_wconf 85' lang='lat' dir='ltr'>illis</span> <span class='ocrx_word' id='word_1_99' title='bbox 721 1785 909 1823; x_wconf 88' lang='lat' dir='ltr'>contineri</span> <span class='ocrx_word' id='word_1_100' title='bbox 925 1802 936 1829; x_wconf 63' lang='grc' dir='ltr'><strong><em>ς</em></strong></span> <span class='ocrx_word' id='word_1_101' title='bbox 965 1784 1178 1823; x_wconf 86' lang='lat' dir='ltr'>verecunde</span> <span class='ocrx_word' id='word_1_102' title='bbox 1198 1794 1241 1823; x_wconf 90' lang='lat' dir='ltr'>tu</span> <span class='ocrx_word' id='word_1_103' title='bbox 1260 1785 1433 1838; x_wconf 88' lang='lat' dir='ltr'>quidem,</span> <span class='ocrx_word' id='word_1_104' title='bbox 1456 1794 1499 1824; x_wconf 89' lang='lat' dir='ltr'>ut</span> <span class='ocrx_word' id='word_1_105' title='bbox 1518 1786 1662 1831; x_wconf 79' lang='lat' dir='ltr'>omnia,</span> <span class='ocrx_word' id='word_1_106' title='bbox 1685 1785 1747 1824; x_wconf 90' lang='lat' dir='ltr'>sed</span> 
     </span>
     <span class='ocr_line' id='line_1_15' title="bbox 344 1850 1749 1898; baseline 0.001 -9"><span class='ocrx_word' id='word_1_107' title='bbox 344 1859 474 1890; x_wconf 80' lang='lat' dir='ltr'>tamen</span> <span class='ocrx_word' id='word_1_108' title='bbox 506 1861 549 1889; x_wconf 88' lang='lat' dir='ltr'>ut</span> <span class='ocrx_word' id='word_1_109' title='bbox 567 1850 680 1889; x_wconf 86' lang='lat' dir='ltr'>facile</span> <span class='ocrx_word' id='word_1_110' title='bbox 710 1864 904 1889; x_wconf 85' lang='lat' dir='ltr'>cernerem</span> <span class='ocrx_word' id='word_1_111' title='bbox 936 1859 973 1888; x_wconf 91' lang='lat' dir='ltr'>te</span> <span class='ocrx_word' id='word_1_112' title='bbox 1006 1850 1133 1888; x_wconf 88' lang='lat' dir='ltr'>ardere</span> <span class='ocrx_word' id='word_1_113' title='bbox 1152 1850 1289 1896; x_wconf 88' lang='lat' dir='ltr'>studio,</span> <span class='ocrx_word' id='word_1_114' title='bbox 1319 1865 1490 1898; x_wconf 88' lang='lat' dir='ltr'>mecum,</span> <span class='ocrx_word' id='word_1_115' title='bbox 1512 1861 1555 1890; x_wconf 92' lang='lat' dir='ltr'>ut</span> <span class='ocrx_word' id='word_1_116' title='bbox 1576 1852 1648 1891; x_wconf 88' lang='lat' dir='ltr'>tibi</span> <span class='ocrx_word' id='word_1_117' title='bbox 1680 1851 1749 1890; x_wconf 88' lang='lat' dir='ltr'>illa</span> 
     </span>
     <span class='ocr_line' id='line_1_16' title="bbox 346 1916 1747 1970; baseline -0.001 -15"><span class='ocrx_word' id='word_1_118' title='bbox 346 1917 547 1962; x_wconf 85' lang='lat' dir='ltr'>traderem,</span> <span class='ocrx_word' id='word_1_119' title='bbox 568 1916 689 1970; x_wconf 86' lang='lat' dir='ltr'>egisti.</span> <span class='ocrx_word' id='word_1_120' title='bbox 723 1918 828 1955; x_wconf 90' lang='lat' dir='ltr'>Cum</span> <span class='ocrx_word' id='word_1_121' title='bbox 848 1925 978 1954; x_wconf 90' lang='lat' dir='ltr'>autem</span> <span class='ocrx_word' id='word_1_122' title='bbox 999 1929 1069 1969; x_wconf 88' lang='lat' dir='ltr'>ego</span> <span class='ocrx_word' id='word_1_123' title='bbox 1091 1925 1127 1955; x_wconf 91' lang='lat' dir='ltr'>te</span> <span class='ocrx_word' id='word_1_124' title='bbox 1147 1929 1224 1954; x_wconf 90' lang='lat' dir='ltr'>non</span> <span class='ocrx_word' id='word_1_125' title='bbox 1246 1926 1325 1954; x_wconf 90' lang='lat' dir='ltr'>tam</span> <span class='ocrx_word' id='word_1_126' title='bbox 1345 1918 1489 1955; x_wconf 87' lang='lat' dir='ltr'>vitandi</span> <span class='ocrx_word' id='word_1_127' title='bbox 1510 1918 1649 1956; x_wconf 83' lang='lat' dir='ltr'>laboris</span> <span class='ocrx_word' id='word_1_128' title='bbox 1670 1916 1747 1955; x_wconf 88' lang='lat' dir='ltr'>mei</span> 
     </span>
     <span class='ocr_line' id='line_1_17' title="bbox 345 1983 1749 2036; baseline -0.001 -14"><span class='ocrx_word' id='word_1_129' title='bbox 345 1983 468 2029; x_wconf 69' lang='lat' dir='ltr'>causa,</span> <span class='ocrx_word' id='word_1_130' title='bbox 500 1997 617 2036; x_wconf 88' lang='lat' dir='ltr'>quam</span> <span class='ocrx_word' id='word_1_131' title='bbox 638 1983 744 2036; x_wconf 77' lang='lat' dir='ltr'>quod</span> <span class='ocrx_word' id='word_1_132' title='bbox 779 1984 818 2021; x_wconf 93' lang='lat' dir='ltr'>id</span> <span class='ocrx_word' id='word_1_133' title='bbox 852 1984 917 2021; x_wconf 71' lang='lat' dir='ltr'>tua</span> <span class='ocrx_word' id='word_1_134' title='bbox 937 1983 1107 2021; x_wconf 82' lang='lat' dir='ltr'>intereffe</span> <span class='ocrx_word' id='word_1_135' title='bbox 1127 1983 1337 2027; x_wconf 85' lang='lat' dir='ltr'>arbitrarer,</span> <span class='ocrx_word' id='word_1_136' title='bbox 1369 1983 1427 2021; x_wconf 90' lang='lat' dir='ltr'>vel</span> <span class='ocrx_word' id='word_1_137' title='bbox 1460 1993 1501 2022; x_wconf 90' lang='lat' dir='ltr'>ut</span> <span class='ocrx_word' id='word_1_138' title='bbox 1531 1996 1594 2022; x_wconf 87' lang='lat' dir='ltr'>eos</span> <span class='ocrx_word' id='word_1_139' title='bbox 1615 1997 1683 2036; x_wconf 90' lang='lat' dir='ltr'>per</span> <span class='ocrx_word' id='word_1_140' title='bbox 1710 1992 1749 2021; x_wconf 87' lang='lat' dir='ltr'>te</span> 
     </span>
     <span class='ocr_line' id='line_1_18' title="bbox 345 2047 1748 2103; baseline -0.001 -15"><span class='ocrx_word' id='word_1_141' title='bbox 345 2050 423 2102; x_wconf 88' lang='lat' dir='ltr'>ipse</span> <span class='ocrx_word' id='word_1_142' title='bbox 443 2051 599 2103; x_wconf 87' lang='lat' dir='ltr'>legeres,</span> <span class='ocrx_word' id='word_1_143' title='bbox 630 2050 689 2087; x_wconf 92' lang='lat' dir='ltr'>vel</span> <span class='ocrx_word' id='word_1_144' title='bbox 710 2059 753 2087; x_wconf 92' lang='lat' dir='ltr'>ut</span> <span class='ocrx_word' id='word_1_145' title='bbox 772 2059 892 2087; x_wconf 89' lang='lat' dir='ltr'>totam</span> <span class='ocrx_word' id='word_1_146' title='bbox 913 2050 1099 2087; x_wconf 85' lang='lat' dir='ltr'>rationem</span> <span class='ocrx_word' id='word_1_147' title='bbox 1121 2062 1141 2086; x_wconf 89' lang='lat' dir='ltr'>a</span> <span class='ocrx_word' id='word_1_148' title='bbox 1161 2049 1374 2087; x_wconf 65' lang='lat' dir='ltr'>doftiffimo</span> <span class='ocrx_word' id='word_1_149' title='bbox 1395 2049 1563 2101; x_wconf 88' lang='lat' dir='ltr'>quodam</span> <span class='ocrx_word' id='word_1_150' title='bbox 1596 2047 1748 2087; x_wconf 88' lang='lat' dir='ltr'>rhetore</span> 
     </span>
     <span class='ocr_line' id='line_1_19' title="bbox 345 2115 1746 2169; baseline -0.001 -15"><span class='ocrx_word' id='word_1_151' title='bbox 345 2117 548 2169; x_wconf 87' lang='lat' dir='ltr'>acciperes,</span> <span class='ocrx_word' id='word_1_152' title='bbox 570 2115 744 2154; x_wconf 83' lang='lat' dir='ltr'>hortatus</span> <span class='ocrx_word' id='word_1_153' title='bbox 775 2116 886 2154; x_wconf 71' lang='lat' dir='ltr'>essem</span> <span class='ocrx_word' id='word_1_154' title='bbox 900 2134 912 2161; x_wconf 89' lang='lat'>;</span> <span class='ocrx_word' id='word_1_155' title='bbox 944 2125 1166 2167; x_wconf 89' lang='lat' dir='ltr'>utrumque,</span> <span class='ocrx_word' id='word_1_156' title='bbox 1202 2124 1243 2153; x_wconf 90' lang='lat' dir='ltr'>ut</span> <span class='ocrx_word' id='word_1_157' title='bbox 1263 2129 1282 2153; x_wconf 91' lang='lat' dir='ltr'>a</span> <span class='ocrx_word' id='word_1_158' title='bbox 1308 2125 1344 2153; x_wconf 91' lang='lat' dir='ltr'>te</span> <span class='ocrx_word' id='word_1_159' title='bbox 1371 2115 1586 2160; x_wconf 86' lang='lat' dir='ltr'>audiebam,</span> <span class='ocrx_word' id='word_1_160' title='bbox 1607 2128 1644 2153; x_wconf 89' lang='lat' dir='ltr'>es</span> <span class='ocrx_word' id='word_1_161' title='bbox 1677 2128 1746 2153; x_wconf 85' lang='lat' dir='ltr'>ex-</span> 
     </span>
     <span class='ocr_line' id='line_1_20' title="bbox 346 2181 1744 2234; baseline -0.001 -15"><span class='ocrx_word' id='word_1_162' title='bbox 346 2191 490 2234; x_wconf 87' lang='lat' dir='ltr'>pertus.</span> <span class='ocrx_word' id='word_1_163' title='bbox 522 2183 595 2221; x_wconf 89' lang='lat' dir='ltr'>Sed</span> <span class='ocrx_word' id='word_1_164' title='bbox 614 2195 634 2219; x_wconf 94' lang='lat' dir='ltr'>a</span> <span class='ocrx_word' id='word_1_165' title='bbox 653 2182 761 2221; x_wconf 87' lang='lat' dir='ltr'>libris</span> <span class='ocrx_word' id='word_1_166' title='bbox 783 2192 818 2220; x_wconf 92' lang='lat' dir='ltr'>te</span> <span class='ocrx_word' id='word_1_167' title='bbox 837 2182 1044 2220; x_wconf 86' lang='lat' dir='ltr'>obscuritas</span> <span class='ocrx_word' id='word_1_168' title='bbox 1066 2183 1194 2234; x_wconf 87' lang='lat' dir='ltr'>rejecit</span> <span class='ocrx_word' id='word_1_169' title='bbox 1213 2197 1221 2219; x_wconf 91' lang='lat'><strong>:</strong></span> <span class='ocrx_word' id='word_1_170' title='bbox 1255 2181 1383 2219; x_wconf 88' lang='lat' dir='ltr'>rhetor</span> <span class='ocrx_word' id='word_1_171' title='bbox 1402 2190 1531 2220; x_wconf 87' lang='lat' dir='ltr'>autem</span> <span class='ocrx_word' id='word_1_172' title='bbox 1548 2181 1614 2219; x_wconf 85' lang='lat' dir='ltr'>ille</span> <span class='ocrx_word' id='word_1_173' title='bbox 1635 2193 1744 2233; x_wconf 88' lang='lat' dir='ltr'>mag-</span> 
     </span>
     <span class='ocr_line' id='line_1_21' title="bbox 346 2246 1746 2301; baseline -0.002 -16"><span class='ocrx_word' id='word_1_174' title='bbox 346 2261 432 2292; x_wconf 86' lang='lat' dir='ltr'>nus,</span> <span class='ocrx_word' id='word_1_175' title='bbox 446 2247 541 2293; x_wconf 86' lang='lat' dir='ltr'>haec,</span> <span class='ocrx_word' id='word_1_176' title='bbox 556 2258 599 2286; x_wconf 93' lang='lat' dir='ltr'>ut</span> <span class='ocrx_word' id='word_1_177' title='bbox 616 2248 766 2301; x_wconf 83' lang='lat' dir='ltr'>opinor,</span> <span class='ocrx_word' id='word_1_178' title='bbox 783 2249 1023 2286; x_wconf 88' lang='lat' dir='ltr'>Aristotelica</span> <span class='ocrx_word' id='word_1_179' title='bbox 1042 2248 1076 2286; x_wconf 90' lang='lat' dir='ltr'>se</span> <span class='ocrx_word' id='word_1_180' title='bbox 1096 2250 1268 2301; x_wconf 87' lang='lat' dir='ltr'>ignorare</span> <span class='ocrx_word' id='word_1_181' title='bbox 1289 2247 1494 2300; x_wconf 84' lang='lat' dir='ltr'>respondit.</span> <span class='ocrx_word' id='word_1_182' title='bbox 1517 2246 1636 2299; x_wconf 85' lang='lat' dir='ltr'>Qod</span> <span class='ocrx_word' id='word_1_183' title='bbox 1656 2246 1746 2298; x_wconf 86' lang='lat' dir='ltr'>qui·</span> 
     </span>
     <span class='ocr_line' id='line_1_22' title="bbox 346 2310 1748 2366; baseline -0.002 -14"><span class='ocrx_word' id='word_1_184' title='bbox 346 2314 435 2351; x_wconf 87' lang='lat' dir='ltr'>dem</span> <span class='ocrx_word' id='word_1_185' title='bbox 456 2315 620 2352; x_wconf 88' lang='lat' dir='ltr'>minime</span> <span class='ocrx_word' id='word_1_186' title='bbox 641 2315 724 2352; x_wconf 90' lang='lat' dir='ltr'>sum</span> <span class='ocrx_word' id='word_1_187' title='bbox 745 2314 966 2358; x_wconf 87' lang='lat' dir='ltr'>admiratus,</span> <span class='ocrx_word' id='word_1_188' title='bbox 997 2328 1088 2352; x_wconf 87' lang='lat' dir='ltr'>eum</span> <span class='ocrx_word' id='word_1_189' title='bbox 1110 2312 1391 2366; x_wconf 82' lang='lat' dir='ltr'>Philosophum</span> <span class='ocrx_word' id='word_1_190' title='bbox 1418 2312 1561 2352; x_wconf 88' lang='lat' dir='ltr'>rhetori</span> <span class='ocrx_word' id='word_1_191' title='bbox 1580 2325 1657 2350; x_wconf 86' lang='lat' dir='ltr'>non</span> <span class='ocrx_word' id='word_1_192' title='bbox 1677 2310 1748 2349; x_wconf 84' lang='lat' dir='ltr'>esse</span> 
     </span>
     <span class='ocr_line' id='line_1_23' title="bbox 347 2380 1744 2433; baseline -0.003 -15"><span class='ocrx_word' id='word_1_193' title='bbox 347 2382 565 2432; x_wconf 83' lang='lat' dir='ltr'>cognitum,</span> <span class='ocrx_word' id='word_1_194' title='bbox 598 2381 665 2432; x_wconf 89' lang='lat' dir='ltr'>qui</span> <span class='ocrx_word' id='word_1_195' title='bbox 696 2381 742 2418; x_wconf 88' lang='lat' dir='ltr'>ab</span> <span class='ocrx_word' id='word_1_196' title='bbox 773 2381 860 2433; x_wconf 85' lang='lat' dir='ltr'>ipfis</span> <span class='ocrx_word' id='word_1_197' title='bbox 892 2380 1150 2433; x_wconf 83' lang='lat' dir='ltr'>Philosophis‚</span> <span class='ocrx_word' id='word_1_198' title='bbox 1184 2390 1314 2432; x_wconf 80' lang='lat' dir='ltr'>praeter</span> <span class='ocrx_word' id='word_1_199' title='bbox 1347 2380 1557 2418; x_wconf 89' lang='lat' dir='ltr'>admodum</span> <span class='ocrx_word' id='word_1_200' title='bbox 1590 2390 1744 2430; x_wconf 88' lang='lat' dir='ltr'>paucos,</span> 
     </span>
     <span class='ocr_line' id='line_1_24' title="bbox 348 2442 1747 2499; baseline -0.003 -15"><span class='ocrx_word' id='word_1_201' title='bbox 348 2447 556 2499; x_wconf 85' lang='lat' dir='ltr'>ignoretur.</span> <span class='ocrx_word' id='word_1_202' title='bbox 607 2446 761 2498; x_wconf 85' lang='lat' dir='ltr'>Qibus</span> <span class='ocrx_word' id='word_1_203' title='bbox 781 2459 826 2484; x_wconf 92' lang='lat' dir='ltr'>eo</span> <span class='ocrx_word' id='word_1_204' title='bbox 846 2447 975 2487; x_wconf 83' lang='lat' dir='ltr'>minus</span> <span class='ocrx_word' id='word_1_205' title='bbox 1009 2446 1285 2499; x_wconf 77' lang='lat' dir='ltr'>ignoscendum</span> <span class='ocrx_word' id='word_1_206' title='bbox 1305 2446 1370 2490; x_wconf 86' lang='lat' dir='ltr'>cst,</span> <span class='ocrx_word' id='word_1_207' title='bbox 1399 2445 1503 2497; x_wconf 85' lang='lat' dir='ltr'>quod</span> <span class='ocrx_word' id='word_1_208' title='bbox 1523 2457 1599 2481; x_wconf 89' lang='lat' dir='ltr'>non</span> <span class='ocrx_word' id='word_1_209' title='bbox 1630 2442 1747 2480; x_wconf 88' lang='lat' dir='ltr'>modo</span> 
     </span>
     <span class='ocr_line' id='line_1_25' title="bbox 348 2510 1749 2566; baseline -0.002 -15"><span class='ocrx_word' id='word_1_210' title='bbox 348 2513 459 2553; x_wconf 89' lang='lat' dir='ltr'>rebus</span> <span class='ocrx_word' id='word_1_211' title='bbox 489 2513 550 2560; x_wconf 87' lang='lat' dir='ltr'>iis,</span> <span class='ocrx_word' id='word_1_212' title='bbox 583 2526 667 2566; x_wconf 90' lang='lat' dir='ltr'>quae</span> <span class='ocrx_word' id='word_1_213' title='bbox 693 2514 741 2553; x_wconf 84' lang='lat' dir='ltr'>ab</span> <span class='ocrx_word' id='word_1_214' title='bbox 771 2512 840 2552; x_wconf 87' lang='lat' dir='ltr'>illo</span> <span class='ocrx_word' id='word_1_215' title='bbox 867 2514 975 2553; x_wconf 65' lang='lat' dir='ltr'>dictae</span> <span class='ocrx_word' id='word_1_216' title='bbox 995 2522 1032 2552; x_wconf 85' lang='lat' dir='ltr'>et</span> <span class='ocrx_word' id='word_1_217' title='bbox 1056 2513 1220 2553; x_wconf 74' lang='lat' dir='ltr'>inventae</span> <span class='ocrx_word' id='word_1_218' title='bbox 1241 2511 1471 2557; x_wconf 79' lang='lat' dir='ltr'>sunt,.allici</span> <span class='ocrx_word' id='word_1_219' title='bbox 1504 2510 1749 2554; x_wconf 64' lang='lat' dir='ltr'>debuerunt-s</span> 
     </span>
    </p>
   </div>
   <div class='ocr_carea' id='block_1_6' title="bbox 1266 2579 1441 2631">
    <p class='ocr_par' dir='ltr' id='par_1_7' title="bbox 1266 2579 1441 2631">
     <span class='ocr_line' id='line_1_26' title="bbox 1266 2579 1441 2631; baseline -0.011 -14"><span class='ocrx_word' id='word_1_220' title='bbox 1266 2579 1441 2631; x_wconf 81' lang='lat' dir='ltr'>Pppz</span> 
     </span>
    </p>
   </div>
  </div>
 </body>
</html>
