2176 2912
512 187 833 229 LIBER
909 193 1491 244 SECUNDUS.
1655 223 1706 265 95

298 276 415 323 scura,
438 277 477 316 in
498 280 818 322 consuetudinem
835 285 975 324 veniffe
987 306 999 332 ;
1031 289 1114 341 post
1136 299 1280 338 autem,
1302 296 1508 347 approbata
1528 303 1702 352 quaedam

293 357 313 381 a
337 344 625 391 consuetudine,
647 358 712 386 aut
732 350 820 388 vero
839 352 949 390 utilia
970 354 1057 400 visa,
1089 355 1241 409 legibus
1262 360 1333 398 effe
1353 361 1515 402 firmata.
1551 369 1611 406 Ac
1632 384 1698 407 na·-

293 418 385 448 turae
405 412 564 462 quidem
578 414 644 465 jus
668 415 733 461 est,
766 418 870 469 quod
891 420 1001 458 nobis
1023 435 1101 460 non
1128 425 1274 477 opinio,
1296 427 1358 465 sed
1376 430 1551 480 quaedam
1571 435 1701 475 innata

293 476 347 513 vis
382 476 525 524 afferat,
557 489 600 517 ut
636 481 879 534 religionem,
927 488 1124 538 pietatem,
1170 493 1350 544 gratiam,
1383 495 1698 549 vindicationem,

291 541 584 591 observantiam,
616 547 830 589 veritatem.

343 609 605 663 Religionem,
637 627 736 660 eam,
759 631 843 669 quae
865 619 904 656 in
927 631 1034 659 metu
1054 632 1092 661 et
1109 628 1335 665 caeremonia
1355 628 1515 670 deorum
1535 633 1594 679 fit,
1625 649 1696 689 ap-

287 674 444 726 pellant.
478 678 678 725 Pietatem,
700 695 785 733 quae
805 697 893 736 erga
912 688 1089 738 patriam,
1110 701 1174 728 aut
1194 704 1381 745 parenteS,
1411 706 1476 734 aut
1495 698 1587 738 alios
1607 701 1695 740 san-

285 741 402 792 guine
429 744 653 795 conjunctos
674 748 849 787 officium
880 752 1096 793 conservare
1127 769 1294 797 moneat.
1328 762 1519 810 Gratiam,
1547 780 1632 818 quae
1652 769 1693 809 in

286 808 475 846 memoria
501 818 539 846 et
559 815 864 852 remuneratione
884 817 1118 866 officiorum,
1150 834 1187 861 et
1207 823 1415 872 honorum,
1438 838 1476 867 et
1498 833 1692 873 amicitia-

284 885 386 917 rum,
429 874 703 916 observantiam
737 888 872 936 teneat.
925 884 1252 936 Vindicafionem,
1294 906 1361 944 per
1395 908 1513 946 quarn
1546 899 1627 938 vim
1651 913 1690 941 et

281 939 574 987 contumeliam,
613 943 850 985 defendendo
876 958 940 987 aut
972 951 1203 1001 ulciscendo,
1236 959 1500 1010 propulsamus
1531 978 1551 1002 a
1576 967 1687 1006 nobis

278 1013 318 1042 et
336 1018 356 1042 a
375 1005 524 1051 nostris,
556 1009 624 1060 qui
644 1011 755 1049 nobis
775 1013 845 1052 effe
865 1016 941 1054 cari
961 1017 1114 1065 debent,
1146 1031 1183 1059 et
1202 1036 1269 1075 per
1295 1037 1412 1076 quam
1433 1040 1587 1080 peccata
1607 1047 1683 1084 pu-

278 1069 422 1109 nimus
457 1072 762 1123 Observantiam,
784 1093 851 1131 per
871 1095 988 1133 quam
1010 1095 1129 1131 aetate,
1145 1098 1209 1126 aut
1224 1089 1418 1142 sapientia,
1440 1104 1505 1132 aut
1524 1094 1684 1145 honore,

278 1146 342 1174 aut
362 1137 488 1190 aliqua
508 1140 693 1192 dignitate
713 1147 973 1188 antecedentes
996 1165 1209 1193 reveremur
1229 1166 1267 1194 et
1290 1157 1470 1200 colimus.
1531 1163 1685 1204 Verita-

277 1210 370 1247 tem,
387 1217 453 1256 per
473 1219 589 1256 quam
610 1208 744 1248 damus
764 1225 933 1264 opera—m,
965 1230 1012 1254 ne
1032 1219 1126 1270 quid
1146 1221 1267 1268 aliter,
1290 1237 1408 1276 quam
1426 1228 1682 1270 confirmave-

275 1268 412 1314 rimus,
443 1270 523 1316 fiat,
555 1283 619 1311 aut
635 1273 796 1323 factum,
827 1290 891 1318 aut
910 1280 1090 1323 futurum
1110 1286 1167 1325 fit.

323 1336 386 1373 Ac
406 1345 548 1376 naturae
568 1340 725 1391 quidem
740 1344 828 1395 jura
846 1346 977 1386 minus
996 1349 1074 1401 ipsa
1094 1363 1316 1403 quaeruntur
1335 1358 1379 1396 ad
1399 1357 1499 1398 hanc
1520 1373 1679 1403 contro-

272 1401 440 1447 versiam,
464 1405 568 1456 quod
596 1421 720 1460 neque
737 1411 777 1448 in
805 1410 881 1450 hoc
899 1414 1009 1452 civi-li·
1018 1416 1106 1467 jure
1124 1420 1329 1468 versantur,
1352 1435 1389 1463 et
1409 1439 1429 1463 a
1448 1428 1595 1480 vulgari
1612 1431 1676 1468 in-

271 1467 481 1521 telligentia
500 1474 702 1512 remotiora
718 1476 804 1514 sunt
817 1496 828 1522 5
861 1479 906 1516 ad
927 1481 1220 1523 fimilitudinem
1241 1501 1329 1527 vero
1348 1491 1530 1544 aliquam,
1548 1506 1612 1534 aut
1630 1498 1687 1537 ad-

270 1546 351 1572 rem
363 1536 672 1588 amplificandam
693 1541 787 1595 saepe
805 1544 893 1584 sunt
912 1546 1119 1589 inferenda.
1153 1553 1450 1596 Consuetudinis
1466 1570 1594 1600 autem
1609 1564 1674 1615 jus

267 1598 337 1637 effe
355 1612 512 1653 putatur
531 1605 583 1650 id,
616 1608 720 1658 quod
743 1610 939 1650 voluntate
959 1617 1140 1655 omnium
1161 1618 1237 1656 fine
1266 1621 1349 1674 lege
1369 1625 1528 1664 vetustas
1560 1642 1673 1668 com-

266 1666 446 1717 probarit.
497 1671 544 1708 In
564 1685 605 1710 ea
625 1684 752 1714 autem
774 1677 860 1728 jura
882 1679 969 1718 sunt
990 1683 1164 1734 quaedam
1195 1686 1272 1738 ipsa
1285 1689 1368 1740 jam
1398 1701 1497 1730 certa
1515 1706 1672 1748 propter

266 1733 501 1774 vetustatem.
546 1739 638 1790 Qo
659 1741 698 1778 in
718 1756 854 1794 genere
874 1756 910 1783 et
940 1747 1011 1784 alia
1032 1749 1119 1788 sunt
1150 1753 1288 1799 multa,
1320 1765 1356 1793 et
1388 1771 1521 1797 eorum
1542 1763 1673 1802 multo

264 1798 433 1836 maxima
473 1815 573 1852 parS,
615 1819 698 1856 quae
730 1809 910 1849 Praetores
942 1813 1086 1852 edicere
1127 1818 1416 1860 consueverunt.
1477 1826 1668 1878 Qaedam

262 1872 391 1902 autem
421 1880 556 1918 genera
580 1870 678 1921 juris
703 1873 785 1923 jam
822 1886 921 1914 certa
950 1880 1226 1922 consuetudine
1256 1884 1354 1925 facia
1387 1888 1488 1930 sunt.
1548 1894 1666 1946 Qod

258 1941 394 1981 genus,
424 1935 595 1984 pactum,
625 1951 705 1989 par,
730 1940 963 1990 judicatum.

314 1996 475 2036 Paetum
496 2000 560 2045 est,
592 2004 696 2055 quod
716 2006 814 2044 inter
835 2009 981 2061 aliquos
1002 2015 1196 2060 convenit,
1227 2018 1329 2069 quod
1345 2020 1427 2072 jam
1448 2022 1499 2060 ita
1511 2024 1662 2076 justum

257 2070 427 2113 putatur,
460 2074 502 2103 ut
516 2066 595 2118 juri
615 2071 785 2121 praestare
805 2074 965 2114 dicatur.
1014 2079 1099 2124 Par,
1131 2083 1235 2133 quod
1261 2084 1300 2122 in
1321 2099 1454 2125 omnes
1477 2092 1661 2142 aequabile

255 2126 320 2164 est.
353 2129 592 2179 Judicatum‚
610 2135 656 2172 de
675 2150 752 2188 quo
762 2139 843 2190 jam
863 2152 948 2180 ante
969 2143 1151 2184 sententia
1171 2149 1345 2202 alicujuS,
1365 2163 1428 2191 aut
1443 2155 1664 2208 aliquorum

254 2194 505 2236 constitutum
527 2200 591 2238 est.
624 2203 712 2252 Jam
725 2205 811 2256 jura
831 2208 1005 2260 legitima
1021 2225 1066 2250 ex
1088 2212 1235 2265 legibus
1254 2219 1431 2270 cognosci
1449 2225 1655 2275 oportebit.

254 2258 330 2297 His
351 2274 440 2314 ergo
456 2277 502 2302 ex
523 2267 693 2317 partibus
708 2271 820 2321 juris,
842 2275 1030 2327 quidquid
1051 2288 1115 2316 aut
1131 2294 1176 2318 ex
1195 2282 1272 2334 ipsa
1292 2298 1343 2329 re,
1375 2297 1439 2324 aut
1457 2302 1503 2326 ex
1524 2289 1652 2335 fimili,

252 2334 317 2363 aut
343 2339 389 2365 ex
420 2331 576 2382 majore,
608 2344 672 2371 aut
705 2350 751 2374 ex
782 2340 945 2386 minore,
977 2343 1077 2381 nasci.
1112 2347 1314 2395 videbitur,
1348 2353 1506 2406 quisque
1527 2366 1653 2394 atten-

251 2389 337 2428 dere
355 2402 468 2445 atque
493 2397 639 2444 elicere,
665 2406 912 2453 pertentando
937 2422 1249 2465 unamquamque
1274 2416 1371 2467 juris
1393 2429 1554 2471 partem,
1583 2421 1650 2459 de—

255 2455 374 2495 bebit.
407 2460 602 2502 Locorum
624 2476 751 2506 autem
773 2475 1062 2520 communium,
1085 2481 1268 2528 quoniam
1299 2484 1358 2533 (ut
1385 2495 1469 2523 ante
1501 2486 1650 2525 dietum

247 2521 316 2575 est)
349 2524 425 2564 duo
444 2526 529 2566 sunt
555 2544 704 2582 genera,
737 2549 904 2587 quorum
925 2540 1087 2580 alterum
1109 2544 1233 2584 dubiae
1254 2548 1318 2593 rei,
1351 2549 1511 2588 alterum
1537 2562 1647 2589 certae
