2176 2912
442 197 520 237 300
795 187 912 227 DE
989 189 1487 230 ORATORE

440 277 487 315 ad
506 277 727 332 sapientiam
748 279 968 333 spectarent,
991 292 1104 336 atque
1123 297 1169 321 ex
1189 283 1249 322 his
1269 283 1368 323 hanc
1387 284 1540 323 dicendi
1558 284 1710 338 copiam
1731 283 1834 324 flux-

441 343 518 382 iffe.
578 345 649 383 Sed
670 354 811 391 tamen,
844 361 935 386 cum
955 362 1087 387 omnes
1115 350 1251 402 gradus
1273 352 1390 388 aetatis
1411 350 1586 389 recordor
1606 360 1693 395 tuae,
1721 364 1837 388 cum·

442 423 517 461 que
548 410 667 449 vitam
702 420 822 457 tuam,
854 427 895 451 ac
916 414 1036 452 studia
1055 415 1271 460 confidero;
1304 430 1440 469 neque,
1471 430 1549 469 quo
1580 426 1750 468 tempore
1768 415 1835 454 ista

442 476 634 522 didiceris,
666 478 799 522 video;
832 492 900 517 nec
922 494 1150 533 magnopere
1171 491 1206 519 te
1237 482 1314 520 istis
1336 482 1481 527 studiis,
1514 482 1753 526 hominibus,
1784 481 1833 519 li-

443 541 535 586 bris,
570 542 745 595 intelligo
765 544 939 583 deditum
955 563 967 590 3
1000 560 1121 598 neque
1156 557 1282 584 tamen
1315 547 1461 599 poffum
1496 548 1666 592 statuere,
1702 556 1834 586 utrum
1875 555 1877 557 ’

442 608 564 661 magis
586 609 714 653 mirer,
737 618 772 646 te
792 610 869 654 illa,
889 625 973 662 quae
993 611 1093 649 mihi
1113 612 1308 664 persuades
1325 613 1494 651 maxima
1513 613 1582 651 effe
1601 614 1834 664 adjumenta,

440 673 602 726 potuiffe
620 673 660 710 in
681 674 755 711 tuis
783 676 895 712 tantis
916 677 1232 728 occupationibus
1252 677 1457 729 perdiscere
1471 696 1482 722 ς
1514 691 1574 722 an,
1610 678 1636 715 fi
1657 691 1735 716 non
1762 691 1833 729 po-

442 739 571 783 tueris,
592 738 692 790 pofi'e
710 739 778 776 isto
799 741 915 777 modo
935 741 1071 780 dicere.

497 805 578 842 Hic
610 803 771 850 Crassus,
816 804 891 844 hoc
923 807 1008 852 tibi,
1049 807 1191 860 inquit,
1234 810 1384 854 Catule,
1415 809 1586 862 primum
1620 808 1837 862 persuadeas

441 869 572 915 velim,
608 883 672 908 me
691 884 768 909 non
798 871 925 909 multo
958 872 1061 911 secus
1095 873 1229 919 facere,
1260 889 1352 913 cum
1387 875 1432 912 de
1462 884 1608 913 oratore
1627 874 1833 927 disputem,

441 949 484 974 ac
503 935 682 982 facerem,
713 937 739 974 fi
759 937 847 976 effet
866 937 966 976 mihi
986 939 1031 977 de
1050 939 1231 978 histrione
1251 941 1472 979 dicendum.
1515 941 1709 992 Negarem
1728 940 1835 978 enim

441 1001 544 1054 poffe
569 1016 661 1040 eum
680 1002 889 1041 satisfacere
919 1005 959 1042 in
989 1005 1108 1057 gestu,
1139 1006 1207 1044 nisi
1228 1006 1449 1058 palaestram,
1480 1006 1548 1044 nisi
1568 1006 1710 1050 saltare,
1731 1005 1834 1043 didi-

440 1067 546 1106 ciffet
561 1087 573 1113 ς
605 1082 742 1120 neque,
773 1082 816 1107 ea
846 1083 938 1108 cum
964 1070 1142 1116 dicerem,
1175 1086 1237 1109 me
1257 1072 1327 1110 effe
1347 1071 1572 1110 histrionem
1603 1070 1744 1111 neceffe
1774 1070 1833 1108 es-

442 1134 507 1180 set,
538 1134 600 1172 sed
618 1134 766 1174 fortass‘e
785 1150 863 1174 non
882 1137 1043 1177 stultum
1062 1138 1174 1176 alieni
1192 1138 1343 1176 artificii
1365 1138 1676 1176 existimatorem.
1715 1137 1833 1175 Simi-

439 1200 528 1238 liter
546 1214 650 1239 nunc
676 1201 721 1239 de
751 1211 910 1248 oratore,
941 1203 1059 1242 vestro
1089 1204 1272 1256 impulsu,
1304 1203 1455 1256 loquor,
1490 1204 1649 1242 summo
1671 1203 1831 1241 scilicet.

440 1268 595 1319 Semper
628 1268 748 1312 enim,
779 1282 1024 1321 quacumque
1056 1269 1103 1308 de
1133 1279 1212 1308 arte
1244 1279 1309 1308 aut
1342 1269 1521 1308 facultate
1550 1270 1745 1321 quaeritur,
1787 1269 1834 1307 de

439 1332 609 1370 absoluta
627 1342 665 1371 et
683 1332 848 1386 perfecta
867 1336 985 1387 quaeri
1003 1335 1109 1375 solet.
1156 1337 1284 1389 Qare
1303 1336 1329 1374 fi
1343 1337 1426 1389 jam
1447 1349 1510 1374 me
1529 1336 1644 1374 vultis
1660 1334 1731 1373 effe
1746 1348 1831 1373 ora-

439 1407 578 1444 torem,
608 1399 635 1438 fi
654 1401 769 1438 etiam
789 1400 841 1439 sat
860 1401 1022 1448 bonum,
1054 1403 1079 1441 fi
1101 1403 1249 1442 bonum
1269 1403 1446 1455 denique,
1480 1416 1557 1441 non
1583 1401 1801 1455 repugnabo
1815 1419 1830 1446 ς

441 1464 554 1516 (quid
585 1465 689 1503 enim
709 1479 812 1504 nunc
843 1467 913 1505 fim
944 1468 1123 1521 ineptus?
1155 1469 1208 1506 ita
1226 1482 1288 1507 me
1319 1468 1523 1507 existimari
1545 1468 1638 1519 scio)
1670 1466 1773 1519 quod
1803 1465 1832 1505 fi

437 1530 490 1568 ita
509 1531 574 1575 est,
605 1531 777 1569 summus
799 1542 925 1572 tamen
944 1543 1044 1571 certe
1065 1548 1141 1572 non
1162 1535 1246 1572 sum
1264 1549 1273 1571 ε
1305 1548 1429 1586 neque
1448 1535 1551 1572 enim
1571 1533 1671 1586 apud
1696 1532 1829 1570 homi-

439 1609 504 1634 nes
524 1609 580 1634 res
608 1596 661 1634 est
681 1597 757 1634 ulla
776 1597 982 1644 difficilior,
1014 1613 1137 1651 neque
1167 1600 1300 1652 major,
1331 1613 1453 1652 neque
1479 1613 1563 1652 quae
1593 1599 1703 1652 plura
1721 1598 1831 1650 adju-

438 1671 567 1700 menta
586 1662 765 1701 doetrinae
785 1663 976 1703 desideret.

482 1730 683 1774 Attamen,
701 1730 884 1782 quoniam
900 1730 946 1768 de
962 1739 1106 1770 oratore
1122 1731 1230 1770 nobis
1247 1731 1518 1784 disputandum
1535 1731 1600 1775 est,
1615 1730 1661 1768 de
1677 1729 1831 1769 summo

437 1804 583 1833 oratore
611 1795 738 1833 dicam
758 1795 899 1834 neceffe
918 1796 983 1835 est.
1044 1798 1112 1835 Vis
1133 1798 1237 1836 enim
1263 1807 1301 1835 et
1320 1807 1453 1836 natura
1478 1798 1546 1842 rei,
1576 1797 1644 1835 nifi
1664 1795 1830 1849 perfecta

436 1869 523 1898 ante
542 1859 674 1898 oculos
705 1862 875 1913 ponitur,
911 1862 1049 1914 qualis,
1085 1872 1122 1901 et
1141 1872 1283 1915 quanta
1302 1863 1359 1908 fit,
1391 1863 1558 1915 intelligi
1588 1876 1665 1900 non
1692 1862 1826 1915 potest.

435 1924 508 1963 Me
533 1929 675 1969 autem,
708 1926 858 1971 Catule,
889 1926 1022 1973 fateor,
1054 1941 1178 1980 neque
1207 1927 1322 1966 hodie
1353 1928 1393 1965 in
1414 1927 1490 1965 istis
1512 1927 1634 1972 libris,
1665 1936 1702 1964 et
1735 1941 1828 1966 cum

436 1990 513 2029 istis
533 1989 759 2030 hominibus
775 1986 899 2031 vivere
911 2012 923 2038 5
946 2007 1016 2032 nec
1036 2008 1136 2038 vero,
1154 1994 1193 2031 id
1213 1994 1317 2046 quod
1334 2003 1376 2031 tu
1396 1996 1493 2031 redte
1511 1992 1826 2036 commeministi,

436 2057 562 2094 ullum
583 2071 755 2110 unquam
774 2057 943 2097 habuisse
964 2059 1163 2112 sepositum
1185 2069 1334 2112 tempus
1355 2059 1401 2096 ad
1420 2058 1655 2102 discendum,
1678 2071 1719 2095 ac
1741 2068 1825 2095 tan-

434 2130 521 2159 tum
553 2123 720 2161 tribuisse
753 2124 931 2162 doetrinae
966 2126 1162 2177 temporis,
1193 2134 1382 2176 quantum
1403 2122 1503 2162 mihi
1537 2123 1692 2176 puerilis
1724 2133 1824 2169 aetas,

434 2187 597 2225 forenses
617 2187 719 2226 feriae
739 2189 999 2227 concefl‘erint.

488 2253 642 2291 XXIII.
674 2255 743 2298 At,
765 2255 790 2291 s1
811 2255 960 2306 quaeris,
984 2255 1135 2300 Catule,
1168 2255 1214 2293 de
1233 2255 1402 2293 doctrina
1420 2255 1487 2293 ista
1506 2255 1598 2307 quid
1619 2268 1690 2307 ego
1709 2254 1826 2293 senti-

432 2332 518 2363 am,
542 2332 618 2356 non
636 2328 785 2357 tantum
806 2320 1000 2372 ingenioso
1019 2320 1185 2365 homini,
1199 2330 1236 2358 ct
1256 2322 1303 2365 ei,
1323 2322 1389 2373 qui
1410 2320 1553 2365 forum,
1571 2321 1639 2373 qui
1660 2321 1821 2365 curiam,

431 2385 499 2437 qui
518 2383 656 2428 c'ausaS‚
686 2386 752 2436 qui
774 2386 1052 2438 rempublicam
1070 2386 1223 2439 spectet,
1251 2400 1346 2439 opus
1363 2387 1432 2424 effe
1447 2387 1608 2424 arbitror
1626 2387 1822 2437 temporis,

431 2460 621 2502 quantum
642 2450 709 2488 fibi
731 2452 757 2488 ii
778 2451 1030 2503 sumpserunt,
1053 2466 1148 2504 quos
1175 2452 1355 2491 discentes
1376 2453 1452 2491 vita
1472 2452 1625 2490 defecit.
1674 2454 1822 2490 Omnes

430 2517 535 2554 enim
555 2524 648 2555 artes
669 2516 776 2555 aliter
803 2517 848 2556 ab
869 2517 914 2557 iis
936 2520 1154 2564 tractantur,
1186 2518 1253 2570 qui
1274 2531 1332 2557 eas
1353 2519 1397 2557 ad
1428 2517 1539 2557 usum
1561 2517 1818 2562 transferunt5
