2176 2912
540 151 1476 218 *LIBERTERTlus
1664 193 1742 232 333

473 271 588 312 Alter
605 269 800 310 terribilem
814 268 1010 307 minitatur
1026 265 1118 306 vitae
1135 266 1338 306 cruciatum
1357 277 1393 307 et
1411 282 1553 309 necem:

475 339 569 389 Qae
586 351 681 375 nemo
696 335 741 389 est
759 344 835 374 tam
840 334 953 387 firmo
972 333 1123 386 ingenio,
1145 342 1181 372 et
1199 342 1308 373 tanta
1326 335 1548 387 confidentia,

473 403 571 455 Qin
590 402 753 456 refitgiat
771 400 891 440 timido
896 400 1091 455 sanguen'‚
1115 409 1223 454 atque
1242 400 1437 454 exalbescat
1454 412 1563 441 metu.

390 467 513 508 Aliud
543 469 625 515 vis,
657 476 900 512 contentum,
930 465 1154 513 vehemens,
1182 466 1393 506 imminens
1414 468 1580 520 quadam
1602 470 1738 510 incita-

335 534 442 575 tione
459 535 652 588 gravitatis
667 553 681 580 3

472 603 613 640 Iterum
633 597 791 655 Thyestes
809 602 970 640 Atreum
987 601 1192 639 attrabtum
1207 599 1356 639 advenit
1367 616 1382 640 .-

472 670 613 708 Iterum
621 667 704 720 jam
723 666 938 721 aggreditur
959 681 1026 712 me,
1057 675 1093 705 et
1112 667 1268 720 quietum
1287 668 1367 721 exfit
1383 668 1488 707 citat.

472 734 602 786 Major
620 734 711 774 mihi
723 735 838 779 moles,
867 733 982 785 majus
999 732 1205 787 mfiendum
1224 733 1264 788 st
1281 735 1436 780 malum

473 801 553 852 Qi'
566 801 660 838 illius
677 800 843 839 acerbum
862 814 923 838 cor
942 799 1155 838 contundam
1174 809 1210 838 et
1229 802 1468 854 comprimam.

389 866 512 907 Aliud
546 866 721 919 voluptas
735 875 750 915 3
783 865 961 910 effusum,
993 866 1091 910 lene,
1123 875 1313 911 tenerum,
1342 866 1565 914 hilaratum,
1606 883 1650 908 ac
1680 885 1738 908 re-

334 931 491 971 miffum
507 950 520 977 ;

472 997 545 1036 Sed
556 998 648 1036 mihi
663 1012 742 1038 cum
762 998 885 1036 tetulit
904 1012 1067 1037 coronam
1086 997 1126 1037 ob
1147 998 1361 1038 collocandas
1379 1001 1540 1053 nuptias,

473 1061 713 1116 ‘Iibiftrebat
726 1083 738 1110 ;
769 1079 848 1103 cum
852 1064 1053 1115 simulabat
1058 1066 1134 1118 fise
1152 1065 1265 1103 alteri
1280 1065 1379 1111 dare,

476 1125 568 1167 ‘Tum
587 1129 639 1172 ad
652 1139 688 1168 te
704 1128 898 1168 ludibunda
916 1128 1025 1174 doffte,
1056 1140 1092 1168 et
1111 1129 1256 1170 delicate
1274 1131 1416 1171 detulit.

388 1193 512 1232 Aliud
543 1195 716 1237 molestia
727 1214 740 1241 ς
771 1195 847 1234 fine
867 1195 1200 1235 commiseratione
1227 1211 1339 1251 grave
1357 1199 1559 1251 quiddam,
1596 1210 1632 1240 et
1662 1215 1741 1242 uno

333 1259 458 1313 preffu
477 1273 521 1299 ac
540 1260 631 1300 sono
651 1261 865 1300 obductum
881 1280 894 1307 3

472 1328 554 1379 Qa
573 1328 773 1383 tempestate
792 1329 906 1367 Paris
924 1329 1098 1368 Helenam
1115 1330 1276 1383 innuptis
1281 1330 1413 1382 junxit
1431 1334 1580 1385 nuptiis,

469 1395 550 1446 Ego
569 1403 646 1433 tum
660 1394 836 1447 gravida,
858 1395 1004 1448 expletis
1011 1395 1093 1447 jam
1097 1396 1186 1448 fere
1200 1396 1252 1435 ad
1259 1397 1473 1449 pariendum
1493 1400 1660 1451 meifibus
1671 1417 1686 1440 .-

471 1459 550 1498 Per
569 1459 656 1498 idem
676 1470 812 1514 tempus
825 1460 1039 1514 Polydorum
1056 1462 1207 1500 Hecuba
1219 1471 1339 1515 partu
1350 1463 1519 1517 postremo
1527 1466 1648 1518 parit.

378 1529 489 1568 LIX.
514 1530 665 1569 Omnes
686 1539 817 1569 autem
831 1529 902 1569 hos
918 1539 1048 1570 motus
1069 1531 1245 1584 subsequi
1267 1533 1381 1571 debet
1399 1534 1524 1586 gestus
1541 1554 1551 1580 3
1576 1550 1653 1576 non
1673 1535 1740 1577 hic

330 1596 447 1634 verba
465 1597 685 1649 exprimens
705 1597 890 1642 scenicus,
920 1597 983 1635 sed
1012 1598 1227 1636 universam
1246 1612 1330 1638 rem
1355 1609 1393 1637 et
1412 1600 1639 1642 sententiam
1659 1618 1737 1643 non

329 1661 668 1708 demonstratione,
698 1662 760 1701 sed
787 1663 1077 1717 significatione,
1099 1664 1306 1710 declarans,
1334 1666 1497 1705 laterum
1529 1669 1737 1709 inflexione

333 1726 404 1766 hac
437 1727 530 1766 forti
562 1743 604 1767 ac
636 1730 752 1774 virili,
782 1744 860 1769 non
880 1730 927 1768 ab
948 1730 1056 1768 scena
1080 1740 1118 1768 et
1147 1730 1413 1778 histrionibus,
1445 1734 1507 1772 sed
1538 1736 1584 1773 ab
1605 1738 1735 1782 armis,

333 1802 398 1832 aut
417 1795 535 1832 etiam
554 1808 574 1832 a
590 1795 771 1847 palaestra.
810 1796 954 1834 Manus
975 1805 1105 1834 autem
1124 1799 1255 1837 minus
1275 1809 1420 1852 arguta,
1456 1801 1588 1854 digitis
1608 1803 1735 1841 subse-

328 1873 454 1912 quens
485 1861 610 1905 verba,
646 1875 724 1899 non
757 1862 976 1914 exprimens
995 1877 1003 1900 :
1036 1862 1240 1903 brachium
1276 1868 1469 1918 procerius
1503 1869 1733 1921 projeffitum‚

332 1927 436 1978 quasi
448 1927 642 1979 quoddam
657 1927 782 1966 telum
798 1928 1002 1967 orationis:
1025 1929 1213 1982 supplosio
1234 1931 1339 1984 pedis
1361 1933 1399 1970 in
1420 1936 1735 1975 contentionibus

332 2003 396 2031 aut
416 1994 659 2046 incipiendis,
681 2003 746 2032 aut
766 1994 956 2034 finiendis.

330 2087 333 2089 -
387 2060 458 2098 Sed
479 2061 520 2098 in
539 2074 603 2098 ore
622 2060 708 2099 sunt
727 2062 872 2099 omnia.
920 2063 963 2099 In
984 2076 1029 2101 eo
1045 2073 1173 2101 autem
1194 2063 1274 2116 ipso
1294 2065 1515 2105 dominatus
1535 2067 1587 2106 est
1607 2071 1734 2108 omnis

330 2127 535 2165 oculorum
555 2142 564 2164 ε
610 2140 688 2179 quo
722 2128 861 2165 melius
895 2128 1012 2167 nostri
1046 2129 1105 2167 illi
1140 2130 1243 2168 senes
1261 2160 1272 2175 ,
1304 2132 1370 2184 qui
1407 2133 1649 2185 personatum
1686 2151 1732 2173 ne

330 2191 518 2230 Roscium
539 2192 698 2244 quidem
719 2207 949 2247 magnopere
969 2195 1185 2233 laudabant.
1245 2198 1383 2235 Animi
1405 2199 1455 2236 est
1478 2201 1582 2238 enim
1605 2203 1731 2240 omnis

331 2257 452 2301 affi03
485 2267 523 2294 et
549 2258 677 2310 imago
696 2259 817 2298 animi
847 2260 976 2298 vultus
1011 2261 1077 2306 est,
1108 2263 1251 2300 indices
1284 2264 1402 2302 oculi.
1453 2265 1558 2303 Nam
1579 2266 1659 2304 hzrc
1680 2267 1732 2304 cst

331 2336 408 2360 ⁴una
428 2337 510 2374 pars
532 2324 715 2376 corporiS‚
731 2339 829 2377 quae,
850 2337 948 2378 quot
963 2329 1082 2366 animi
1100 2339 1228 2366 motus
1248 2330 1348 2375 sunt,
1367 2340 1424 2368 tot
1440 2331 1730 2384 significationes

329 2397 370 2426 et
399 2390 770 2428 communicationes
799 2392 910 2444 poffit
941 2394 1112 2431 efficere:
1146 2408 1268 2447 neque
1302 2410 1391 2434 vero
1422 2397 1474 2434 est
1509 2398 1726 2449 quisquam,

330 2455 414 2507 qui,
435 2455 566 2493 eadem
587 2465 786 2501 contuens,
807 2458 959 2497 efficiat.
1011 2458 1299 2512 Theophrastus
1318 2462 1478 2514 quidem
1499 2463 1728 2501 Tauriscum

329 2520 522 2574 quendam
539 2521 636 2561 dixit
652 2522 818 2561 adtorem
831 2524 1001 2563 aversum
1017 2524 1174 2564 solitum
1191 2525 1261 2564 effe
1279 2527 1416 2572 dicere,
1431 2527 1498 2578 qui
1515 2527 1552 2564 in
1566 2528 1726 2579 agendo,
