2176 2912
388 217 462 256 186
741 219 855 257 DE
933 218 1435 258 ORATORE

383 320 609 349 exercentur
637 325 786 357 omnes,
818 326 910 350 cum
931 312 970 350 in
995 312 1182 364 ejusmodi
1213 313 1329 352 caufis
1350 310 1440 350 alissas
1461 310 1663 364 scriptum,
1693 311 1783 351 alias

383 377 619 428 aequitatem,
641 377 842 416 defendere
862 379 1059 417 docentur.
1108 380 1174 424 Et,
1200 380 1326 424 credo,
1358 379 1397 416 in
1418 378 1485 416 illa
1503 377 1639 416 militis
1659 378 1782 424 causa,

383 442 410 480 si
443 452 485 480 tu
521 453 585 481 aut
604 443 798 489 heredem,
831 455 894 482 aut
926 445 1094 483 militem
1129 445 1368 489 defendiffes,
1404 444 1450 482 ad
1482 443 1715 483 Hostilianas
1748 453 1784 483 te

383 510 564 555 actiones,
587 525 664 548 non
685 512 730 548 ad
753 521 858 549 tuam
878 512 958 549 vim
984 522 1021 549 et
1041 512 1245 550 oratoriam
1276 511 1515 556 facultatem,
1546 510 1780 550 contulisses.

383 577 450 614 Tu
471 591 570 621 vero,
593 577 651 614 vel
672 578 698 614 fi
720 577 991 615 testamentum
1012 576 1245 623 defenderes,
1268 579 1318 616 fic
1339 590 1480 630 ageres,
1495 586 1538 614 ut
1557 590 1674 615 omne
1694 590 1782 615 om-

383 643 494 681 nium
518 643 831 681 testamentorum
857 644 920 694 jus
942 643 980 679 in
1001 656 1045 680 eo
1059 643 1209 694 judicio
1236 644 1402 696 positum
1427 643 1643 681 videretur:
1675 643 1735 681 vel
1756 643 1783 680 fi

383 709 533 746 causam
554 722 679 761 ageres
701 709 851 752 militis,
882 717 1030 760 patrem
1050 709 1146 759 ejus,
1178 718 1221 746 ut
1247 709 1355 752 soles,
1386 707 1550 746 dicendo
1569 722 1590 745 a
1620 708 1785 746 mortuis

382 775 576 813 excitaffes
593 794 604 819 ;
635 774 815 812 statuisses
847 783 934 811 ante
954 774 1085 811 oculos
1102 792 1113 818 ;
1145 774 1373 827 complexus
1393 773 1482 812 effet
1500 773 1642 818 filium,
1669 772 1785 811 flens-

383 854 459 892 que
478 855 569 879 eum
588 841 850 879 Centumviris
870 840 1196 886 commendasset,
1228 840 1370 893 lapides
1402 838 1623 878 mehercule
1650 853 1786 878 omnes

383 907 471 945 fiere
491 921 533 946 ac
553 907 755 945 lamentari
775 906 951 959 coegisset
966 925 978 952 ;
1010 915 1054 944 ut
1074 916 1202 945 toturn
1222 907 1335 951 illud,
1359 908 1426 946 Uti
1439 907 1563 959 lingua
1582 907 1785 960 nuncupas-

368 976 444 1027 si’t,
474 988 551 1012 non
572 975 612 1012 in
635 987 711 1011 XII
735 973 891 1018 tabulis,
920 987 1011 1026 quas
1033 983 1076 1012 tu
1097 974 1280 1012 omnibus
1301 972 1548 1012 bibliothecis
1568 974 1784 1026 anteponi3‚

382 1040 445 1079 sed
465 1042 505 1079 in
527 1040 695 1093 magistri
716 1041 898 1085 carmine,
920 1040 1106 1093 scriptum
1123 1041 1328 1079 videretur.

438 1109 588 1146 LVIII.
621 1108 727 1146 Nam
749 1108 853 1160 quod
873 1108 1052 1146 inertiam
1072 1107 1221 1146 accusas
1250 1106 1564 1149 adolescentium,
1587 1105 1655 1157 qui
1674 1105 1785 1144 istam

383 1184 501 1212 artem
523 1175 695 1226 primum
717 1173 947 1211 facillimam
965 1187 1043 1211 non
1059 1173 1250 1217 ediscant;
1273 1186 1358 1224 quae
1373 1185 1491 1224 quam
1511 1171 1556 1208 fit
1568 1169 1708 1214 facilis,
1725 1170 1786 1208 illi

382 1241 560 1285 viderint,
580 1241 648 1292 qui
667 1241 747 1291 ejus
768 1241 857 1277 artis
877 1239 1105 1292 arrogantia,
1123 1240 1226 1290 quasi
1244 1238 1477 1277 difficillima
1493 1237 1550 1282 fit,
1565 1238 1618 1275 ita
1630 1236 1786 1275 subnixi

382 1307 581 1344 ambulant
601 1321 608 1344 :
642 1306 777 1344 deinde
797 1306 914 1343 etiarn
936 1315 977 1343 tu
1004 1305 1083 1358 ipse
1102 1305 1256 1350 videris,
1288 1305 1357 1357 qui
1376 1318 1461 1342 eam
1487 1313 1608 1342 artem
1628 1303 1786 1341 facilem

382 1373 452 1410 effe
472 1374 581 1417 dicis,
604 1386 722 1425 quam
738 1371 918 1410 concedis
939 1370 1065 1409 adhuc
1092 1380 1214 1410 artem
1241 1371 1404 1410 omnino
1424 1384 1502 1409 non
1522 1369 1607 1414 effe,
1630 1369 1691 1407 sed
1711 1369 1784 1406 ali-

381 1440 549 1492 quando,
581 1439 606 1476 si
638 1439 724 1490 quis
756 1438 871 1475 aliam
902 1447 1024 1476 artem
1055 1438 1247 1483 didicerit,
1278 1446 1322 1475 ut
1354 1436 1455 1475 hanc
1481 1444 1604 1474 artem
1636 1435 1785 1473 efficere

382 1506 506 1558 possit,
530 1515 616 1543 tum
635 1503 705 1541 effe
725 1504 834 1541 illam
854 1512 973 1540 artem
990 1503 1177 1542 futuram.
1209 1502 1375 1547 Deinde,
1398 1501 1502 1554 quod
1523 1501 1567 1539 sit
1585 1500 1696 1553 plena
1715 1501 1784 1538 de-

382 1572 622 1616 lestati01ii35
655 1571 694 1606 in
727 1582 803 1621 qua
830 1569 901 1607 tibi
923 1569 1128 1606 remittunt
1158 1582 1292 1607 omnes
1323 1568 1432 1606 istam
1462 1567 1715 1620 voluptatem,
1746 1576 1785 1605 et

381 1654 423 1678 ea
443 1641 478 1678 se
507 1652 630 1678 carere
649 1638 860 1690 patiuntur,
892 1649 962 1673 nec
983 1635 1187 1687 quisquam
1217 1635 1270 1673 est
1290 1649 1438 1679 eorum,
1469 1635 1552 1687 qui,
1586 1634 1611 1672 fi
1637 1635 1721 1686 jam
1742 1634 1787 1672 fit

382 1707 627 1745 ediscendum
662 1704 730 1742 fibi
764 1702 924 1754 aliquid,
957 1716 1035 1739 non
1070 1703 1272 1739 Teucrum
1304 1702 1461 1739 Pacuvii
1495 1701 1620 1745 malit,
1666 1714 1786 1753 quam

383 1773 612 1811 Manilianas
634 1770 828 1809 venalium
849 1768 1137 1806 vendendorum
1157 1767 1274 1821 leges,
1296 1768 1472 1806 ediscere.
1506 1768 1616 1805 Tum
1638 1776 1782 1810 autem,

382 1839 486 1891 quod
506 1851 634 1876 amore
655 1836 782 1889 patriae
803 1835 929 1873 censes
960 1847 1028 1872 nos
1049 1834 1265 1872 nostrorum
1297 1834 1490 1886 majorum
1510 1833 1663 1871 inventa
1682 1832 1785 1870 noffe

382 1906 545 1947 debere;
579 1918 655 1944 non
687 1902 804 1946 vides,
837 1911 977 1939 veteres
1002 1901 1104 1954 leges
1135 1909 1199 1938 aut
1230 1901 1325 1953 ipsas
1345 1900 1408 1938 sua
1437 1899 1620 1937 vetustate
1650 1898 1784 1936 conse-

383 1971 514 2015 nuiffe,
547 1980 610 2007 aut
642 1970 749 2007 novis
781 1968 929 2021 legibus
963 1967 1034 2005 effe
1054 1967 1247 2005 sublatas?
1293 1966 1412 2017 Qod
1430 1979 1517 2003 vero
1537 1966 1638 2003 viros
1661 1965 1784 2002 bonos

377 2040 463 2089 jure
484 2036 588 2074 civili
620 2036 701 2074 fieri
722 2043 847 2088 putas,
879 2034 970 2086 quia
988 2033 1139 2085 legibus
1159 2041 1197 2070 et
1228 2032 1385 2085 praemia
1406 2031 1593 2084 proposita
1613 2031 1684 2068 sint
1703 2031 1783 2068 vir-

384 2103 545 2147 tutibus,
568 2113 605 2139 ct
628 2102 811 2154 supplicia
826 2101 929 2137 vitiis
946 2118 958 2144 ;
980 2099 1163 2151 equidem
1182 2098 1380 2151 putabam,
1401 2098 1587 2135 virtutem
1606 2095 1784 2134 homini-

384 2169 453 2207 bus
473 2168 516 2219 <fi
538 2168 654 2205 modo
669 2168 763 2205 tradi
783 2166 928 2204 ratione
948 2164 1076 2218 poffit)
1105 2163 1337 2202 instituendo
1355 2171 1394 2200 et
1413 2161 1684 2215 persuadendo,
1706 2175 1783 2200 non

385 2234 516 2278 minis,
538 2243 574 2271 et
595 2234 645 2277 vi,
660 2247 701 2270 ac
719 2241 840 2277 metu,
863 2231 971 2269 tradi.
994 2231 1102 2269 Nam
1118 2230 1245 2283 ipsum
1265 2229 1425 2282 quidem
1439 2228 1551 2273 illud,
1569 2229 1687 2266 etiam
1707 2228 1785 2266 fine

384 2300 604 2352 cognitione
619 2300 732 2351 juriS,
754 2311 872 2350 quam
892 2297 937 2335 sit
958 2295 1106 2334 bellum
1126 2308 1255 2334 cavere
1275 2295 1438 2339 malum,
1457 2293 1550 2332 scire
1570 2293 1782 2347 possumus.

441 2367 502 2405 De
533 2379 594 2403 me
627 2374 756 2402 autem
790 2363 884 2416 ipso,
915 2363 978 2401 cui
999 2363 1066 2401 uni
1094 2371 1136 2401 tu
1169 2361 1362 2406 concedis,
1393 2370 1436 2399 ut
1466 2361 1544 2399 fine
1576 2360 1655 2398 ulla
1683 2359 1783 2412 juris

385 2432 539 2471 scientia
569 2441 697 2470 tamen
730 2430 846 2470 caufis
881 2428 1094 2468 satisfacere
1124 2428 1274 2482 poffim,
1308 2428 1381 2466 tibi
1411 2426 1501 2473 hoc,
1538 2426 1676 2471 Crasse,
1708 2425 1783 2463 res-

386 2499 550 2553 pondeo,
581 2512 705 2552 neque
724 2510 788 2537 me
807 2510 979 2550 unquam
994 2497 1058 2550 jus
1091 2495 1205 2536 civile
1225 2494 1410 2542 didicisse,
1440 2508 1565 2548 neque
1585 2502 1714 2533 tamen
1742 2492 1785 2530 in
