2176 2912
641 186 1348 246 L1BER1PR1MUS.
1650 205 1702 245 37

296 287 520 327 admirabile
539 299 658 340 genus
678 286 796 325 causae
816 287 883 332 est,
905 286 980 325 hoc
995 286 1062 332 est,
1077 295 1120 325 ut
1135 295 1221 325 ante
1239 287 1425 333 diximus,
1439 301 1530 326 cum
1546 289 1700 328 animus

296 354 476 393 auditoris
497 352 653 391 infestus
670 353 734 391 est.
759 353 804 391 Id
823 362 951 392 autern
972 354 1095 391 tribus
1112 367 1158 392 ex
1175 354 1292 392 causis
1313 354 1357 392 fit
1373 355 1565 393 maxime:
1588 355 1614 393 fi
1635 365 1700 394 aut

294 420 390 458 inest
409 420 451 458 in
470 420 549 473 ipsa
568 420 676 458 causa
691 420 867 472 quaedam
884 420 1109 473 turpitud03
1133 430 1198 458 aut
1213 421 1239 458 fi
1261 421 1307 459 ab
1328 421 1388 465 iis,
1404 421 1472 473 qui
1487 430 1573 459 ante
1588 421 1699 459 dixe-

295 496 400 532 runt,
425 489 507 540 jam
529 488 714 540 quiddam
734 487 900 525 auditori
920 487 1138 541 persuasum
1164 488 1342 534 videtur3
1375 497 1441 526 aut
1459 501 1504 526 eo
1527 497 1702 540 tempore

295 552 402 591 locus
423 554 578 591 dicendi
608 553 730 598 datur,
761 567 854 591 cum
875 554 958 606 jam
989 553 1063 599 illi,
1095 567 1191 607 quos
1222 555 1353 592 audire
1373 562 1538 607 oportet,
1571 553 1700 592 defeffi

295 619 382 658 sunt
394 620 596 659 audiendo.
616 620 722 659 Nam
739 634 786 658 ex
798 619 869 658 hac
883 634 1040 674 quoque
1055 634 1094 659 re
1111 635 1188 659 non
1205 622 1349 666 minus,
1366 635 1484 674 quarn
1501 635 1547 659 ex
1563 621 1701 673 primis

295 688 457 733 duabus,
480 689 520 726 in
540 696 728 726 oratorem
750 702 1031 740 nonnunquam
1052 675 1204 726 animus
1225 689 1407 727 auditoris
1428 687 1654 727 offenditur.

352 755 390 792 Si
411 754 528 793 causa:
549 754 751 808 turpitudo
771 753 973 793 contrahet
1006 754 1272 800 offenfionem,
1303 765 1369 793 aut
1395 769 1466 808 pro
1492 768 1537 793 eo
1565 753 1700 792 horni-

296 834 357 866 ne,
389 822 429 859 in
450 835 529 874 quo
549 819 772 865 offenditur,
804 820 925 858 alium
946 820 1164 866 hominem,
1196 822 1264 873 qui
1285 821 1475 874 diligitur,
1508 821 1703 873 interponi

294 898 445 940 oportet
462 907 474 933 3
505 897 569 926 aut
589 901 658 940 pro
679 883 731 932 r'e,
749 888 789 925 in
811 902 886 940 qua
905 887 1127 933 offenditur,
1149 888 1263 926 aliam
1279 902 1375 933 rem,
1394 903 1478 940 quae
1491 888 1673 941 probatur
1686 905 1699 932 3

295 963 361 991 aut
381 968 450 1006 pro
470 967 508 991 re
523 953 742 998 hominem,
775 963 839 991 aut
858 968 928 1007 pro
948 953 1109 992 homine
1129 968 1224 999 rem,
1257 963 1298 991 ut
1319 954 1365 991 ab
1386 968 1444 998 eo,
1476 954 1582 1005 quod
1601 953 1699 998 odit,

295 1020 342 1058 ad
371 1020 424 1065 id,
456 1019 560 1072 quod
581 1019 724 1072 diligit,
755 1020 937 1058 auditoris
958 1020 1110 1058 animus
1133 1020 1378 1064 traducatur5
1411 1029 1448 1057 et
1469 1019 1702 1057 diffimulare

295 1085 335 1123 id
356 1094 392 1123 te
412 1084 671 1130 defensurum,
689 1085 794 1137 quod
810 1085 1038 1123 existimeris
1055 1084 1291 1123 defensurus.
1324 1085 1492 1129 Deinde,
1510 1098 1602 1122 cum
1616 1085 1701 1136 jam

298 1151 431 1188 mitior
450 1150 571 1188 faetus
592 1151 663 1188 erit
682 1151 845 1196 auditor,
877 1151 1024 1204 ingredi
1045 1151 1284 1204 pedetentim
1305 1151 1344 1188 in
1365 1149 1641 1194 defenfionem,
1663 1158 1702 1187 et

295 1216 434 1260 dicere,
455 1229 511 1260 ea,
543 1228 627 1267 quae
646 1215 897 1268 indignantur
916 1216 1126 1261 adversarii,
1149 1217 1222 1254 tibi
1242 1229 1397 1268 quoque
1417 1216 1577 1268 indigna
1592 1215 1701 1252 vide-

297 1282 342 1320 ri.
408 1282 576 1325 Deinde,
609 1295 702 1319 cum
735 1282 885 1319 lenieris
915 1296 1005 1320 eum
1037 1283 1104 1334 qui
1136 1282 1278 1326 audiet,
1309 1282 1578 1326 demonstrare,
1601 1280 1701 1319 nihil

297 1361 432 1385 eorum
452 1347 498 1385 ad
519 1356 555 1385 te
575 1348 779 1399 pertinere,
811 1357 848 1385 et
869 1361 1002 1400 negare
1024 1358 1060 1385 te
1080 1349 1295 1400 quidquam
1318 1348 1364 1385 de
1385 1347 1602 1385 adversariis
1629 1346 1702 1384 effe

296 1415 505 1459 dieturum,
537 1427 661 1466 neque
692 1413 783 1458 hoc,
815 1428 938 1466 neque
960 1415 1085 1458 illud;
1119 1424 1161 1452 ut
1193 1427 1316 1465 neque
1347 1423 1474 1466 aperte
1494 1414 1607 1452 laedas
1636 1425 1702 1452 eos

295 1480 364 1532 qui
385 1480 614 1532 diliguntur,
637 1489 674 1517 et
697 1488 825 1517 tamen
846 1480 885 1517 id
905 1479 1065 1517 obscure
1085 1478 1243 1523 faciens,
1266 1480 1392 1531 quoad
1411 1479 1539 1532 poffis,
1561 1479 1701 1517 alienes

295 1547 342 1585 ab
362 1547 414 1585 eis
435 1547 655 1584 auditorum
677 1546 944 1591 voluntatem;
976 1556 1013 1584 et
1044 1547 1264 1598 aliquorum
1289 1546 1485 1598 judicium
1514 1546 1628 1584 fimili
1655 1545 1714 1583 de,

296 1626 348 1658 re,
366 1622 430 1650 aut
449 1612 713 1651 auetoritatem
735 1610 903 1664 proferre
922 1612 1139 1650 imitatione
1157 1612 1330 1664 dignam.
1355 1611 1508 1649 Deinde
1528 1620 1594 1649 aut
1609 1625 1701 1649 ean-

295 1679 399 1724 dem,
433 1688 498 1717 aut
518 1678 775 1723 consimilem,
807 1688 872 1716 aut
899 1679 1101 1731 majorem,
1132 1688 1197 1717 aut
1231 1678 1425 1716 minorem
1457 1678 1517 1730 agi
1550 1691 1631 1716 rem
1660 1679 1702 1716 in

295 1745 492 1797 praesentia
511 1744 781 1783 demonstrare.

353 1812 417 1850 Sin
445 1812 566 1850 oratio
596 1811 893 1849 adversariorum
923 1810 1040 1848 fidem
1071 1810 1264 1849 videbitur
1290 1810 1528 1849 auditoribus
1559 1808 1700 1856 feciffe,

299 1877 356 1927 (id
377 1878 482 1930 quod
501 1877 550 1921 ei,
572 1877 641 1929 qui
662 1876 846 1928 intelligit
867 1877 1007 1928 quibus
1030 1877 1142 1915 rebus
1163 1877 1256 1915 fides
1276 1877 1354 1922 fiat,
1383 1876 1496 1915 facile
1514 1876 1586 1914 erit
1605 1890 1702 1928 cog-

297 1944 400 1995 nitu)
433 1953 584 1996 oportet
616 1952 680 1980 aut
704 1943 750 1980 de
781 1956 838 1987 eo,
861 1943 964 1995 quod
987 1942 1180 1981 adversarii
1202 1943 1271 1980 fibi
1291 1943 1553 1981 firmiffirnum
1585 1952 1700 1996 puta-

296 2009 387 2053 rint,
410 2018 447 2046 et
467 2008 638 2046 maxime
659 2008 700 2052 ii,
724 2008 791 2059 qui
809 2009 1012 2052 audierint,
1034 2008 1246 2061 probarint,
1263 2008 1437 2060 primurn
1452 2017 1487 2045 te
1504 2008 1702 2045 dicturum

295 2075 471 2127 polliceri
491 2093 502 2119 ;
534 2083 599 2112 aut
619 2075 666 2111 ab
687 2074 882 2111 adversarii
912 2075 1014 2112 dicto
1033 2074 1212 2118 exordiri,
1244 2083 1281 2112 et
1301 2075 1347 2112 ab
1374 2087 1420 2112 eo
1445 2073 1702 2126 potiffimum,

296 2142 400 2193 quod
415 2141 479 2178 ille
496 2141 716 2193 nuperrime
733 2140 897 2185 dixerit5
917 2149 980 2177 aut
997 2140 1237 2178 dubitatione
1252 2140 1321 2184 uti,
1337 2140 1430 2192 quid
1448 2141 1622 2192 primum
1640 2140 1701 2177 di-

295 2221 371 2251 cas,
394 2216 457 2245 aut
479 2208 541 2244 cui
563 2206 801 2259 potiffimum
823 2207 910 2245 loco
929 2207 1166 2259 respondeas,
1189 2220 1280 2244 curn
1305 2207 1569 2244 admiratione.
1595 2206 1702 2243 Nam

296 2274 458 2318 auditor,
490 2286 582 2310 cum
617 2286 720 2316 eum,
759 2286 878 2324 quern
912 2273 1108 2310 adversarii
1143 2272 1409 2324 perturbatum
1445 2282 1582 2325 putant
1616 2285 1700 2309 ora-

296 2340 415 2384 tione,
447 2339 549 2376 videt
577 2339 706 2377 animo
727 2338 931 2377 fortiffimo
958 2348 1090 2376 contra
1110 2339 1235 2376 dicere
1257 2348 1447 2390 paratum,
1471 2339 1702 2390 plerumque

298 2405 333 2442 se
364 2407 489 2457 potius
523 2414 663 2444 temere
699 2405 889 2450 affmfiffe,
932 2420 1050 2458 quam
1087 2405 1200 2443 illum
1236 2404 1312 2442 fine
1352 2405 1461 2442 causa
1495 2404 1702 2447 confidere,

298 2472 512 2512 arbitratur.
558 2473 623 2513 Sin
645 2472 826 2512 auditoris
847 2472 1016 2512 studium
1038 2471 1262 2525 defatigatio
1282 2471 1510 2510 abalienavit
1538 2485 1557 2508 a
1578 2470 1700 2514 causa,
