2176 2912
574 200 894 240 LIBER
970 201 1545 240 SECUNDUS.
1690 216 1767 253 209

371 294 563 348 quoddam
584 306 694 346 opus,
725 301 838 344 atque
859 291 961 330 haud
981 293 1097 331 sciam
1118 306 1164 330 an
1185 293 1231 331 de
1253 292 1433 332 humanis
1455 294 1634 346 operibus
1654 294 1771 346 longe

370 361 611 403 maximum;
644 359 684 395 in
706 359 848 409 quibus
869 358 925 395 vis
946 359 1104 396 oratoris
1126 359 1357 412 plerumque
1386 359 1433 396 ab
1456 360 1642 411 imperitis
1664 360 1771 397 exitu

369 435 407 463 et
436 424 592 462 victoria
615 423 813 476 judicatur
824 442 836 468 3
869 424 937 461 ubi
968 424 1068 462 adest
1093 434 1258 463 armatus
1279 424 1522 468 adversarius,
1558 425 1624 476 qui
1661 425 1704 462 sit
1734 433 1773 461 et

369 490 562 528 feriendus
589 498 627 527 et
658 489 926 542 repellendus:
959 490 1027 527 ubi
1049 490 1140 543 saepe
1171 491 1217 535 is,
1249 491 1316 542 qui
1343 491 1395 528 rei
1416 490 1596 528 dominus
1618 489 1770 526 futurus

370 555 435 600 est,
467 555 610 593 alienus
646 564 761 606 atque
793 555 924 599 iratus,
956 564 1021 593 aut
1051 556 1167 593 etiam
1199 556 1345 593 amicus
1377 555 1598 598 adversario,
1630 563 1668 591 et
1696 554 1770 590 ini-

371 622 496 660 micus
517 622 590 659 tibi
609 621 684 665 est3
717 634 808 658 cum
829 631 893 658 aut
913 621 1108 659 docendus
1128 623 1159 659 is
1180 622 1245 666 est,
1263 632 1327 660 aut
1348 621 1605 665 dedocendus,
1628 629 1692 658 aut
1711 633 1771 657 re-

373 688 610 741 primendus,
632 696 696 725 aut
720 687 952 732 incitandus,
975 697 1039 725 aut
1058 689 1167 726 omni
1194 689 1340 726 ratione
1361 688 1407 725 ad
1426 698 1593 739 tempus,
1616 687 1660 724 ad
1681 700 1773 724 cau-

373 754 449 791 sam
470 754 653 798 oratione,
686 753 940 791 moderandus
957 768 964 791 :
998 754 1036 790 in
1058 767 1136 806 quo
1157 738 1252 806 saepe
1270 753 1536 791 benevolentia
1555 752 1601 789 ad
1621 751 1772 795 odium,

373 820 508 858 odium
528 829 657 857 autem
678 819 724 856 ad
754 819 1063 857 benevolentiam
1094 820 1366 857 deducendum
1392 819 1468 857 est:
1502 819 1569 871 qui
1592 828 1775 870 tanquam

372 884 658 924 machinatione
691 884 832 936 aliqua,
865 893 950 922 tum
985 884 1029 921 ad
1060 884 1313 930 severitatem,
1345 896 1431 923 tum
1451 885 1497 922 ad
1518 884 1774 922 remissionem

372 952 506 995 animi,
535 960 621 989 tum
652 950 698 997 ad
719 949 924 994 tristitiam,
957 958 1043 988 tum
1073 950 1119 988 ad
1138 951 1327 996 laetitiam,
1358 951 1410 988 est
1443 950 1773 1002 contorquendus.

376 1017 571 1055 Omnium
593 1016 866 1055 sententiarum
887 1017 1084 1069 gravitate,
1115 1018 1297 1055 omnium
1317 1017 1521 1054 verborum
1542 1015 1778 1069 ponderibus

373 1083 425 1121 est
445 1082 649 1120 utendum.
688 1082 857 1120 Accedat
876 1092 1028 1135 oportet
1046 1084 1144 1121 aetio
1165 1083 1279 1128 varia,
1310 1081 1530 1126 vehemens,
1562 1081 1674 1135 plena
1693 1081 1776 1118 ani-

376 1149 444 1193 mi,
467 1148 578 1201 plena
598 1148 765 1200 spiritus,
786 1148 900 1200 plena
918 1148 1073 1193 doloris,
1097 1149 1209 1201 plena
1228 1149 1409 1187 veritatis.
1451 1149 1497 1186 In
1517 1147 1578 1186 his
1599 1146 1778 1200 operibus

375 1215 401 1252 s1
423 1215 508 1267 quis
538 1214 646 1252 illam
666 1223 785 1252 artem
806 1213 1153 1267 comprehenderit,
1191 1225 1246 1260 ut,
1280 1212 1463 1267 tanquam
1491 1214 1659 1258 Phidias,
1690 1213 1775 1251 Mi-

376 1294 498 1318 nervae
518 1280 670 1333 signum
690 1279 839 1318 efficere
858 1279 971 1332 poffit
982 1298 994 1324 3
1028 1294 1103 1318 non
1121 1280 1219 1325 sane,
1235 1280 1567 1332 quemadmodum
1586 1281 1626 1317 in
1643 1279 1779 1331 clypeo

376 1347 479 1384 idem
500 1346 565 1384 ille
584 1345 721 1384 artifex
743 1346 892 1383 minora
911 1346 975 1383 illa
995 1360 1107 1399 opera
1126 1346 1249 1384 facere
1268 1346 1399 1390 discat,
1421 1346 1622 1383 laborabit.

431 1413 585 1451 XVIII.
618 1414 728 1450 Tum
757 1413 933 1457 Catulus,
955 1427 1034 1465 quo
1054 1413 1120 1451 ista
1140 1414 1294 1465 majora,
1326 1426 1367 1450 ac
1390 1412 1624 1450 mirabiliora
1642 1410 1779 1455 fecisti,

377 1492 422 1516 eo
442 1492 505 1516 me
538 1480 659 1531 major
685 1479 898 1531 expectatio
925 1487 1040 1523 tenet,
1073 1479 1305 1530 quibusnam
1333 1477 1558 1522 rationibus,
1594 1477 1781 1529 quibusve

378 1545 575 1598 praeceptis
607 1558 649 1582 ea
683 1545 875 1593 tanta-vis
905 1553 1170 1597 comparetur;
1204 1558 1280 1582 non
1302 1557 1380 1596 quo
1411 1557 1495 1581 mea
1515 1544 1674 1595 quidem
1699 1544 1781 1594 jam

379 1612 537 1655 interfit,
562 1612 706 1663 (neque
725 1611 830 1649 enim
851 1619 937 1649 aetas
956 1611 994 1649 id
1015 1625 1099 1649 mea
1115 1610 1310 1655 defiderat,
1328 1620 1365 1648 et
1378 1610 1482 1648 aliud
1502 1610 1697 1662 quoddam
1713 1623 1782 1661 ge-

379 1691 451 1715 nus
472 1678 623 1715 dicendi
644 1691 712 1715 nos
733 1677 850 1715 secuti
866 1677 1011 1722 sumuS‚
1027 1677 1094 1729 qui
1111 1691 1310 1729 nunquam
1328 1677 1526 1714 sententias
1540 1676 1585 1714 de
1604 1675 1782 1713 manibus

376 1743 555 1795 judicum
576 1744 612 1780 vi
627 1743 793 1795 quadam
809 1743 990 1780 orationis
1006 1743 1246 1787 extorfimus‚
1278 1756 1319 1780 ac
1334 1743 1461 1795 potius
1476 1742 1632 1794 placatis
1649 1755 1783 1779 eorum

381 1809 533 1853 animis,
565 1818 730 1852 tantum,
763 1818 952 1860 quantum
984 1809 1051 1861 ipfi
1084 1809 1340 1861 patiebantur,
1373 1809 1610 1861 accepimus)
1643 1807 1704 1844 sed
1727 1816 1784 1844 ta-

382 1888 470 1912 men
490 1875 555 1912 ista
577 1884 652 1919 tua,
675 1874 829 1912 nullum
852 1875 896 1912 ad
918 1874 1028 1912 usum
1051 1888 1198 1918 meum,
1219 1884 1370 1912 tantum
1387 1874 1640 1926 cognoscendi
1661 1874 1786 1911 studio

382 1939 565 1977 adductus
584 1940 748 1991 requiro.
801 1940 886 1977 Nec
906 1938 1005 1977 mihi
1027 1953 1122 1992 opus
1144 1939 1195 1976 est
1221 1940 1358 1976 Graeco
1379 1939 1508 1990 aliquo
1528 1939 1695 1983 doctore,
1718 1939 1786 1990 qui

383 2005 483 2043 mihi
515 2006 737 2058 pervulgata
767 2016 954 2058 praecepta
975 2006 1162 2050 decantet,
1194 2019 1285 2043 cum
1313 2005 1388 2057 ipse
1418 2018 1619 2056 nunquam
1638 2003 1785 2048 forum,

383 2085 582 2124 nunquam
605 2072 730 2109 ullum
745 2072 955 2123 judicium,
976 2071 1183 2124 aspexerit;
1210 2081 1250 2108 ut
1273 2071 1545 2123 Peripateticus
1561 2071 1624 2108 ille
1645 2071 1787 2108 dleitur

386 2137 597 2176 Phormio:
629 2151 720 2176 cum
752 2139 922 2175 Annibal
956 2137 1186 2190 Carthagine
1207 2138 1385 2190 expulsus
1410 2136 1606 2189 Ephesum
1633 2137 1679 2174 ad
1699 2139 1786 2175 An-

386 2203 562 2242 tiochum
583 2204 736 2242 veniffet
756 2204 870 2248 exul3
902 2218 1048 2256 proque
1068 2218 1126 2248 eo,
1153 2204 1256 2256 quod
1289 2205 1368 2256 ejus
1391 2217 1532 2242 nomen
1553 2213 1629 2240 erat
1650 2216 1789 2255 magna

385 2269 484 2321 apud
505 2282 637 2308 omnes
669 2269 803 2321 gloria,
835 2271 1017 2307 invitatus
1044 2269 1133 2307 ess‘et
1164 2270 1209 2307 ab
1242 2269 1457 2322 hospitibus
1493 2269 1581 2313 suis,
1614 2278 1656 2306 ut
1682 2281 1786 2312 eum,

387 2348 502 2387 quem
525 2335 618 2379 dixi,
650 2335 676 2372 fi
697 2335 825 2380 vellet,
856 2336 1026 2381 audiret5
1059 2350 1227 2387 cumque
1249 2335 1283 2373 se
1305 2350 1379 2373 non
1402 2335 1504 2373 nolle
1521 2335 1695 2378 dixiffet5
1729 2335 1787 2372 lo-

387 2410 498 2438 cutus
529 2399 600 2437 effe
634 2399 777 2437 dicitur
806 2399 927 2438 homo
954 2401 1130 2454 copiosus
1154 2401 1301 2452 aliquot
1328 2400 1438 2438 horas
1471 2401 1517 2438 de
1549 2399 1788 2451 imperatoris

388 2466 531 2510 officio,
567 2474 604 2503 et
635 2465 681 2503 de
711 2467 818 2504 omni
849 2480 887 2504 re
907 2467 1079 2504 militari.
1123 2468 1247 2510 Tum,
1284 2480 1376 2504 cum
1412 2466 1551 2509 caeteri‚
1578 2465 1644 2516 qui
1676 2464 1789 2501 illum

444 2534 578 2571 ToM.
611 2531 643 2571 Ι.
1231 2533 1268 2570 D
1300 2531 1324 2569 d
