2176 2912
408 276 459 329 96
653 270 1553 315 D-EINVENTIONE

407 369 580 407 continet
610 367 966 420 amplificationem,
998 368 1092 420 quid
1122 368 1199 421 ipsa
1226 368 1333 406 causa
1366 368 1444 413 det,
1485 377 1522 406 et
1549 368 1643 421 quid
1672 368 1801 421 augeri

408 449 474 488 per
493 447 745 473 communem
764 434 895 472 locum
915 434 1038 486 possit,
1056 443 1093 472 et
1115 443 1297 487 oporteat,
1328 434 1634 473 considerabitur.
1694 435 1801 473 Nam

405 501 515 545 certi,
540 501 607 553 qui
627 501 667 538 in
690 514 823 538 omnes
843 500 1026 545 incidant,
1048 501 1123 538 loci
1141 500 1329 553 praescribi
1357 514 1433 539 non
1449 500 1623 553 pofl‘unt5
1656 501 1695 538 in
1715 501 1798 553 ple-

406 567 531 619 risque
556 565 703 604 fortaffe
723 567 770 603 ab
791 566 1010 604 auctoritate
1023 566 1396 618 jurisconsultorum,
1427 575 1464 604 et
1484 575 1615 604 contra
1634 566 1798 604 auctori·
1846 599 1849 601 ,

407 642 539 677 tatem,
561 632 638 670 dici
666 632 872 684 oportebit.
918 632 1211 670 Attendendum
1237 632 1288 670 est
1306 641 1433 670 autem
1463 641 1501 670 et
1519 632 1558 669 in
1586 631 1671 675 hac,
1702 642 1739 669 et
1760 632 1799 669 in

406 698 603 742 omnibus,
626 712 721 735 num
742 711 838 748 quos
858 697 961 735 locos
982 710 1223 740 communeS,
1254 706 1387 748 praeter
1406 711 1482 742 eos,
1505 711 1600 748 quos
1622 697 1797 749 exposui-

407 777 508 807 mus,
542 763 619 815 ipsa
648 776 702 800 res
734 762 916 800 ostendat.
977 763 1097 800 Nunc
1123 761 1338 813 juridiciale
1357 775 1475 814 genus
1502 771 1539 799 et
1569 771 1690 814 partes
1719 763 1799 814 ejus

406 829 700 868 confideremus.

461 896 615 934 XXIII.
639 894 871 946 Juridicialis
891 893 957 938 est,
980 893 1018 931 in
1033 907 1108 946 qua
1123 894 1222 946 aequi
1242 903 1280 932 et
1293 894 1417 946 iniqui
1434 902 1578 938 natura,
1599 902 1637 931 et
1652 893 1800 947 praemii

405 969 470 998 aut
491 973 612 1012 poenae
632 960 739 1004 ratio,
761 959 955 1011 quaeritur.
994 960 1125 1011 Hujus
1146 968 1267 1011 partes
1288 958 1375 997 sunt
1394 959 1490 1003 duae,
1519 972 1683 1011 quarum
1703 960 1798 997 alte-

406 1039 488 1064 ram
508 1025 733 1070 absolutam,
755 1024 1022 1077 afl‘umptivam
1042 1025 1212 1069 alteram,
1236 1026 1495 1063 nominamus.
1527 1024 1713 1063 Absoluta
1733 1024 1798 1069 est,

406 1105 492 1144 qua:
512 1091 588 1144 ipsa
607 1091 647 1128 in
667 1091 715 1136 se,
747 1104 824 1128 non
845 1100 888 1128 ut
907 1090 1106 1143 negotialis
1128 1091 1316 1143 implicite
1344 1100 1381 1128 et
1400 1090 1630 1135 abscondite,
1650 1090 1712 1128 sed
1731 1103 1799 1142 pa-

406 1157 550 1194 tentius
571 1166 608 1194 et
627 1156 840 1208 expeditius
861 1156 951 1193 resti
971 1165 1008 1193 et
1028 1169 1105 1194 non
1131 1157 1221 1193 redfi
1242 1156 1489 1209 quaestionem
1508 1156 1693 1194 continet.
1743 1156 1801 1192 Ea

405 1222 458 1260 est
477 1222 699 1275 hujusmodi
712 1240 723 1266 ;
748 1224 852 1260 Cum
869 1220 1048 1260 Thebani
1068 1222 1379 1259 Lacedaemonios
1401 1221 1504 1258 bello
1522 1220 1798 1273 superavissent,

405 1298 444 1326 et
459 1287 537 1325 fere
553 1301 636 1326 mos
657 1288 745 1326 effet
761 1288 902 1332 Graiis,
920 1301 1011 1325 cum
1029 1288 1127 1325 inter
1147 1288 1181 1324 se
1202 1286 1351 1335 bellum
1371 1285 1570 1339 geffifl‘ent,
1599 1295 1642 1324 ut
1658 1286 1699 1331 ii,
1731 1286 1800 1338 qui

404 1354 589 1398 vicissent,
611 1363 799 1406 tropaeum
815 1353 969 1406 aliquod
990 1354 1030 1391 in
1047 1353 1189 1390 finibus
1205 1352 1420 1398 statuerent,
1441 1351 1606 1390 vi&oriae
1626 1351 1742 1389 modo
1759 1352 1801 1390 in

405 1419 600 1473 praesentia
619 1419 851 1457 declarandae
878 1418 999 1464 causa,
1031 1433 1108 1456 non
1130 1428 1172 1456 ut
1198 1419 1237 1456 in
1258 1428 1488 1471 perpetuum
1503 1417 1596 1455 belli
1616 1418 1801 1456 memoria

407 1494 590 1530 maneret,
610 1499 759 1523 aeneum
774 1485 983 1523 statuerunt
1003 1494 1205 1537 tropaeum.
1228 1484 1465 1523 Accusantur
1483 1483 1583 1536 apud
1603 1481 1799 1537 Amphic-

407 1561 553 1603 tyonas,
576 1551 615 1588 id
635 1552 700 1595 est,
730 1551 830 1603 apud
850 1564 1060 1588 commune
1081 1552 1239 1589 Graecioe
1259 1551 1486 1588 concilium.

463 1617 631 1655 Intentio
649 1616 714 1660 est,
747 1616 841 1654 Non
862 1617 1046 1668 oportuit.
1090 1617 1274 1668 Depulfio
1292 1616 1358 1661 est,
1382 1616 1584 1668 Oportuit.
1630 1615 1800 1667 Qaestio

406 1682 472 1727 est,
496 1682 798 1735 Oportueritne?
830 1683 945 1720 Ratio
964 1682 1029 1727 est,
1051 1683 1150 1720 Eam
1170 1683 1276 1720 enim
1296 1696 1342 1720 ex
1363 1683 1464 1720 bello
1484 1682 1645 1734 glorIam
1659 1683 1800 1720 virtute

406 1750 640 1803 peperimus,
662 1758 705 1786 ut
724 1749 803 1799 ejus
825 1758 962 1785 aeterna
981 1749 1140 1801 infignia
1159 1749 1312 1801 posteris
1329 1749 1463 1786 nostris
1484 1748 1696 1800 relinquere
1717 1748 1798 1786 vel-

407 1815 546 1854 lemus.
579 1814 793 1852 Infirmatio
812 1814 877 1857 est,
909 1815 1093 1851 Attamen
1125 1824 1309 1852 aeternum
1338 1814 1631 1852 inimicitiarum
1655 1827 1800 1851 monu-

407 1890 587 1919 mentum
615 1880 751 1918 Graios
783 1880 828 1917 de
856 1880 982 1917 Graiis
1016 1880 1174 1918 statuere
1200 1894 1276 1917 non
1302 1888 1467 1932 oportet.
1518 1879 1712 1930 Judicatio
1732 1879 1797 1924 est,

407 1948 514 1984 Cum
534 1946 693 1984 summa:
714 1947 863 1983 virtutis
889 1946 1120 1983 celebrandae
1140 1945 1248 1984 causa
1267 1946 1375 1984 Graii
1395 1946 1442 1983 de
1463 1945 1590 1984 Graiis
1613 1955 1799 1983 aeternum

408 2012 700 2050 inimicitiarum
721 2021 1021 2050 monumentum
1042 2012 1250 2057 statuerint,
1278 2014 1439 2056 re&ene‚
1461 2025 1506 2049 an
1527 2021 1672 2055 contra,
1694 2010 1797 2048 fece-

409 2079 497 2115 rint.
535 2079 646 2115 Hanc
668 2079 752 2115 ideo
773 2079 958 2115 rationem
975 2078 1220 2129 subjecimus,
1235 2087 1277 2114 ut
1295 2076 1370 2114 hoc
1390 2077 1507 2114 causae
1524 2089 1642 2128 genus
1657 2076 1796 2128 ipsum,

408 2145 453 2180 de
472 2158 548 2195 quo
568 2145 731 2195 agimus,
754 2144 1056 2195 cognosceretur.
1100 2143 1206 2180 Nam
1228 2143 1256 2180 s1›
1273 2156 1355 2180 eam
1373 2141 1703 2194 supposuissemus,
1723 2154 1799 2193 qua

407 2209 555 2247 fortaffe
577 2210 627 2246 ufi
651 2210 748 2253 sunt,
776 2210 868 2248 Non
896 2209 999 2246 enim
1015 2208 1128 2260 juste,
1160 2222 1281 2259 neque
1302 2209 1362 2260 pie
1389 2208 1536 2245 bellum
1557 2207 1726 2259 geffistis,
1757 2208 1797 2246 in

408 2276 630 2313 relationem
651 2276 824 2312 criminis
846 2275 1126 2318 dilaberemum
1158 2274 1202 2311 de
1223 2287 1297 2325 qua
1316 2273 1397 2326 post
1418 2274 1634 2325 loquemur.

464 2342 685 2393 Utrumque
710 2351 837 2378 autem
869 2340 983 2378 causa·
1002 2354 1121 2392 genus
1153 2340 1191 2377 in
1214 2339 1311 2377 hanc
1338 2339 1487 2377 causam
1518 2339 1684 2377 incidere
1710 2353 1795 2392 per-

408 2407 583 2459 spicuum
603 2407 667 2444 est,
719 2408 762 2444 In
784 2405 880 2443 hanc
901 2406 1244 2458 argumentationes
1265 2419 1310 2443 ex
1342 2405 1473 2443 iisdem
1495 2406 1587 2443 locis
1608 2405 1797 2443 sumendae

407 2473 506 2517 sunt,
528 2483 640 2524 atque
659 2473 698 2510 in
719 2472 867 2510 causam
884 2472 1125 2525 negotialem,
1144 2472 1189 2509 de
1209 2485 1283 2524 qua
1303 2481 1386 2509 ante
1407 2473 1554 2510 dietum
1575 2471 1639 2509 est.
1672 2473 1796 2510 Locos

407 2549 535 2577 autem
567 2552 792 2576 communes
823 2548 860 2576 et
889 2552 933 2576 ex
965 2538 1072 2575 causa
1103 2538 1191 2590 ipsa,
1223 2538 1248 2575 s1
1268 2538 1361 2589 quid
1388 2538 1498 2576 inerit
1525 2537 1797 2590 indignationis

405 2615 471 2645 aut
490 2606 782 2658 conquestioniS,
815 2615 851 2643 et
871 2618 916 2643 ex
942 2606 1038 2658 juris
1060 2605 1222 2643 utilitate
1241 2614 1278 2643 et
1297 2614 1428 2643 natura
1447 2605 1590 2644 multos
1611 2614 1647 2642 et
1667 2616 1796 2657 graves
