2176 2912
706 148 1426 189 ORATORIBUS.
1700 167 1776 208 397

368 243 488 296 copiae
509 242 662 286 dixerit,
695 255 777 293 quae
794 251 871 279 erat
892 255 1031 294 magna
1051 241 1145 286 laus,
1176 241 1238 279 sed
1259 241 1373 279 etiam
1396 243 1492 281 bene
1522 247 1707 285 meritum
1728 249 1774 285 de

368 309 503 361 populi
525 308 695 346 Romani
724 308 882 344 nornine
912 317 949 344 et
970 307 1169 359 dignitate.
1231 308 1322 358 Qo
1351 309 1457 347 enim
1492 324 1569 348 uno
1590 313 1771 351 vinceba-

368 388 458 411 mur
477 388 497 411 a
517 374 614 410 vieta
636 373 799 417 Graecia,
822 372 861 410 id
877 382 941 410 aut
961 382 1136 425 ereptum
1158 373 1235 410 illis
1258 373 1324 417 est,
1346 384 1411 411 aut
1432 385 1530 413 certe
1551 378 1660 415 nobis
1681 393 1773 418 cum

367 440 444 477 illis
465 438 816 476 communicatum.
868 439 984 476 Hanc
1016 447 1159 483 autem,
1193 439 1334 491 inquit,
1365 439 1529 491 gloriam
1559 443 1773 483 testimoni-

368 519 513 556 umque
535 504 702 548 Caesaris,
722 513 795 542 tuae
815 504 975 556 quidem
996 504 1265 558 supplicationi
1287 519 1363 543 non
1385 506 1524 552 solum,
1547 508 1609 546 sed
1631 511 1771 549 trium-

367 570 455 624 phis
478 571 708 615 multorum,
731 580 934 623 antepono.

424 638 476 674 Et
498 638 596 674 reete
624 636 798 688 quidem,
821 638 994 688 inquam,
1026 638 1155 682 Brute,
1187 637 1303 675 modo
1325 638 1368 676 sit
1389 638 1464 677 hoc
1486 640 1638 679 Caesaris
1662 643 1772 694 judi-

366 704 431 748 cii,
454 717 531 741 non
552 703 839 747 benevolentiae,
862 703 1139 742 testimonium.
1172 704 1263 742 Plus
1285 705 1390 742 enim
1411 717 1510 744 certe
1530 708 1659 745 attulit
1679 708 1773 748 huic

367 769 513 822 populo
533 768 746 821 dignitatis,
778 768 949 820 quisquis
970 769 1021 806 est
1042 769 1122 814 ille,
1154 770 1179 807 fi
1201 770 1317 808 modo
1343 770 1396 808 est
1422 772 1574 824 aliquis,
1607 775 1675 826 qui
1695 789 1773 814 non

369 835 570 873 illustravit
591 834 721 878 modo,
753 834 814 871 sed
846 835 961 872 etiam
982 836 1115 887 genuit
1149 836 1188 872 in
1211 834 1282 873 hac
1319 837 1411 874 urbe
1432 838 1585 876 dicendi
1605 841 1772 893 copiam,

368 915 486 954 quam
506 901 580 945 illi,
603 901 671 952 qui
687 900 881 952 Ligurum
902 902 1053 939 castella
1068 912 1407 954 expugnaverunt,
1430 918 1476 942 ex
1497 906 1639 957 quibus
1656 909 1775 947 multi

369 968 469 1012 sunt,
491 976 535 1004 ut
554 966 672 1010 scitis,
696 965 901 1019 triumphi.

423 1034 571 1072 Verum
593 1033 752 1085 quidem
774 1033 800 1070 s1
832 1033 962 1071 audire
982 1034 1177 1080 volumus,
1215 1035 1374 1087 (omiffis
1408 1037 1483 1075 illis
1516 1038 1655 1077 divinis
1677 1054 1774 1078 con-

369 1101 472 1144 siliis,
504 1100 646 1151 quibus
667 1099 760 1151 saepe
780 1100 986 1138 constituta
1015 1101 1067 1138 est
1087 1102 1365 1154 imperatorum
1386 1103 1567 1157 sapienti&
1587 1106 1683 1144 salus
1715 1108 1774 1144 ci-

370 1167 496 1205 vitatis
517 1175 581 1204 aut
610 1165 716 1210 belli,
748 1175 812 1203 aut
832 1166 958 1219 domi)
990 1167 1117 1205 multo
1149 1170 1270 1221 magis
1291 1179 1416 1208 orator
1446 1171 1592 1224 praestat
1612 1173 1774 1211 minutis

370 1232 678 1286 imperatoribus.
712 1233 766 1270 At
786 1233 936 1285 prodest
955 1233 1042 1286 plus
1059 1234 1279 1287 imperator.
1327 1237 1427 1288 Qis
1447 1247 1559 1290 negat
1578 1240 1590 1276 ?
1623 1240 1694 1277 Sed
1715 1249 1774 1278 ta-

372 1313 476 1345 men,
517 1300 612 1351 (non
647 1308 781 1336 metuo
812 1313 858 1336 ne
889 1298 990 1337 mihi
1019 1300 1262 1346 acclametis,-
1306 1302 1357 1340 est
1388 1313 1517 1341 autem
1551 1305 1655 1357 quod
1689 1306 1774 1344 sen-

370 1367 440 1404 tias
472 1365 623 1404 dicendi
653 1365 751 1403 liber
776 1365 901 1418 locus)
934 1366 1070 1404 malim
1106 1366 1207 1404 mihi
1227 1369 1274 1405 L.
1316 1369 1431 1406 Crasti
1459 1384 1574 1408 unam
1595 1385 1664 1424 pro
1696 1372 1772 1411 Μ’.

373 1434 494 1472 Curio
526 1433 748 1477 diffitionem,
781 1445 898 1484 quam
928 1433 1144 1471 castellanos
1177 1434 1396 1487 triumphos
1431 1437 1540 1475 duos.
1601 1439 1655 1476 At
1687 1439 1773 1491 plus

371 1498 548 1537 interfuit
568 1498 787 1552 reipublicae
808 1498 1007 1537 castellum
1039 1500 1123 1552 capi
1144 1500 1352 1552 Ligurum,
1384 1516 1501 1553 quam
1523 1503 1620 1541 bene
1639 1504 1774 1543 defen-

371 1565 410 1603 di
440 1566 590 1604 causam
612 1566 686 1603 Μ’.
712 1565 837 1603 Curii.
889 1565 1028 1603 Credo.
1090 1565 1160 1603 Sed
1182 1565 1477 1606 Atheniensium
1512 1583 1667 1623 quoque
1686 1571 1773 1623 plus

371 1631 546 1670 interfuit
567 1632 679 1670 firma
699 1633 795 1670 teda
813 1632 853 1669 in
873 1631 1082 1670 domiciliis
1104 1631 1256 1677 habere,
1275 1647 1392 1686 quam
1413 1635 1601 1674 Minervae
1622 1637 1774 1689 fignum

373 1711 420 1735 ex
453 1698 566 1736 ebore
597 1697 934 1750 pulcherrimum;
968 1707 1095 1736 tamen
1125 1712 1195 1751 ego
1215 1713 1278 1738 me
1299 1699 1480 1739 Phidiam
1507 1702 1576 1740 effe
1600 1703 1772 1749 mallem,

372 1776 490 1815 quam
521 1764 580 1801 vel
615 1764 812 1815 optimum
844 1763 997 1802 fabrum
1031 1765 1254 1817 tignarium.
1307 1767 1435 1818 Qare
1461 1781 1552 1813 non,
1585 1779 1775 1821 quantum

373 1829 534 1881 quisque
554 1829 683 1882 profit,
715 1829 775 1867 sed
793 1831 926 1884 quanti
947 1831 1107 1883 quisque
1128 1831 1185 1876 fit,
1203 1832 1493 1884 ponderandum
1514 1835 1565 1873 est
1577 1854 1589 1880 ς
1620 1836 1774 1888 praeser-

373 1897 446 1934 tim
478 1910 570 1934 cum
601 1896 713 1949 pauci
747 1897 903 1949 pingere
937 1898 1085 1950 egregie
1118 1898 1271 1950 possint,
1308 1909 1372 1938 aut
1407 1901 1576 1953 fingere;
1615 1903 1775 1955 operarii

372 1972 515 2006 autem,
538 1973 602 2000 aut
622 1963 741 2014 bajuli
761 1963 880 2001 deeffe
902 1977 977 2002 non
998 1964 1150 2017 possint.

429 2030 617 2069 LXXIV.
652 2030 721 2067 Sed
741 2044 868 2083 perge,
901 2031 1105 2083 Pomponi,
1143 2032 1189 2069 de
1211 2033 1366 2077 Caefare,
1398 2042 1434 2071 et
1466 2035 1578 2072 redde
1599 2049 1682 2087 quae
1713 2050 1773 2074 re-

374 2097 483 2135 stant.
517 2097 652 2135 Solum
671 2096 844 2149 quidem,
859 2097 987 2150 inquit
1008 2098 1086 2143 ille,
1118 2108 1155 2136 et
1176 2101 1278 2151 quasi
1299 2099 1597 2140 fundamentum
1616 2105 1774 2142 oratoris

374 2162 492 2207 vides,
523 2163 760 2201 locutionem
790 2164 1031 2202 emendatam
1063 2174 1100 2203 et
1136 2166 1341 2211 Latinam;
1388 2169 1497 2219 cujus
1529 2181 1642 2221 penes
1678 2183 1774 2221 quos

373 2227 454 2266 hius
484 2227 609 2266 adhuc
643 2227 732 2273 fuit,
760 2242 837 2267 non
857 2228 933 2267 fuit
952 2231 1123 2275 rationis,
1155 2240 1220 2269 aut
1239 2231 1417 2277 scientiae,
1451 2233 1511 2270 sed
1532 2234 1634 2285 quasi
1666 2235 1775 2272 bonae

374 2293 674 2331 consuetudinis.
735 2294 860 2332 Mitto
886 2295 935 2333 C.
959 2296 1140 2342 Laelium,
1174 2298 1216 2335 P.
1240 2298 1489 2351 Scipionem:
1521 2300 1638 2337 aetatis
1670 2299 1772 2337 illius

378 2358 444 2395 ista
474 2357 550 2396 fuit
585 2359 678 2403 laus,
711 2368 893 2412 tanquam
928 2362 1169 2408 innocentiae,
1211 2363 1260 2401 fic
1290 2365 1426 2402 Latine
1460 2365 1641 2417 loquendi
1658 2382 1669 2409 3
1702 2377 1772 2401 nec

374 2425 556 2465 omnium
576 2435 717 2466 tamen.
750 2427 858 2467 Nam
877 2427 1036 2468 illorum
1055 2429 1231 2484 aequale3‚
1255 2431 1460 2471 Caecilium
1486 2441 1523 2470 et
1545 2430 1771 2475 Pacuvium,
