<?xml version="1.0" encoding="UTF-8"?>
<!DOCTYPE html PUBLIC "-//W3C//DTD XHTML 1.0 Transitional//EN"
    "http://www.w3.org/TR/xhtml1/DTD/xhtml1-transitional.dtd">
<html xmlns="http://www.w3.org/1999/xhtml" xml:lang="en" lang="en">
 <head>
  <title>
</title>
<meta http-equiv="Content-Type" content="text/html;charset=utf-8" />
  <meta name='ocr-system' content='tesseract 3.04.00' />
  <meta name='ocr-capabilities' content='ocr_page ocr_carea ocr_par ocr_line ocrx_word'/>
</head>
<body>
  <div class='ocr_page' id='page_1' title='image "./operacumindicibu01ciceuoft_0433.png"; bbox 0 0 2176 2912; ppageno 0'>
   <div class='ocr_carea' id='block_1_1' title="bbox 764 199 1730 255">
    <p class='ocr_par' dir='ltr' id='par_1_1' title="bbox 764 199 1730 255">
     <span class='ocr_line' id='line_1_1' title="bbox 764 199 1730 255; baseline 0.005 -15"><span class='ocrx_word' id='word_1_1' title='bbox 764 199 1294 240; x_wconf 87' lang='lat' dir='ltr'><strong>ORATOR.</strong></span> <span class='ocrx_word' id='word_1_2' title='bbox 1658 217 1730 255; x_wconf 87' lang='lat'>421</span> 
     </span>
    </p>
   </div>
   <div class='ocr_carea' id='block_1_2' title="bbox 314 293 1735 2600">
    <p class='ocr_par' dir='ltr' id='par_1_2' title="bbox 327 293 1735 733">
     <span class='ocr_line' id='line_1_2' title="bbox 332 293 1734 350; baseline 0.002 -15"><span class='ocrx_word' id='word_1_3' title='bbox 332 295 486 350; x_wconf 89' lang='lat' dir='ltr'>poterit.</span> <span class='ocrx_word' id='word_1_4' title='bbox 536 294 667 334; x_wconf 86' lang='lat' dir='ltr'>Prima</span> <span class='ocrx_word' id='word_1_5' title='bbox 684 294 790 332; x_wconf 92' lang='lat' dir='ltr'>enim</span> <span class='ocrx_word' id='word_1_6' title='bbox 809 294 1045 347; x_wconf 84' lang='lat' dir='ltr'>sequentem,</span> <span class='ocrx_word' id='word_1_7' title='bbox 1072 293 1279 333; x_wconf 89' lang='lat' dir='ltr'>honestum</span> <span class='ocrx_word' id='word_1_8' title='bbox 1309 293 1361 332; x_wconf 91' lang='lat' dir='ltr'>est</span> <span class='ocrx_word' id='word_1_9' title='bbox 1381 293 1421 333; x_wconf 86' lang='lat' dir='ltr'>in</span> <span class='ocrx_word' id='word_1_10' title='bbox 1441 293 1628 343; x_wconf 84' lang='lat' dir='ltr'>secundis,</span> <span class='ocrx_word' id='word_1_11' title='bbox 1657 308 1734 338; x_wconf 87' lang='lat' dir='ltr'>ter-</span> 
     </span>
     <span class='ocr_line' id='line_1_3' title="bbox 332 361 1735 417; baseline 0.003 -17"><span class='ocrx_word' id='word_1_12' title='bbox 332 363 471 415; x_wconf 90' lang='lat' dir='ltr'>tiisque</span> <span class='ocrx_word' id='word_1_13' title='bbox 489 361 698 400; x_wconf 89' lang='lat' dir='ltr'>confistere.</span> <span class='ocrx_word' id='word_1_14' title='bbox 731 362 838 400; x_wconf 86' lang='lat' dir='ltr'>Nam</span> <span class='ocrx_word' id='word_1_15' title='bbox 858 361 898 398; x_wconf 86' lang='lat' dir='ltr'>in</span> <span class='ocrx_word' id='word_1_16' title='bbox 918 362 1055 413; x_wconf 80' lang='lat' dir='ltr'>poetiS,</span> <span class='ocrx_word' id='word_1_17' title='bbox 1078 375 1154 400; x_wconf 90' lang='lat' dir='ltr'>non</span> <span class='ocrx_word' id='word_1_18' title='bbox 1177 362 1352 400; x_wconf 89' lang='lat' dir='ltr'>Homero</span> <span class='ocrx_word' id='word_1_19' title='bbox 1374 361 1441 400; x_wconf 91' lang='lat' dir='ltr'>soli</span> <span class='ocrx_word' id='word_1_20' title='bbox 1462 363 1568 402; x_wconf 85' lang='lat' dir='ltr'>locus</span> <span class='ocrx_word' id='word_1_21' title='bbox 1589 365 1640 403; x_wconf 87' lang='lat' dir='ltr'>est</span> <span class='ocrx_word' id='word_1_22' title='bbox 1673 367 1735 417; x_wconf 88' lang='lat' dir='ltr'>(ut</span> 
     </span>
     <span class='ocr_line' id='line_1_4' title="bbox 330 426 1731 480; baseline 0.004 -14"><span class='ocrx_word' id='word_1_23' title='bbox 330 429 378 466; x_wconf 91' lang='lat' dir='ltr'>de</span> <span class='ocrx_word' id='word_1_24' title='bbox 395 430 540 466; x_wconf 82' lang='lat' dir='ltr'>Graecis</span> <span class='ocrx_word' id='word_1_25' title='bbox 561 429 711 480; x_wconf 91' lang='lat' dir='ltr'>loquar)</span> <span class='ocrx_word' id='word_1_26' title='bbox 734 438 798 465; x_wconf 89' lang='lat' dir='ltr'>aut</span> <span class='ocrx_word' id='word_1_27' title='bbox 811 426 1066 473; x_wconf 86' lang='lat' dir='ltr'>Archilocho,</span> <span class='ocrx_word' id='word_1_28' title='bbox 1088 437 1153 466; x_wconf 87' lang='lat' dir='ltr'>aut</span> <span class='ocrx_word' id='word_1_29' title='bbox 1167 427 1362 480; x_wconf 89' lang='lat' dir='ltr'>Sophocli,</span> <span class='ocrx_word' id='word_1_30' title='bbox 1380 438 1445 466; x_wconf 88' lang='lat' dir='ltr'>aut</span> <span class='ocrx_word' id='word_1_31' title='bbox 1463 430 1646 476; x_wconf 73' lang='lat' dir='ltr'>Pindaro,</span> <span class='ocrx_word' id='word_1_32' title='bbox 1670 433 1731 471; x_wconf 89' lang='lat' dir='ltr'>sed</span> 
     </span>
     <span class='ocr_line' id='line_1_5' title="bbox 329 493 1731 539; baseline 0.002 -7"><span class='ocrx_word' id='word_1_33' title='bbox 329 493 473 532; x_wconf 90' lang='lat' dir='ltr'>horum</span> <span class='ocrx_word' id='word_1_34' title='bbox 490 494 550 532; x_wconf 91' lang='lat' dir='ltr'>vel</span> <span class='ocrx_word' id='word_1_35' title='bbox 571 494 759 539; x_wconf 84' lang='lat' dir='ltr'>secundis,</span> <span class='ocrx_word' id='word_1_36' title='bbox 782 494 841 532; x_wconf 91' lang='lat' dir='ltr'>vel</span> <span class='ocrx_word' id='word_1_37' title='bbox 862 495 979 532; x_wconf 83' lang='lat' dir='ltr'>etiam</span> <span class='ocrx_word' id='word_1_38' title='bbox 1000 493 1099 532; x_wconf 88' lang='lat' dir='ltr'>infra</span> <span class='ocrx_word' id='word_1_39' title='bbox 1118 493 1316 533; x_wconf 82' lang='lat' dir='ltr'>secundos.</span> <span class='ocrx_word' id='word_1_40' title='bbox 1360 495 1402 533; x_wconf 91' lang='lat' dir='ltr'>N</span> <span class='ocrx_word' id='word_1_41' title='bbox 1405 508 1447 532; x_wconf 88' lang='lat' dir='ltr'>ec</span> <span class='ocrx_word' id='word_1_42' title='bbox 1475 509 1563 534; x_wconf 90' lang='lat' dir='ltr'>vero</span> <span class='ocrx_word' id='word_1_43' title='bbox 1583 498 1731 536; x_wconf 87' lang='lat' dir='ltr'>Aristo-</span> 
     </span>
     <span class='ocr_line' id='line_1_6' title="bbox 327 560 1731 614; baseline 0.002 -16"><span class='ocrx_word' id='word_1_44' title='bbox 327 561 448 599; x_wconf 85' lang='lat' dir='ltr'>telem</span> <span class='ocrx_word' id='word_1_45' title='bbox 467 561 509 599; x_wconf 90' lang='lat' dir='ltr'>in</span> <span class='ocrx_word' id='word_1_46' title='bbox 542 560 786 614; x_wconf 83' lang='lat' dir='ltr'>philosophia</span> <span class='ocrx_word' id='word_1_47' title='bbox 806 561 990 599; x_wconf 85' lang='lat' dir='ltr'>deterruit</span> <span class='ocrx_word' id='word_1_48' title='bbox 1015 575 1036 598; x_wconf 93' lang='lat' dir='ltr'>a</span> <span class='ocrx_word' id='word_1_49' title='bbox 1055 560 1254 598; x_wconf 90' lang='lat' dir='ltr'>scribendo</span> <span class='ocrx_word' id='word_1_50' title='bbox 1285 561 1502 614; x_wconf 87' lang='lat' dir='ltr'>amplitudo</span> <span class='ocrx_word' id='word_1_51' title='bbox 1533 562 1703 601; x_wconf 84' lang='lat' dir='ltr'>Platonis</span> <span class='ocrx_word' id='word_1_52' title='bbox 1720 583 1731 608; x_wconf 84' lang='lat'>;</span> 
     </span>
     <span class='ocr_line' id='line_1_7' title="bbox 328 627 1731 682; baseline 0.002 -17"><span class='ocrx_word' id='word_1_53' title='bbox 328 641 399 665; x_wconf 90' lang='lat' dir='ltr'>nec</span> <span class='ocrx_word' id='word_1_54' title='bbox 419 628 497 680; x_wconf 90' lang='lat' dir='ltr'>ipse</span> <span class='ocrx_word' id='word_1_55' title='bbox 517 627 740 666; x_wconf 86' lang='lat' dir='ltr'>Aristoteles</span> <span class='ocrx_word' id='word_1_56' title='bbox 771 627 988 666; x_wconf 84' lang='lat' dir='ltr'>admirabili</span> <span class='ocrx_word' id='word_1_57' title='bbox 1020 627 1185 680; x_wconf 82' lang='lat' dir='ltr'>quadam</span> <span class='ocrx_word' id='word_1_58' title='bbox 1206 627 1362 666; x_wconf 90' lang='lat' dir='ltr'>scientia</span> <span class='ocrx_word' id='word_1_59' title='bbox 1382 638 1419 667; x_wconf 91' lang='lat' dir='ltr'>et</span> <span class='ocrx_word' id='word_1_60' title='bbox 1445 629 1556 682; x_wconf 87' lang='lat' dir='ltr'>copia</span> <span class='ocrx_word' id='word_1_61' title='bbox 1575 639 1731 668; x_wconf 84' lang='lat' dir='ltr'>caetero-</span> 
     </span>
     <span class='ocr_line' id='line_1_8' title="bbox 328 694 763 733; baseline 0 -1"><span class='ocrx_word' id='word_1_62' title='bbox 328 707 419 732; x_wconf 83' lang='lat' dir='ltr'>rum</span> <span class='ocrx_word' id='word_1_63' title='bbox 437 694 559 732; x_wconf 91' lang='lat' dir='ltr'>studia</span> <span class='ocrx_word' id='word_1_64' title='bbox 577 694 763 733; x_wconf 85' lang='lat' dir='ltr'>restinxit.</span> 
     </span>
    </p>

    <p class='ocr_par' dir='ltr' id='par_1_3' title="bbox 320 761 1733 1741">
     <span class='ocr_line' id='line_1_9' title="bbox 384 761 1733 815; baseline 0.001 -16"><span class='ocrx_word' id='word_1_65' title='bbox 384 762 437 800; x_wconf 91' lang='grc' dir='ltr'>ΙΙ.</span> <span class='ocrx_word' id='word_1_66' title='bbox 474 762 562 800; x_wconf 91' lang='lat' dir='ltr'>Nec</span> <span class='ocrx_word' id='word_1_67' title='bbox 583 761 709 800; x_wconf 87' lang='lat' dir='ltr'>solum</span> <span class='ocrx_word' id='word_1_68' title='bbox 727 762 774 799; x_wconf 89' lang='lat' dir='ltr'>ab</span> <span class='ocrx_word' id='word_1_69' title='bbox 794 762 952 815; x_wconf 85' lang='lat' dir='ltr'>optimis</span> <span class='ocrx_word' id='word_1_70' title='bbox 973 761 1104 800; x_wconf 84' lang='lat' dir='ltr'>studiis</span> <span class='ocrx_word' id='word_1_71' title='bbox 1121 761 1350 800; x_wconf 81' lang='lat' dir='ltr'>excellentes</span> <span class='ocrx_word' id='word_1_72' title='bbox 1372 763 1443 800; x_wconf 84' lang='lat' dir='ltr'>viri</span> <span class='ocrx_word' id='word_1_73' title='bbox 1464 763 1632 801; x_wconf 89' lang='lat' dir='ltr'>deterriti</span> <span class='ocrx_word' id='word_1_74' title='bbox 1653 777 1733 802; x_wconf 83' lang='lat' dir='ltr'>non</span> 
     </span>
     <span class='ocr_line' id='line_1_10' title="bbox 328 826 1731 881; baseline 0.002 -17"><span class='ocrx_word' id='word_1_75' title='bbox 328 826 429 872; x_wconf 84' lang='lat' dir='ltr'>sunt,</span> <span class='ocrx_word' id='word_1_76' title='bbox 471 827 534 866; x_wconf 88' lang='lat' dir='ltr'>sed</span> <span class='ocrx_word' id='word_1_77' title='bbox 561 841 610 866; x_wconf 89' lang='lat' dir='ltr'>ne</span> <span class='ocrx_word' id='word_1_78' title='bbox 636 827 792 880; x_wconf 87' lang='lat' dir='ltr'>opifices</span> <span class='ocrx_word' id='word_1_79' title='bbox 823 828 983 880; x_wconf 91' lang='lat' dir='ltr'>quidem</span> <span class='ocrx_word' id='word_1_80' title='bbox 1015 828 1050 865; x_wconf 93' lang='lat' dir='ltr'>se</span> <span class='ocrx_word' id='word_1_81' title='bbox 1084 828 1227 866; x_wconf 82' lang='lat' dir='ltr'>artibus</span> <span class='ocrx_word' id='word_1_82' title='bbox 1264 829 1338 867; x_wconf 87' lang='lat' dir='ltr'>suis</span> <span class='ocrx_word' id='word_1_83' title='bbox 1373 838 1630 874; x_wconf 84' lang='lat' dir='ltr'>removerunt,</span> <span class='ocrx_word' id='word_1_84' title='bbox 1663 831 1731 881; x_wconf 88' lang='lat' dir='ltr'>qui</span> 
     </span>
     <span class='ocr_line' id='line_1_11' title="bbox 326 893 1730 947; baseline 0.001 -17"><span class='ocrx_word' id='word_1_85' title='bbox 326 903 392 931; x_wconf 90' lang='lat' dir='ltr'>aut</span> <span class='ocrx_word' id='word_1_86' title='bbox 407 893 530 945; x_wconf 82' lang='lat' dir='ltr'>Ialysi,</span> <span class='ocrx_word' id='word_1_87' title='bbox 560 907 678 946; x_wconf 90' lang='lat' dir='ltr'>quem</span> <span class='ocrx_word' id='word_1_88' title='bbox 699 893 831 931; x_wconf 88' lang='lat' dir='ltr'>Rhodi</span> <span class='ocrx_word' id='word_1_89' title='bbox 852 893 1034 938; x_wconf 87' lang='lat' dir='ltr'>vidimus,</span> <span class='ocrx_word' id='word_1_90' title='bbox 1058 908 1134 932; x_wconf 91' lang='lat' dir='ltr'>non</span> <span class='ocrx_word' id='word_1_91' title='bbox 1155 904 1376 947; x_wconf 86' lang='lat' dir='ltr'>potuerunt,</span> <span class='ocrx_word' id='word_1_92' title='bbox 1404 904 1469 932; x_wconf 90' lang='lat' dir='ltr'>aut</span> <span class='ocrx_word' id='word_1_93' title='bbox 1490 896 1579 933; x_wconf 76' lang='lat' dir='ltr'>Coae</span> <span class='ocrx_word' id='word_1_94' title='bbox 1600 896 1730 932; x_wconf 87' lang='lat' dir='ltr'>Vene-</span> 
     </span>
     <span class='ocr_line' id='line_1_12' title="bbox 325 958 1733 1012; baseline 0.001 -16"><span class='ocrx_word' id='word_1_95' title='bbox 325 959 377 996; x_wconf 80' lang='lat' dir='ltr'>riS</span> <span class='ocrx_word' id='word_1_96' title='bbox 402 958 722 1011; x_wconf 85' lang='lat' dir='ltr'>puchritudinem</span> <span class='ocrx_word' id='word_1_97' title='bbox 753 959 911 997; x_wconf 86' lang='lat' dir='ltr'>imitari.</span> <span class='ocrx_word' id='word_1_98' title='bbox 962 959 1048 997; x_wconf 86' lang='lat' dir='ltr'>Nec</span> <span class='ocrx_word' id='word_1_99' title='bbox 1078 959 1281 997; x_wconf 79' lang='lat' dir='ltr'>simulacro</span> <span class='ocrx_word' id='word_1_100' title='bbox 1312 961 1419 1011; x_wconf 87' lang='lat' dir='ltr'>Jovis</span> <span class='ocrx_word' id='word_1_101' title='bbox 1443 960 1636 1012; x_wconf 79' lang='lat' dir='ltr'>Olympii,</span> <span class='ocrx_word' id='word_1_102' title='bbox 1667 970 1733 998; x_wconf 81' lang='lat' dir='ltr'>aut</span> 
     </span>
     <span class='ocr_line' id='line_1_13' title="bbox 325 1024 1729 1079; baseline 0.001 -16"><span class='ocrx_word' id='word_1_103' title='bbox 325 1024 552 1078; x_wconf 87' lang='lat' dir='ltr'>Doryphori</span> <span class='ocrx_word' id='word_1_104' title='bbox 571 1025 689 1064; x_wconf 84' lang='lat' dir='ltr'>statua</span> <span class='ocrx_word' id='word_1_105' title='bbox 708 1026 889 1071; x_wconf 86' lang='lat' dir='ltr'>deterriti,</span> <span class='ocrx_word' id='word_1_106' title='bbox 922 1026 1061 1078; x_wconf 89' lang='lat' dir='ltr'>reliqui</span> <span class='ocrx_word' id='word_1_107' title='bbox 1090 1027 1220 1064; x_wconf 85' lang='lat' dir='ltr'>minus</span> <span class='ocrx_word' id='word_1_108' title='bbox 1247 1027 1393 1079; x_wconf 82' lang='lat' dir='ltr'>experti</span> <span class='ocrx_word' id='word_1_109' title='bbox 1413 1026 1513 1071; x_wconf 89' lang='lat' dir='ltr'>sunt,</span> <span class='ocrx_word' id='word_1_110' title='bbox 1550 1027 1645 1079; x_wconf 92' lang='lat' dir='ltr'>quid</span> <span class='ocrx_word' id='word_1_111' title='bbox 1670 1026 1729 1064; x_wconf 88' lang='lat' dir='ltr'>ef-</span> 
     </span>
     <span class='ocr_line' id='line_1_14' title="bbox 325 1091 1729 1145; baseline 0 -15"><span class='ocrx_word' id='word_1_112' title='bbox 325 1091 450 1137; x_wconf 90' lang='lat' dir='ltr'>ficere,</span> <span class='ocrx_word' id='word_1_113' title='bbox 481 1102 546 1131; x_wconf 88' lang='lat' dir='ltr'>aut</span> <span class='ocrx_word' id='word_1_114' title='bbox 566 1106 643 1144; x_wconf 91' lang='lat' dir='ltr'>quo</span> <span class='ocrx_word' id='word_1_115' title='bbox 662 1092 854 1145; x_wconf 84' lang='lat' dir='ltr'>progredi,</span> <span class='ocrx_word' id='word_1_116' title='bbox 876 1091 1022 1145; x_wconf 76' lang='lat' dir='ltr'>polsent</span> <span class='ocrx_word' id='word_1_117' title='bbox 1038 1111 1049 1136; x_wconf 80' lang='lat'>3</span> <span class='ocrx_word' id='word_1_118' title='bbox 1082 1106 1249 1144; x_wconf 89' lang='lat' dir='ltr'>quorum</span> <span class='ocrx_word' id='word_1_119' title='bbox 1270 1102 1375 1131; x_wconf 82' lang='lat' dir='ltr'>tanta</span> <span class='ocrx_word' id='word_1_120' title='bbox 1394 1093 1608 1131; x_wconf 86' lang='lat' dir='ltr'>multitudo</span> <span class='ocrx_word' id='word_1_121' title='bbox 1638 1092 1729 1137; x_wconf 85' lang='lat' dir='ltr'>fuit,</span> 
     </span>
     <span class='ocr_line' id='line_1_15' title="bbox 326 1158 1729 1211; baseline 0.001 -15"><span class='ocrx_word' id='word_1_122' title='bbox 326 1167 431 1196; x_wconf 87' lang='lat' dir='ltr'>tanta</span> <span class='ocrx_word' id='word_1_123' title='bbox 466 1159 506 1196; x_wconf 93' lang='lat' dir='ltr'>in</span> <span class='ocrx_word' id='word_1_124' title='bbox 532 1158 597 1196; x_wconf 91' lang='lat' dir='ltr'>suo</span> <span class='ocrx_word' id='word_1_125' title='bbox 625 1159 809 1210; x_wconf 85' lang='lat' dir='ltr'>cujusque</span> <span class='ocrx_word' id='word_1_126' title='bbox 835 1172 969 1211; x_wconf 85' lang='lat' dir='ltr'>genere</span> <span class='ocrx_word' id='word_1_127' title='bbox 990 1158 1085 1203; x_wconf 82' lang='lat' dir='ltr'>laus,</span> <span class='ocrx_word' id='word_1_128' title='bbox 1117 1168 1174 1203; x_wconf 89' lang='lat' dir='ltr'>ut,</span> <span class='ocrx_word' id='word_1_129' title='bbox 1203 1173 1295 1197; x_wconf 87' lang='lat' dir='ltr'>curn</span> <span class='ocrx_word' id='word_1_130' title='bbox 1316 1159 1467 1197; x_wconf 88' lang='lat' dir='ltr'>summa</span> <span class='ocrx_word' id='word_1_131' title='bbox 1487 1160 1729 1204; x_wconf 85' lang='lat' dir='ltr'>miraremur,</span> 
     </span>
     <span class='ocr_line' id='line_1_16' title="bbox 323 1223 1728 1277; baseline 0 -15"><span class='ocrx_word' id='word_1_132' title='bbox 323 1223 505 1262; x_wconf 83' lang='lat' dir='ltr'>inferiora</span> <span class='ocrx_word' id='word_1_133' title='bbox 525 1234 652 1262; x_wconf 82' lang='lat' dir='ltr'>tamen</span> <span class='ocrx_word' id='word_1_134' title='bbox 688 1224 947 1277; x_wconf 79' lang='lat' dir='ltr'>probaremus.</span> <span class='ocrx_word' id='word_1_135' title='bbox 1008 1225 1054 1262; x_wconf 89' lang='lat' dir='ltr'>In</span> <span class='ocrx_word' id='word_1_136' title='bbox 1084 1226 1296 1263; x_wconf 85' lang='lat' dir='ltr'>oratoribus</span> <span class='ocrx_word' id='word_1_137' title='bbox 1329 1239 1431 1270; x_wconf 82' lang='lat' dir='ltr'>vero,</span> <span class='ocrx_word' id='word_1_138' title='bbox 1464 1226 1610 1263; x_wconf 74' lang='lat' dir='ltr'>Graecis</span> <span class='ocrx_word' id='word_1_139' title='bbox 1638 1226 1728 1277; x_wconf 86' lang='lat' dir='ltr'>qui-</span> 
     </span>
     <span class='ocr_line' id='line_1_17' title="bbox 325 1290 1727 1342; baseline 0 -14"><span class='ocrx_word' id='word_1_140' title='bbox 325 1291 427 1336; x_wconf 91' lang='lat' dir='ltr'>dem,</span> <span class='ocrx_word' id='word_1_141' title='bbox 459 1291 681 1329; x_wconf 84' lang='lat' dir='ltr'>admirabile</span> <span class='ocrx_word' id='word_1_142' title='bbox 696 1290 761 1335; x_wconf 90' lang='lat' dir='ltr'>est,</span> <span class='ocrx_word' id='word_1_143' title='bbox 783 1300 974 1342; x_wconf 86' lang='lat' dir='ltr'>quantum</span> <span class='ocrx_word' id='word_1_144' title='bbox 993 1290 1093 1328; x_wconf 91' lang='lat' dir='ltr'>inter</span> <span class='ocrx_word' id='word_1_145' title='bbox 1112 1305 1246 1329; x_wconf 88' lang='lat' dir='ltr'>omnes</span> <span class='ocrx_word' id='word_1_146' title='bbox 1268 1304 1365 1328; x_wconf 89' lang='lat' dir='ltr'>unus</span> <span class='ocrx_word' id='word_1_147' title='bbox 1386 1291 1560 1329; x_wconf 83' lang='lat' dir='ltr'>excellat.</span> <span class='ocrx_word' id='word_1_148' title='bbox 1612 1293 1727 1328; x_wconf 81' lang='lat' dir='ltr'>Atta-</span> 
     </span>
     <span class='ocr_line' id='line_1_18' title="bbox 323 1354 1727 1409; baseline 0.001 -15"><span class='ocrx_word' id='word_1_149' title='bbox 323 1370 430 1401; x_wconf 90' lang='lat' dir='ltr'>men,</span> <span class='ocrx_word' id='word_1_150' title='bbox 461 1371 554 1395; x_wconf 88' lang='lat' dir='ltr'>cum</span> <span class='ocrx_word' id='word_1_151' title='bbox 587 1356 675 1394; x_wconf 73' lang='lat' dir='ltr'>efl‘et</span> <span class='ocrx_word' id='word_1_152' title='bbox 704 1354 999 1401; x_wconf 82' lang='lat' dir='ltr'>Demosthenes,</span> <span class='ocrx_word' id='word_1_153' title='bbox 1046 1356 1164 1394; x_wconf 88' lang='lat' dir='ltr'>multi</span> <span class='ocrx_word' id='word_1_154' title='bbox 1198 1366 1363 1394; x_wconf 88' lang='lat' dir='ltr'>oratores</span> <span class='ocrx_word' id='word_1_155' title='bbox 1395 1357 1524 1409; x_wconf 88' lang='lat' dir='ltr'>magni</span> <span class='ocrx_word' id='word_1_156' title='bbox 1556 1366 1594 1394; x_wconf 91' lang='lat' dir='ltr'>et</span> <span class='ocrx_word' id='word_1_157' title='bbox 1635 1356 1727 1395; x_wconf 84' lang='lat' dir='ltr'>clari</span> 
     </span>
     <span class='ocr_line' id='line_1_19' title="bbox 322 1420 1727 1475; baseline -0.001 -15"><span class='ocrx_word' id='word_1_158' title='bbox 322 1421 493 1467; x_wconf 83' lang='lat' dir='ltr'>fuerunt,</span> <span class='ocrx_word' id='word_1_159' title='bbox 526 1432 564 1460; x_wconf 89' lang='lat' dir='ltr'>et</span> <span class='ocrx_word' id='word_1_160' title='bbox 594 1431 703 1460; x_wconf 84' lang='lat' dir='ltr'>antea</span> <span class='ocrx_word' id='word_1_161' title='bbox 737 1420 901 1467; x_wconf 85' lang='lat' dir='ltr'>fuerant,</span> <span class='ocrx_word' id='word_1_162' title='bbox 939 1435 1008 1460; x_wconf 90' lang='lat' dir='ltr'>nec</span> <span class='ocrx_word' id='word_1_163' title='bbox 1039 1422 1166 1475; x_wconf 88' lang='lat' dir='ltr'>postea</span> <span class='ocrx_word' id='word_1_164' title='bbox 1196 1421 1430 1460; x_wconf 88' lang='lat' dir='ltr'>defecerunt.</span> <span class='ocrx_word' id='word_1_165' title='bbox 1492 1423 1621 1474; x_wconf 86' lang='lat' dir='ltr'>Qare</span> <span class='ocrx_word' id='word_1_166' title='bbox 1649 1435 1727 1460; x_wconf 90' lang='lat' dir='ltr'>non</span> 
     </span>
     <span class='ocr_line' id='line_1_20' title="bbox 322 1487 1725 1541; baseline -0.001 -15"><span class='ocrx_word' id='word_1_167' title='bbox 322 1489 388 1534; x_wconf 85' lang='lat' dir='ltr'>est,</span> <span class='ocrx_word' id='word_1_168' title='bbox 420 1502 487 1527; x_wconf 92' lang='lat' dir='ltr'>cur</span> <span class='ocrx_word' id='word_1_169' title='bbox 519 1503 667 1534; x_wconf 88' lang='lat' dir='ltr'>eorum,</span> <span class='ocrx_word' id='word_1_170' title='bbox 698 1489 767 1541; x_wconf 88' lang='lat' dir='ltr'>qui</span> <span class='ocrx_word' id='word_1_171' title='bbox 796 1488 831 1526; x_wconf 86' lang='lat' dir='ltr'>se</span> <span class='ocrx_word' id='word_1_172' title='bbox 860 1488 984 1526; x_wconf 87' lang='lat' dir='ltr'>studio</span> <span class='ocrx_word' id='word_1_173' title='bbox 1018 1488 1246 1540; x_wconf 85' lang='lat' dir='ltr'>eloquentiae</span> <span class='ocrx_word' id='word_1_174' title='bbox 1278 1488 1518 1532; x_wconf 87' lang='lat' dir='ltr'>dediderunt,</span> <span class='ocrx_word' id='word_1_175' title='bbox 1550 1487 1631 1540; x_wconf 82' lang='lat' dir='ltr'>spes</span> <span class='ocrx_word' id='word_1_176' title='bbox 1664 1490 1725 1526; x_wconf 81' lang='lat' dir='ltr'>in·-</span> 
     </span>
     <span class='ocr_line' id='line_1_21' title="bbox 320 1554 1724 1608; baseline -0.001 -14"><span class='ocrx_word' id='word_1_177' title='bbox 320 1555 525 1608; x_wconf 77' lang='lat' dir='ltr'>fringatur,</span> <span class='ocrx_word' id='word_1_178' title='bbox 556 1564 621 1592; x_wconf 91' lang='lat' dir='ltr'>aut</span> <span class='ocrx_word' id='word_1_179' title='bbox 654 1555 871 1607; x_wconf 82' lang='lat' dir='ltr'>languescat</span> <span class='ocrx_word' id='word_1_180' title='bbox 903 1554 1099 1593; x_wconf 89' lang='lat' dir='ltr'>industria.</span> <span class='ocrx_word' id='word_1_181' title='bbox 1160 1555 1266 1593; x_wconf 89' lang='lat' dir='ltr'>Nam</span> <span class='ocrx_word' id='word_1_182' title='bbox 1298 1568 1422 1606; x_wconf 90' lang='lat' dir='ltr'>neque</span> <span class='ocrx_word' id='word_1_183' title='bbox 1454 1554 1550 1592; x_wconf 89' lang='lat' dir='ltr'>illud</span> <span class='ocrx_word' id='word_1_184' title='bbox 1582 1554 1724 1606; x_wconf 89' lang='lat' dir='ltr'>ipsum,</span> 
     </span>
     <span class='ocr_line' id='line_1_22' title="bbox 321 1620 1729 1675; baseline -0.001 -15"><span class='ocrx_word' id='word_1_185' title='bbox 321 1622 426 1674; x_wconf 90' lang='lat' dir='ltr'>quod</span> <span class='ocrx_word' id='word_1_186' title='bbox 446 1621 498 1659; x_wconf 89' lang='lat' dir='ltr'>est</span> <span class='ocrx_word' id='word_1_187' title='bbox 517 1622 728 1675; x_wconf 89' lang='lat' dir='ltr'>optimum,</span> <span class='ocrx_word' id='word_1_188' title='bbox 759 1621 1035 1675; x_wconf 89' lang='lat' dir='ltr'>desperandum</span> <span class='ocrx_word' id='word_1_189' title='bbox 1066 1621 1146 1667; x_wconf 73' lang='lat' dir='ltr'>est,</span> <span class='ocrx_word' id='word_1_190' title='bbox 1184 1631 1222 1659; x_wconf 91' lang='lat' dir='ltr'>et</span> <span class='ocrx_word' id='word_1_191' title='bbox 1251 1621 1291 1659; x_wconf 88' lang='lat' dir='ltr'>in</span> <span class='ocrx_word' id='word_1_192' title='bbox 1312 1620 1575 1674; x_wconf 67' lang='lat' dir='ltr'>praestantibus</span> <span class='ocrx_word' id='word_1_193' title='bbox 1596 1621 1729 1665; x_wconf 72' lang='lat' dir='ltr'>rebus,</span> 
     </span>
     <span class='ocr_line' id='line_1_23' title="bbox 321 1688 1240 1741; baseline -0.001 -15"><span class='ocrx_word' id='word_1_194' title='bbox 321 1702 461 1741; x_wconf 81' lang='lat' dir='ltr'>magna</span> <span class='ocrx_word' id='word_1_195' title='bbox 480 1688 565 1726; x_wconf 90' lang='lat' dir='ltr'>sunt</span> <span class='ocrx_word' id='word_1_196' title='bbox 585 1702 640 1732; x_wconf 89' lang='lat' dir='ltr'>ea,</span> <span class='ocrx_word' id='word_1_197' title='bbox 662 1702 746 1740; x_wconf 77' lang='lat' dir='ltr'>quae</span> <span class='ocrx_word' id='word_1_198' title='bbox 766 1688 853 1726; x_wconf 89' lang='lat' dir='ltr'>sunt</span> <span class='ocrx_word' id='word_1_199' title='bbox 872 1688 1030 1740; x_wconf 85' lang='lat' dir='ltr'>optimis</span> <span class='ocrx_word' id='word_1_200' title='bbox 1050 1688 1240 1740; x_wconf 87' lang='lat' dir='ltr'>proxima.</span> 
     </span>
    </p>

    <p class='ocr_par' dir='ltr' id='par_1_4' title="bbox 314 1752 1728 2600">
     <span class='ocr_line' id='line_1_24' title="bbox 376 1752 1720 1806; baseline 0.001 -16"><span class='ocrx_word' id='word_1_201' title='bbox 376 1755 507 1804; x_wconf 89' lang='lat' dir='ltr'>Atque</span> <span class='ocrx_word' id='word_1_202' title='bbox 545 1767 616 1805; x_wconf 84' lang='lat' dir='ltr'>ego</span> <span class='ocrx_word' id='word_1_203' title='bbox 655 1753 696 1790; x_wconf 92' lang='lat' dir='ltr'>in</span> <span class='ocrx_word' id='word_1_204' title='bbox 737 1753 889 1791; x_wconf 88' lang='lat' dir='ltr'>summo</span> <span class='ocrx_word' id='word_1_205' title='bbox 929 1763 1075 1791; x_wconf 85' lang='lat' dir='ltr'>oratore</span> <span class='ocrx_word' id='word_1_206' title='bbox 1109 1753 1290 1806; x_wconf 88' lang='lat' dir='ltr'>fingendo</span> <span class='ocrx_word' id='word_1_207' title='bbox 1335 1753 1449 1792; x_wconf 87' lang='lat' dir='ltr'>talem</span> <span class='ocrx_word' id='word_1_208' title='bbox 1488 1752 1720 1798; x_wconf 86' lang='lat' dir='ltr'>informabo,</span> 
     </span>
     <span class='ocr_line' id='line_1_25' title="bbox 321 1817 1722 1872; baseline -0.001 -15"><span class='ocrx_word' id='word_1_209' title='bbox 321 1819 442 1871; x_wconf 83' lang='lat' dir='ltr'>qualis</span> <span class='ocrx_word' id='word_1_210' title='bbox 474 1817 623 1856; x_wconf 78' lang='lat' dir='ltr'>fortasse</span> <span class='ocrx_word' id='word_1_211' title='bbox 652 1832 767 1856; x_wconf 87' lang='lat' dir='ltr'>nemo</span> <span class='ocrx_word' id='word_1_212' title='bbox 801 1817 891 1856; x_wconf 89' lang='lat' dir='ltr'>fuit.</span> <span class='ocrx_word' id='word_1_213' title='bbox 950 1819 1044 1857; x_wconf 90' lang='lat' dir='ltr'>Non</span> <span class='ocrx_word' id='word_1_214' title='bbox 1076 1819 1181 1857; x_wconf 90' lang='lat' dir='ltr'>enim</span> <span class='ocrx_word' id='word_1_215' title='bbox 1211 1833 1352 1871; x_wconf 84' lang='lat' dir='ltr'>quaero,</span> <span class='ocrx_word' id='word_1_216' title='bbox 1385 1820 1470 1872; x_wconf 81' lang='lat' dir='ltr'>quis</span> <span class='ocrx_word' id='word_1_217' title='bbox 1495 1819 1624 1864; x_wconf 86' lang='lat' dir='ltr'>fuerit,</span> <span class='ocrx_word' id='word_1_218' title='bbox 1661 1818 1722 1857; x_wconf 86' lang='lat' dir='ltr'>sed</span> 
     </span>
     <span class='ocr_line' id='line_1_26' title="bbox 320 1883 1722 1938; baseline 0 -15"><span class='ocrx_word' id='word_1_219' title='bbox 320 1886 415 1938; x_wconf 87' lang='lat' dir='ltr'>quid</span> <span class='ocrx_word' id='word_1_220' title='bbox 447 1885 492 1924; x_wconf 90' lang='lat' dir='ltr'>fit</span> <span class='ocrx_word' id='word_1_221' title='bbox 512 1885 624 1929; x_wconf 90' lang='lat' dir='ltr'>illud,</span> <span class='ocrx_word' id='word_1_222' title='bbox 656 1898 734 1937; x_wconf 91' lang='lat' dir='ltr'>quo</span> <span class='ocrx_word' id='word_1_223' title='bbox 765 1883 864 1922; x_wconf 82' lang='lat' dir='ltr'>nihil</span> <span class='ocrx_word' id='word_1_224' title='bbox 885 1885 996 1937; x_wconf 82' lang='lat' dir='ltr'>pofiit</span> <span class='ocrx_word' id='word_1_225' title='bbox 1016 1884 1085 1922; x_wconf 82' lang='lat' dir='ltr'>effe</span> <span class='ocrx_word' id='word_1_226' title='bbox 1105 1885 1340 1937; x_wconf 67' lang='lat' dir='ltr'>praestantius</span> <span class='ocrx_word' id='word_1_227' title='bbox 1359 1900 1367 1923; x_wconf 74' lang='grc' dir='ltr'>ε</span> <span class='ocrx_word' id='word_1_228' title='bbox 1401 1886 1505 1937; x_wconf 91' lang='lat' dir='ltr'>quod</span> <span class='ocrx_word' id='word_1_229' title='bbox 1526 1887 1564 1923; x_wconf 84' lang='lat' dir='ltr'>in</span> <span class='ocrx_word' id='word_1_230' title='bbox 1585 1899 1722 1938; x_wconf 89' lang='lat' dir='ltr'>perpe-</span> 
     </span>
     <span class='ocr_line' id='line_1_27' title="bbox 318 1950 1717 2005; baseline -0.001 -15"><span class='ocrx_word' id='word_1_231' title='bbox 318 1953 455 1990; x_wconf 88' lang='lat' dir='ltr'>tuitate</span> <span class='ocrx_word' id='word_1_232' title='bbox 490 1951 643 1990; x_wconf 88' lang='lat' dir='ltr'>dicendi</span> <span class='ocrx_word' id='word_1_233' title='bbox 670 1965 747 1989; x_wconf 88' lang='lat' dir='ltr'>non</span> <span class='ocrx_word' id='word_1_234' title='bbox 780 1951 886 2005; x_wconf 81' lang='lat' dir='ltr'>saepe,</span> <span class='ocrx_word' id='word_1_235' title='bbox 918 1961 1031 2004; x_wconf 86' lang='lat' dir='ltr'>atque</span> <span class='ocrx_word' id='word_1_236' title='bbox 1061 1950 1164 1989; x_wconf 83' lang='lat' dir='ltr'>haud</span> <span class='ocrx_word' id='word_1_237' title='bbox 1184 1951 1260 1989; x_wconf 80' lang='lat' dir='ltr'>scio</span> <span class='ocrx_word' id='word_1_238' title='bbox 1289 1966 1334 1989; x_wconf 89' lang='lat' dir='ltr'>an</span> <span class='ocrx_word' id='word_1_239' title='bbox 1357 1966 1544 2004; x_wconf 76' lang='lat' dir='ltr'>unquam,</span> <span class='ocrx_word' id='word_1_240' title='bbox 1576 1953 1616 1989; x_wconf 90' lang='lat' dir='ltr'>in</span> <span class='ocrx_word' id='word_1_241' title='bbox 1646 1952 1717 1988; x_wconf 89' lang='lat' dir='ltr'>ali-</span> 
     </span>
     <span class='ocr_line' id='line_1_28' title="bbox 318 2017 1728 2072; baseline -0.001 -16"><span class='ocrx_word' id='word_1_242' title='bbox 318 2032 394 2072; x_wconf 87' lang='lat' dir='ltr'>qua</span> <span class='ocrx_word' id='word_1_243' title='bbox 426 2028 555 2056; x_wconf 88' lang='lat' dir='ltr'>autem</span> <span class='ocrx_word' id='word_1_244' title='bbox 589 2027 693 2070; x_wconf 87' lang='lat' dir='ltr'>parte</span> <span class='ocrx_word' id='word_1_245' title='bbox 730 2017 875 2056; x_wconf 87' lang='lat' dir='ltr'>eluceat</span> <span class='ocrx_word' id='word_1_246' title='bbox 905 2018 1124 2070; x_wconf 85' lang='lat' dir='ltr'>aliquando,</span> <span class='ocrx_word' id='word_1_247' title='bbox 1161 2018 1265 2056; x_wconf 91' lang='lat' dir='ltr'>idem</span> <span class='ocrx_word' id='word_1_248' title='bbox 1292 2018 1392 2070; x_wconf 87' lang='lat' dir='ltr'>apud</span> <span class='ocrx_word' id='word_1_249' title='bbox 1427 2018 1517 2055; x_wconf 83' lang='lat' dir='ltr'>alios</span> <span class='ocrx_word' id='word_1_250' title='bbox 1558 2017 1728 2062; x_wconf 76' lang='lat' dir='ltr'>densius„</span> 
     </span>
     <span class='ocr_line' id='line_1_29' title="bbox 317 2083 1720 2138; baseline -0.001 -15"><span class='ocrx_word' id='word_1_251' title='bbox 317 2085 418 2138; x_wconf 85' lang='lat' dir='ltr'>apud</span> <span class='ocrx_word' id='word_1_252' title='bbox 447 2086 540 2123; x_wconf 90' lang='lat' dir='ltr'>alios</span> <span class='ocrx_word' id='word_1_253' title='bbox 559 2083 708 2123; x_wconf 83' lang='lat' dir='ltr'>fortaffe</span> <span class='ocrx_word' id='word_1_254' title='bbox 741 2085 893 2123; x_wconf 81' lang='lat' dir='ltr'>rarius.-</span> <span class='ocrx_word' id='word_1_255' title='bbox 933 2085 1004 2123; x_wconf 85' lang='lat' dir='ltr'>Sed</span> <span class='ocrx_word' id='word_1_256' title='bbox 1024 2099 1095 2138; x_wconf 88' lang='lat' dir='ltr'>ego</span> <span class='ocrx_word' id='word_1_257' title='bbox 1125 2085 1173 2123; x_wconf 81' lang='lat' dir='ltr'>sic</span> <span class='ocrx_word' id='word_1_258' title='bbox 1195 2085 1329 2129; x_wconf 87' lang='lat' dir='ltr'>statuo,</span> <span class='ocrx_word' id='word_1_259' title='bbox 1365 2084 1465 2122; x_wconf 86' lang='lat' dir='ltr'>nihil</span> <span class='ocrx_word' id='word_1_260' title='bbox 1486 2084 1557 2122; x_wconf 80' lang='lat' dir='ltr'>esse</span> <span class='ocrx_word' id='word_1_261' title='bbox 1578 2085 1617 2122; x_wconf 90' lang='lat' dir='ltr'>in</span> <span class='ocrx_word' id='word_1_262' title='bbox 1639 2084 1720 2122; x_wconf 90' lang='lat' dir='ltr'>ullo</span> 
     </span>
     <span class='ocr_line' id='line_1_30' title="bbox 317 2150 1725 2204; baseline -0.001 -15"><span class='ocrx_word' id='word_1_263' title='bbox 317 2165 454 2204; x_wconf 86' lang='lat' dir='ltr'>genere</span> <span class='ocrx_word' id='word_1_264' title='bbox 474 2162 554 2190; x_wconf 89' lang='lat' dir='ltr'>tam</span> <span class='ocrx_word' id='word_1_265' title='bbox 586 2150 808 2204; x_wconf 87' lang='lat' dir='ltr'>pulchrum,</span> <span class='ocrx_word' id='word_1_266' title='bbox 840 2165 918 2204; x_wconf 89' lang='lat' dir='ltr'>quo</span> <span class='ocrx_word' id='word_1_267' title='bbox 946 2166 1023 2190; x_wconf 90' lang='lat' dir='ltr'>non</span> <span class='ocrx_word' id='word_1_268' title='bbox 1044 2151 1244 2204; x_wconf 80' lang='lat' dir='ltr'>pulchrius</span> <span class='ocrx_word' id='word_1_269' title='bbox 1265 2152 1305 2189; x_wconf 84' lang='lat' dir='ltr'>id</span> <span class='ocrx_word' id='word_1_270' title='bbox 1326 2151 1383 2196; x_wconf 91' lang='lat' dir='ltr'>fit,</span> <span class='ocrx_word' id='word_1_271' title='bbox 1416 2152 1516 2189; x_wconf 81' lang='lat' dir='ltr'>unde</span> <span class='ocrx_word' id='word_1_272' title='bbox 1544 2151 1642 2189; x_wconf 87' lang='lat' dir='ltr'>illud</span> <span class='ocrx_word' id='word_1_273' title='bbox 1675 2161 1725 2189; x_wconf 80' lang='lat' dir='ltr'>ut.</span> 
     </span>
     <span class='ocr_line' id='line_1_31' title="bbox 317 2218 1716 2271; baseline -0.001 -15"><span class='ocrx_word' id='word_1_274' title='bbox 317 2231 365 2256; x_wconf 84' lang='lat' dir='ltr'>ex</span> <span class='ocrx_word' id='word_1_275' title='bbox 395 2232 459 2256; x_wconf 91' lang='lat' dir='ltr'>ore</span> <span class='ocrx_word' id='word_1_276' title='bbox 488 2218 632 2270; x_wconf 89' lang='lat' dir='ltr'>aliquo,</span> <span class='ocrx_word' id='word_1_277' title='bbox 677 2219 778 2270; x_wconf 83' lang='lat' dir='ltr'>quasi</span> <span class='ocrx_word' id='word_1_278' title='bbox 810 2219 952 2270; x_wconf 79' lang='lat' dir='ltr'>imago,</span> <span class='ocrx_word' id='word_1_279' title='bbox 987 2219 1237 2271; x_wconf 85' lang='lat' dir='ltr'>exprimatur,</span> <span class='ocrx_word' id='word_1_280' title='bbox 1283 2219 1388 2270; x_wconf 85' lang='lat' dir='ltr'>quod</span> <span class='ocrx_word' id='word_1_281' title='bbox 1426 2232 1549 2270; x_wconf 87' lang='lat' dir='ltr'>neque</span> <span class='ocrx_word' id='word_1_282' title='bbox 1579 2218 1716 2262; x_wconf 76' lang='lat' dir='ltr'>oculis,</span> 
     </span>
     <span class='ocr_line' id='line_1_32' title="bbox 318 2284 1718 2338; baseline -0.001 -17"><span class='ocrx_word' id='word_1_283' title='bbox 318 2297 443 2336; x_wconf 83' lang='lat' dir='ltr'>neque</span> <span class='ocrx_word' id='word_1_284' title='bbox 483 2285 650 2328; x_wconf 82' lang='lat' dir='ltr'>auribus,</span> <span class='ocrx_word' id='word_1_285' title='bbox 696 2297 818 2336; x_wconf 88' lang='lat' dir='ltr'>neque</span> <span class='ocrx_word' id='word_1_286' title='bbox 852 2285 932 2324; x_wconf 86' lang='lat' dir='ltr'>ullo</span> <span class='ocrx_word' id='word_1_287' title='bbox 966 2285 1073 2324; x_wconf 86' lang='lat' dir='ltr'>sensu</span> <span class='ocrx_word' id='word_1_288' title='bbox 1109 2285 1256 2338; x_wconf 84' lang='lat' dir='ltr'>percipi</span> <span class='ocrx_word' id='word_1_289' title='bbox 1290 2284 1443 2337; x_wconf 80' lang='lat' dir='ltr'>potcst;</span> <span class='ocrx_word' id='word_1_290' title='bbox 1486 2285 1718 2336; x_wconf 82' lang='lat' dir='ltr'>cogitatione</span> 
     </span>
     <span class='ocr_line' id='line_1_33' title="bbox 317 2349 1714 2403; baseline -0.002 -15"><span class='ocrx_word' id='word_1_291' title='bbox 317 2361 483 2395; x_wconf 87' lang='lat' dir='ltr'>tantum,</span> <span class='ocrx_word' id='word_1_292' title='bbox 514 2359 551 2388; x_wconf 86' lang='lat' dir='ltr'>et</span> <span class='ocrx_word' id='word_1_293' title='bbox 581 2360 710 2388; x_wconf 81' lang='lat' dir='ltr'>mente</span> <span class='ocrx_word' id='word_1_294' title='bbox 740 2352 1052 2403; x_wconf 52' lang='lat' dir='ltr'>complectimur.</span> <span class='ocrx_word' id='word_1_295' title='bbox 1113 2353 1246 2403; x_wconf 88' lang='lat' dir='ltr'>Itaque</span> <span class='ocrx_word' id='word_1_296' title='bbox 1265 2360 1303 2388; x_wconf 86' lang='lat' dir='ltr'>et</span> <span class='ocrx_word' id='word_1_297' title='bbox 1324 2350 1470 2388; x_wconf 84' lang='lat' dir='ltr'>Phidiae</span> <span class='ocrx_word' id='word_1_298' title='bbox 1491 2349 1714 2392; x_wconf 73' lang='lat' dir='ltr'>simulacris,</span> 
     </span>
     <span class='ocr_line' id='line_1_34' title="bbox 318 2414 1713 2468; baseline -0.002 -16"><span class='ocrx_word' id='word_1_299' title='bbox 318 2416 459 2468; x_wconf 84' lang='lat' dir='ltr'>quibus</span> <span class='ocrx_word' id='word_1_300' title='bbox 482 2414 580 2453; x_wconf 87' lang='lat' dir='ltr'>nihil</span> <span class='ocrx_word' id='word_1_301' title='bbox 610 2416 654 2454; x_wconf 88' lang='lat' dir='ltr'>in</span> <span class='ocrx_word' id='word_1_302' title='bbox 684 2415 753 2453; x_wconf 88' lang='lat' dir='ltr'>illo</span> <span class='ocrx_word' id='word_1_303' title='bbox 783 2429 919 2467; x_wconf 86' lang='lat' dir='ltr'>genere</span> <span class='ocrx_word' id='word_1_304' title='bbox 948 2415 1152 2468; x_wconf 58' lang='lat' dir='ltr'>perfectius</span> <span class='ocrx_word' id='word_1_305' title='bbox 1173 2416 1360 2459; x_wconf 78' lang='lat' dir='ltr'>videmus,</span> <span class='ocrx_word' id='word_1_306' title='bbox 1393 2426 1429 2453; x_wconf 91' lang='lat' dir='ltr'>et</span> <span class='ocrx_word' id='word_1_307' title='bbox 1460 2414 1519 2452; x_wconf 78' lang='lat' dir='ltr'>his</span> <span class='ocrx_word' id='word_1_308' title='bbox 1541 2414 1713 2465; x_wconf 64' lang='lat' dir='ltr'>picturis,</span> 
     </span>
     <span class='ocr_line' id='line_1_35' title="bbox 314 2477 1713 2534; baseline -0.003 -16"><span class='ocrx_word' id='word_1_309' title='bbox 314 2494 406 2533; x_wconf 78' lang='lat' dir='ltr'>quas</span> <span class='ocrx_word' id='word_1_310' title='bbox 429 2481 637 2525; x_wconf 86' lang='lat' dir='ltr'>nominavi,</span> <span class='ocrx_word' id='word_1_311' title='bbox 654 2481 820 2533; x_wconf 84' lang='lat' dir='ltr'>cogitare</span> <span class='ocrx_word' id='word_1_312' title='bbox 834 2490 961 2519; x_wconf 85' lang='lat' dir='ltr'>tamen</span> <span class='ocrx_word' id='word_1_313' title='bbox 978 2481 1174 2534; x_wconf 75' lang='lat' dir='ltr'>possumus</span> <span class='ocrx_word' id='word_1_314' title='bbox 1187 2480 1420 2533; x_wconf 81' lang='lat' dir='ltr'>pulchriora.</span> <span class='ocrx_word' id='word_1_315' title='bbox 1442 2480 1527 2517; x_wconf 76' lang='lat' dir='ltr'>Nec</span> <span class='ocrx_word' id='word_1_316' title='bbox 1547 2491 1633 2515; x_wconf 74' lang='lat' dir='ltr'>vero</span> <span class='ocrx_word' id='word_1_317' title='bbox 1649 2477 1713 2515; x_wconf 88' lang='lat' dir='ltr'>ille</span> 
     </span>
     <span class='ocr_line' id='line_1_36' title="bbox 314 2539 1721 2600; baseline -0.004 -12"><span class='ocrx_word' id='word_1_318' title='bbox 314 2546 464 2592; x_wconf 76' lang='lat' dir='ltr'>artifex,</span> <span class='ocrx_word' id='word_1_319' title='bbox 486 2561 577 2586; x_wconf 89' lang='lat' dir='ltr'>cum</span> <span class='ocrx_word' id='word_1_320' title='bbox 593 2546 732 2586; x_wconf 76' lang='lat' dir='ltr'>faceret</span> <span class='ocrx_word' id='word_1_321' title='bbox 753 2548 858 2600; x_wconf 76' lang='lat' dir='ltr'>jovis</span> <span class='ocrx_word' id='word_1_322' title='bbox 879 2547 1061 2593; x_wconf 82' lang='lat' dir='ltr'>formam,</span> <span class='ocrx_word' id='word_1_323' title='bbox 1079 2557 1141 2587; x_wconf 85' lang='lat' dir='ltr'>aut</span> <span class='ocrx_word' id='word_1_324' title='bbox 1162 2539 1721 2596; x_wconf 60' lang='lat' dir='ltr'>Minervoejcontemplabatur.</span> 
     </span>
    </p>
   </div>
  </div>
 </body>
</html>
