2176 2912
414 191 490 244 538
803 190 1437 229 ORATORIAE

413 285 534 322 Recte
554 282 754 336 intelligis.
814 284 874 321 Eo
893 283 998 320 enim
1016 283 1198 336 expofito,
1230 297 1371 322 munus
1392 281 1562 335 promiffi
1583 295 1699 320 omne
1719 295 1822 321 con*-

414 350 556 388 fecero.
616 351 712 388 Sunt
733 349 851 401 igitur
871 349 1045 401 ambigui
1066 349 1216 387 duobus
1242 349 1455 387 adversariis
1488 358 1676 402 praecepta
1704 362 1819 386 corn-

416 417 563 454 munia.
625 417 797 467 Uterque
830 416 936 453 enim
970 414 1069 453 hanc
1101 415 1433 468 significationem,
1465 429 1540 468 qua
1571 424 1700 453 utetur
1725 414 1821 467 ipse,

417 483 575 535 dignam
595 482 785 534 scriptoris
807 482 1008 534 prudentia
1028 481 1098 519 effe
1115 481 1308 520 defendet.
1356 483 1529 534 Uterque
1550 482 1607 526 id,
1626 481 1731 533 quod
1751 480 1821 518 ad-

417 549 597 587 versarius
619 563 665 586 ex
685 549 865 601 ambigue
886 548 1026 600 scripto
1047 548 1344 600 intelligendum
1364 548 1434 585 effe
1454 548 1570 592 dicet,
1598 557 1663 584 aut
1689 547 1827 585 absur·
1858 553 1862 555 ’

420 615 530 660 dum,
552 624 617 653 aut
637 615 789 659 inutile,
821 624 862 651 ut
883 614 1079 665 iniquum,
1102 622 1166 651 aut
1189 623 1298 666 turpe
1318 613 1387 651 effe
1408 613 1598 658 defendet,
1620 622 1684 651 aut
1705 614 1828 651 etiam

420 683 628 735 discrepare
657 695 748 719 cum
771 680 914 719 caeteris
934 680 1098 732 scriptis,
1128 681 1188 718 vel
1209 681 1386 725 aliorum,
1412 681 1472 718 vel
1493 681 1675 725 maxime,
1704 680 1729 717 fi
1751 693 1832 732 po·

421 749 523 792 terit,
554 747 722 799 ejusdem
738 764 751 791 3
787 759 982 798 quamque
1013 744 1191 783 defendet
1222 745 1313 797 ipse,
1346 759 1430 783 eam
1466 760 1560 790 rem,
1603 754 1641 783 et
1673 745 1828 783 senten-

421 815 516 852 tiam
537 812 713 866 quemvis
740 812 985 865 prudentem,
1017 820 1053 849 et
1074 811 1222 863 justum
1244 811 1460 857 hominem,
1495 812 1520 849 fi
1542 811 1736 864 integrum
1756 811 1832 849 da·

422 889 537 924 retur,
560 878 792 931 scripturum
812 876 936 922 fuiffe,
958 876 1020 914 sed
1040 877 1204 929 planius.
1248 878 1425 929 Eamque
1446 877 1685 922 sententiam,
1708 889 1833 929 quam

423 944 625 998 significari
651 942 752 996 poffe
771 942 886 987 dicet,
915 941 1019 980 nihil
1035 941 1173 980 habere
1204 952 1269 980 aut
1289 943 1476 996 captionis
1498 951 1561 980 aut
1585 943 1696 980 vitii:
1730 955 1828 980 con-

423 1011 577 1051 trariam
608 1019 738 1048 autem
770 1009 795 1047 fi
823 1009 1006 1061 probarit,
1048 1008 1130 1047 fore
1160 1018 1203 1046 ut
1229 1009 1353 1047 multa
1381 1010 1487 1054 vitia,
1520 1008 1645 1053 stulta,
1679 1008 1832 1060 iniqua,

425 1078 611 1117 contraria
631 1075 923 1127 consequantur.
976 1076 1081 1113 Cum
1102 1084 1229 1113 autem
1249 1075 1353 1113 aliud
1380 1074 1539 1128 scriptor
1557 1073 1699 1112 senfiffe
1719 1073 1835 1111 vide--

426 1155 501 1191 tur,
537 1153 575 1182 et
607 1143 710 1181 aliud
737 1141 938 1194 scripsisse,
969 1142 1037 1194 qui
1068 1141 1207 1195 scripto
1240 1142 1404 1186 nitetur,
1428 1155 1534 1186 eum,
1576 1154 1615 1179 re
1647 1139 1835 1193 exposita,

426 1210 649 1250 recitatione
669 1208 726 1246 uti
755 1207 975 1260 oportebit;
1008 1207 1144 1246 deinde
1170 1208 1304 1246 instare
1337 1207 1561 1252 adversario,
1588 1207 1736 1251 iterare,
1767 1219 1830 1244 re-

426 1292 577 1323 novare,
607 1277 852 1328 interrogare,
883 1289 980 1314 num
1013 1285 1078 1314 aut
1104 1275 1292 1328 scriptum
1325 1284 1453 1328 neget,
1485 1284 1551 1313 aut
1583 1274 1717 1312 contra
1745 1273 1837 1311 fac·

427 1356 512 1385 tum
533 1343 734 1382 infitietur,
779 1341 881 1387 Post,
897 1342 1073 1394 judicem
1093 1342 1140 1380 ad
1160 1343 1245 1380 vim:
1259 1342 1389 1395 scripti
1409 1351 1534 1381 vocet,
1576 1342 1665 1379 Hac
1685 1339 1837 1379 confir-—

427 1411 597 1451 matione
617 1409 720 1453 usus,
753 1407 966 1461 amplificet
995 1421 1080 1446 rem
1098 1408 1180 1461 lege
1200 1408 1400 1454 laudanda,
1431 1408 1704 1459 audaciamque
1733 1419 1837 1444 con-

427 1478 528 1517 futet
548 1478 642 1529 ejus,
674 1475 756 1528 qui,
784 1489 876 1512 cum
906 1476 1033 1527 palam
1053 1484 1185 1513 contra
1204 1474 1352 1521 fecerit,
1384 1476 1501 1527 idque
1530 1473 1705 1519 fateatur,
1737 1472 1834 1510 adfit

427 1555 570 1589 tamen,
592 1542 814 1593 factumque
835 1541 1025 1579 defendat.
1072 1542 1224 1579 Deinde
1245 1541 1414 1580 infirmet
1434 1540 1715 1579 defensionem:
1738 1553 1836 1577 cum·

428 1609 654 1649 adversarius
682 1607 786 1645 aliud
819 1606 989 1652 voluisse,
1021 1607 1124 1645 aliud
1155 1606 1296 1645 sensisse
1326 1607 1564 1660 scriptorem,
1586 1606 1690 1644 aliud
1710 1605 1838 1658 scrip--

429 1677 506 1716 fiffe
538 1676 654 1720 dicat,
686 1687 763 1711 non
795 1673 864 1711 effe
894 1672 1110 1719 ferendum,
1141 1687 1161 1711 a
1192 1688 1389 1726 quoquam
1420 1674 1548 1726 potius
1582 1673 1712 1710 latoris
1744 1672 1836 1709 sen--

429 1743 528 1787 sum,
560 1755 677 1795 quam
711 1754 731 1777 a
761 1740 858 1792 lege,
890 1740 1086 1792 explicari.
1134 1741 1215 1778 Cur
1235 1741 1286 1778 ita
1307 1740 1505 1792 scripserit,
1527 1739 1553 1777 fi
1574 1740 1626 1776 ita
1646 1752 1724 1776 non
1744 1737 1836 1775 sen-

429 1809 547 1847 serit?
595 1809 688 1851 Cur,
722 1820 815 1844 cum
848 1820 902 1851 ea,
934 1820 1018 1858 quae
1053 1806 1165 1858 plane
1200 1806 1337 1859 scripta
1366 1806 1452 1851 sint,
1484 1805 1709 1858 neglexerit,
1747 1817 1833 1856 quae

429 1886 630 1925 nunquam
653 1872 787 1924 scripta
808 1872 892 1916 sint,
924 1870 1118 1924 proferat?
1162 1873 1243 1910 Cur
1269 1871 1578 1925 prudentiffimos
1600 1872 1640 1908 in
1661 1869 1836 1908 seriben-

430 1941 480 1978 do
501 1933 600 1976 viros
623 1938 781 1975 summae
801 1937 971 1975 stultitiae
991 1947 1099 1990 putet
1120 1938 1190 1976 effe
1212 1938 1446 1976 damnandos
1467 1938 1480 1975 ?
1513 1937 1621 1989 Qid
1642 1935 1835 1988 impedie-

431 2007 480 2045 rit
519 2005 755 2058 scriptorem,
787 2019 865 2056 quo
895 2005 1025 2042 minus
1059 2005 1250 2057 exciperet
1294 2004 1412 2050 illud„
1447 2003 1552 2056 quod
1589 2002 1837 2047 adversarius,

432 2083 615 2124 tanquam
636 2071 661 2109 si
682 2080 888 2122 exceptum
904 2070 1006 2115 efl'et,
1043 2071 1093 2109 ita
1114 2071 1209 2108 dicit
1230 2071 1265 2108 se
1285 2070 1459 2108 secutum
1480 2071 1492 2107 ?
1536 2071 1680 2107 Utetur
1699 2081 1835 2106 exem-

432 2138 506 2190 plis
538 2137 598 2180 iis,
628 2136 769 2187 quibus
800 2136 904 2173 idem
935 2136 1123 2188 scriptor;
1156 2146 1236 2181 aut„
1268 2136 1294 2173 fi
1321 2135 1360 2173 id
1389 2148 1468 2173 non
1497 2134 1651 2188 poterit,
1691 2134 1835 2185 quibus

433 2202 511 2246 alii,
548 2201 653 2253 quod
672 2200 944 2252 excipiendum
969 2201 1154 2252 putarint,
1179 2200 1413 2253 exceperint.
1473 2200 1688 2251 Qaerenda
1717 2199 1837 2237 etiam
1891 2201 1895 2203 ’

434 2269 529 2307 ratio
562 2267 627 2312 est,
660 2267 764 2319 fiqua
797 2267 937 2319 poterit
971 2267 1148 2312 inveniri,
1181 2281 1295 2319 quare
1326 2281 1404 2304 non
1432 2266 1476 2304 s1t
1499 2275 1737 2318 exceptum:
1770 2276 1836 2303 aut

433 2335 568 2386 iniqua
597 2333 674 2378 lex,
706 2342 769 2370 aut
804 2333 952 2370 inutilis
984 2332 1113 2371 futura
1133 2334 1294 2378 dicetur,
1327 2342 1391 2371 aut
1410 2333 1482 2371 alia
1501 2332 1610 2371 causa
1629 2333 1834 2385 obtempe-

436 2401 556 2444 randi,
588 2399 659 2437 alia
689 2399 894 2451 abrogandi
919 2414 927 2437 :
960 2399 1150 2437 dissentire
1171 2400 1364 2438 adversarii
1386 2413 1536 2444 vocem,
1577 2408 1691 2451 atque
1723 2398 1835 2451 legIs.

437 2466 588 2509 Deinde
626 2466 888 2519 amplificandi
926 2466 1048 2512 causa,
1080 2467 1125 2504 de
1163 2467 1426 2505 conservandis
1461 2466 1624 2519 legibus,
1673 2465 1719 2503 de
1764 2478 1834 2518 pe-

435 2534 559 2574 riculo
593 2547 720 2572 rerum
754 2533 1014 2587 publicarum,
1045 2543 1159 2587 atque
1192 2535 1440 2587 privatarum,
1479 2531 1571 2572 cum
1606 2532 1688 2571 aliis
1724 2531 1833 2577 locis,
