2176 2912
561 209 882 248 LIBER
952 211 1369 253 PRIMUS.
1598 229 1674 268 147

267 300 409 346 Craffe,
422 300 589 353 amplius
605 315 614 340 τ
637 301 677 339 id
697 301 803 339 enim
825 302 965 355 ipsum,
981 303 1086 355 quod
1105 313 1238 342 contra
1257 319 1321 342 me
1341 305 1492 344 locutus
1508 321 1560 351 es,
1579 309 1672 346 arti«-

269 367 359 405 ficio
379 365 546 418 quodam
566 379 604 403 es
626 366 864 412 consecutus,
887 377 930 405 ut
949 378 987 406 et
1005 368 1119 414 mihi,
1142 383 1226 421 quae
1247 383 1317 421 ego
1337 371 1477 408 vellem
1499 386 1576 410 non
1603 373 1675 412 esse

264 433 440 476 oratoris,
471 431 722 477 concedere83
755 442 792 470 et
821 446 863 470 ea
890 434 981 486 ipsa,
1015 435 1141 473 nescio
1161 436 1373 487 quomodo,
1404 437 1526 474 rursus
1545 439 1673 476 detor-

265 510 416 550 queres,
446 507 561 549 atque
592 499 731 536 oratori
751 500 904 552 propria
928 501 1102 539 traderes.
1163 502 1275 546 Haec,
1307 516 1399 539 cum
1429 515 1500 554 ego
1533 505 1675 542 Praetor

269 562 458 602 Rhodum
478 563 673 609 venissem,
705 574 743 603 et
772 579 863 604 cum
885 565 1039 604 summo
1066 567 1135 605 illo
1156 568 1307 605 doctore
1339 568 1443 606 istius
1465 569 1674 621 disciplinae

268 630 482 682 Apollonio
500 643 555 674 ea,
579 644 665 682 quae
685 645 705 668 a
725 632 893 670 Panaetio
913 646 1146 685 acceperam,
1178 633 1420 672 contulissem
1434 652 1446 678 ς
1480 635 1589 672 irrisit
1609 635 1674 672 ille

264 696 441 748 quidem,
473 705 517 733 ut
537 695 692 741 solebat,
722 695 1029 750 Philosophiam,
1062 708 1175 750 atque
1200 700 1442 752 contempsit,
1473 700 1675 753 multaque

266 774 345 799 non
366 771 447 799 tam
468 762 632 814 graviter
651 762 763 807 dixit,
780 777 898 815 quam
919 763 1054 802 facete.
1080 766 1170 803 Tua
1189 774 1317 803 autem
1339 764 1414 803 fuit
1433 767 1554 804 oratio
1573 766 1673 818 ejus-

265 828 389 872 modi,
421 841 498 865 non
533 838 577 866 ut
611 828 732 865 ullam
766 838 900 873 artem,
933 829 1194 868 doctrinamve
1228 842 1506 877 contemneres,
1538 832 1601 870 sed
1632 844 1675 871 ut

265 906 400 931 omnes
421 893 584 930 comites
615 905 658 931 'ac
680 893 870 932 ministras¹
894 897 1052 933 oratoris
1072 896 1142 934 effe
1171 897 1327 935 diceres.
1376 899 1496 949 Qas,
1529 911 1615 950 ego,
1647 899 1673 936 fi

264 959 354 1010 quis
385 959 430 996 sit
460 972 559 996 unus
588 959 818 1012 complexus
839 974 987 1005 omnes,
1020 962 1202 1014 idemque
1228 963 1252 1000 fi
1285 963 1330 1000 ad
1357 976 1415 1000 eas
1450 963 1673 1003 facultatem

264 1025 375 1063 istam
395 1025 637 1064 ornatiffimae
657 1027 838 1064 orationis
870 1027 1100 1079 adjunxerit,
1132 1042 1208 1066 non
1238 1027 1389 1081 pofi'um
1417 1029 1554 1074 dicere,
1582 1044 1674 1068 eum

264 1104 345 1129 -non
362 1093 565 1144 egregium
586 1093 778 1144 quendam
799 1092 1002 1131 hominem
1027 1103 1141 1146 atque
1162 1095 1433 1133 admirandum
1454 1095 1548 1134 fore.
1602 1097 1673 1134 Sed

266 1157 314 1201 is,
344 1157 372 1195 fi
391 1158 478 1208 quis
499 1157 600 1201 effet,
631 1168 697 1196 aut
717 1158 743 1196 fi
763 1159 879 1197 etiam
900 1173 1073 1212 unquam
1094 1159 1234 1204 fuiffet,
1257 1170 1321 1198 aut
1342 1175 1430 1198 vero
1450 1162 1475 1199 fi
1496 1162 1565 1199 effe
1584 1150 1686 1215 pos--

267 1221 333 1267 set,
366 1231 408 1260 tu
428 1221 516 1260 effes
536 1236 635 1260 unus
656 1223 841 1275 profecto,
873 1226 955 1277 qui,
988 1235 1025 1263 et
1046 1239 1134 1264 meo
1149 1227 1299 1277 judicio
1319 1237 1356 1264 et
1377 1228 1570 1272 omnium,
1608 1228 1673 1266 vix

266 1287 390 1326 ullam
424 1288 568 1326 caeteris
602 1289 816 1327 oratoribus
851 1291 961 1342 (pace
993 1290 1137 1329 horum
1172 1292 1355 1343 dixesim)
1398 1293 1551 1330 laudem
1582 1293 1671 1331 reli-

267 1354 397 1406 quisti.
457 1355 606 1392 Verum
626 1355 652 1392 s1
673 1356 745 1393 tibi
765 1356 832 1408 ipsl
855 1356 954 1394 nihil
976 1357 1088 1401 deest,
1122 1359 1227 1410 quod
1254 1359 1292 1395 in
1313 1357 1523 1396 forensibus
1544 1360 1671 1404 rebus,

266 1419 522 1472 civilibusque
552 1420 730 1466 versetur,
762 1423 858 1473 quin
890 1422 994 1467 scias,
1035 1436 1157 1475 neque
1188 1438 1271 1461 eam
1302 1433 1429 1461 tamen
1457 1424 1670 1470 scientiam,

266 1498 386 1537 quam
404 1485 581 1538 adjungis
603 1487 756 1531 oratori,
787 1488 1014 1540 complexus
1034 1501 1071 1525 es
1088 1507 1099 1532 ;
1132 1477 1343 1534 videamus,
1372 1503 1419 1526 ne
1439 1490 1525 1541 plus
1546 1490 1580 1528 ei
1602 1491 1671 1528 tri·

266 1551 373 1595 buas,
404 1564 523 1603 quam
541 1564 599 1589 res
621 1561 659 1590 et
678 1553 813 1590 veritas
834 1553 912 1606 ipsa
931 1554 1128 1591 concedat.
1363 1604 1366 1606 v

322 1617 404 1655 Hic
425 1617 588 1662 Craffus,
625 1629 837 1664 memento,
870 1620 1011 1671 inquit,
1044 1634 1106 1658 me
1138 1634 1215 1659 non
1236 1620 1282 1658 de
1307 1634 1406 1665 mea,
1438 1621 1499 1659 sed
1521 1622 1567 1666 de
1586 1636 1671 1660 ora-

266 1683 359 1722 toris
379 1682 573 1729 facultate,
596 1684 740 1724 dixisse.
792 1686 900 1738 Qid
920 1687 1026 1724 enim
1046 1699 1114 1724 nos
1135 1695 1200 1724 aut
1230 1686 1453 1731 didicimus,
1483 1697 1549 1725 aut
1575 1688 1673 1726 'scire

266 1749 481 1800 potuimuS,
507 1751 579 1801 ‘qui
599 1760 687 1788 ante
707 1751 752 1788 ad
773 1751 979 1803 agendum,
1012 1765 1130 1803 quam
1151 1752 1195 1789 ad
1216 1753 1538 1804 cognoscendum,
1560 1755 1670 1792 veni-

267 1827 380 1858 mus,
411 1828 508 1866 quos
529 1816 570 1852 in
589 1815 687 1860 foro,
719 1830 815 1868 quos
836 1817 875 1853 in
895 1817 1122 1862 ambitione,
1154 1832 1249 1869 quos
1270 1810 1310 1856 in
1331 1819 1540 1870 republica,
1574 1833 1669 1871 quos

268 1879 308 1917 in
338 1881 555 1918 amicorum
588 1883 767 1934 negotiis,
793 1896 850 1920 res
883 1883 960 1936 ipsa
995 1893 1081 1921 ante
1114 1883 1296 1929 confecit,
1327 1899 1445 1937 quam
1478 1885 1668 1938 pofl‘emus

266 1945 413 1997 aliquid
443 1946 490 1983 de
521 1946 632 1984 rebus
666 1948 782 1985 tantis
804 1947 978 2000 suspicari
998 1950 1009 1985 ?
1043 1949 1161 1999 Qod
1180 1949 1205 1985 fi
1230 1950 1302 1986 tibi
1325 1959 1476 1988 tantum
1496 1951 1536 1988 in
1555 1951 1668 1990 nobis

267 2011 417 2050 videtu-r
432 2011 523 2056 effe,
550 2013 692 2064 quibus
711 2014 857 2050 etiamfi
879 2015 1095 2066 ingenium,
1127 2024 1170 2052 ut
1195 2024 1237 2052 tu
1258 2025 1381 2067 putas,
1406 2030 1480 2053 non
1499 2017 1670 2056 maxime

266 2075 404 2121 defuit,
427 2077 597 2115 doctrina
626 2088 741 2123 certe,
774 2088 811 2116 et
831 2079 972 2124 otium,
1003 2089 1042 2117 et
1062 2079 1217 2117 hercule
1242 2080 1358 2118 etiam
1379 2080 1548 2119 studium
1570 2081 1669 2119 illud

266 2137 435 2176 discendi·
457 2139 688 2177 acerrimum
708 2139 832 2178 defuit
848 2159 859 2184 ς
892 2140 985 2191 quid
1007 2140 1146 2185 censeS,
1179 2141 1205 2178 fi
1222 2141 1267 2178 ad
1288 2141 1448 2193 alicujus
1465 2143 1667 2194 ingenium

268 2204 325 2241 vel
347 2205 469 2255 majus
491 2205 569 2248 illa,
592 2219 676 2256 quae
696 2219 767 2258 ego
786 2219 863 2244 non
885 2207 1008 2258 attigi,
1027 2206 1243 2245 accefl'erint
1262 2208 1274 2243 ?
1306 2208 1459 2259 qualem
1478 2208 1608 2252 illum,
1629 2216 1667 2246 et

268 2278 457 2319 quantum
477 2279 666 2308 oratorem
687 2269 865 2309 futurum
885 2273 897 2308 ?

322 2334 476 2372 XVIII.
500 2336 610 2373 Tum
631 2338 840 2382 Antonius,
866 2338 1001 2389 probas
1022 2337 1136 2383 mihi,
1153 2338 1296 2390 inquit,
1319 2339 1398 2383 ista,
1422 2339 1559 2383 Crasse,
1582 2351 1665 2389 quae

268 2399 363 2437 dicis
378 2417 390 2444 3
421 2413 492 2438 nec
512 2401 663 2446 dubito,
685 2403 779 2454 quin
800 2404 928 2441 multo
947 2403 1175 2456 locupletior
1194 2405 1234 2442 in
1255 2405 1416 2442 dicendo
1433 2403 1584 2442 futurus
1603 2403 1669 2447 fit,

268 2465 294 2502 fi
315 2465 401 2517 quis
420 2467 599 2505 omnium
621 2481 748 2506 rerum
767 2478 883 2521 atque
900 2469 1041 2507 artium
1064 2470 1264 2514 rationem,
1287 2480 1537 2521 naturamque
1552 2483 1663 2507 com-

269 2530 521 2585 prehenderit.
571 2534 641 2572 Sed
660 2535 834 2587 primum
852 2535 893 2574 id
913 2535 1071 2574 difficile
1091 2535 1144 2574 est
1162 2534 1279 2580 saecu,
1297 2535 1504 2589 praesertim
1523 2535 1561 2572 in
1591 2534 1663 2572 hac

897 2601 935 2638 T
968 2612 990 2638 2
