2176 2912
451 200 773 248 LIBER
850 203 1439 247 SECUNDUS.
1573 227 1642 253 111

244 303 378 342 obrem
398 300 623 354 postuletur,
641 308 678 336 et
695 311 786 350 qu0,
805 306 842 335 et
863 306 1008 350 quanto
1025 311 1187 350 quaeque
1207 312 1263 336 res
1283 301 1442 352 praemio
1459 303 1573 356 digna
1587 307 1646 352 fit,

243 366 554 406 confiderabitur.
578 364 732 404 Deinde
747 363 849 416 apud
865 364 1042 416 majoreS,
1057 365 1199 416 quibus
1216 363 1442 405 hominibus
1456 378 1493 407 et
1506 373 1648 422 quibus

244 433 290 472 de
310 432 426 471 caufis
454 432 539 469 talis
559 430 682 469 honos
703 430 748 468 s1t
767 429 938 475 habitus,
967 440 1170 482 quaeretur.
1214 432 1367 471 Deinde
1394 447 1441 471 ne
1472 436 1502 473 is
1524 436 1647 476 honos

243 500 414 538 nimium
427 508 665 552 pervagetur.
695 499 827 550 Atque
840 496 906 535 hic
918 498 1013 550 erS,
1029 497 1096 550 qui
1113 508 1246 536 contra
1258 500 1428 552 aliquem
1442 505 1649 555 praemium

243 566 500 619 postulantem
517 565 631 610 dicet,
650 564 757 602 locus
771 564 843 602 erit
858 564 1095 609 communis,
1119 566 1281 604 Praemia
1297 567 1450 606 virtutis
1472 579 1509 607 et
1529 571 1649 609 officii

244 632 367 670 saneta
386 640 424 669 et
444 631 539 670 casta
559 631 630 670 esse
655 639 829 684 oportere
843 649 854 675 ς
886 644 1012 683 neque
1039 644 1081 668 ea
1111 641 1175 669 aut
1207 645 1299 670 cum
1326 633 1514 687 improbis
1536 650 1648 675 com-

245 698 449 742 municari,
484 707 549 735 aut
570 698 610 735 in
642 697 903 735 mediocribus
923 696 1151 736 hominibus
1184 699 1412 752 pervulgari.
1456 703 1510 740 Et
1539 704 1647 749 alter,

247 765 384 803 Minus
405 763 584 802 homines
605 763 759 801 virtutis
773 763 934 816 cupidos
947 762 1042 808 fore,
1058 765 1211 802 virtutis
1224 767 1384 818 praemio
1396 769 1621 822 pervulgato
1636 789 1648 815 3

245 838 330 882 quae
350 831 457 868 enim
477 843 556 867 rara
575 839 612 867 et
632 829 746 866 ardua
765 828 851 873 sint,
887 842 929 866 ea
954 843 1001 867 ex
1026 831 1187 882 praemio
1217 831 1380 884 pulchra
1410 843 1448 872 et
1476 836 1653 887 jucunda.

244 895 473 934 hominibus
495 895 628 933 videri.
666 895 720 932 Et
739 894 886 939 tertius,
910 894 947 933 Si
964 895 1152 941 eXfistant,
1171 898 1239 949 qui
1256 899 1357 951 apud
1377 900 1538 952 majores
1560 902 1650 940 nos-

246 972 323 1000 tros
343 962 394 1000 ob
414 961 608 1014 egregiam
628 962 813 999 virtutem
833 961 900 999 tali
920 960 1066 1000 honore
1087 963 1236 1015 dignati
1252 964 1353 1010 sunt,
1376 980 1505 1005 nonne
1523 969 1568 1006 de
1587 969 1652 1006 sua

245 1029 380 1081 gloria,
413 1027 505 1066 curn
526 1029 607 1082 pari
632 1029 792 1081 praemio
813 1028 905 1066 tales
926 1027 1106 1067 homines
1127 1030 1229 1069 affici
1251 1032 1417 1078 videant,
1449 1035 1652 1074 deliberari

246 1091 414 1141 putent?
445 1099 483 1127 et
516 1103 652 1128 eorum
682 1090 935 1135 enumeratio,
967 1100 1005 1128 et
1030 1104 1123 1129 curn
1144 1093 1211 1137 eis,
1244 1107 1341 1145 quos
1372 1105 1506 1133 contra
1531 1097 1648 1142 dicat,

246 1157 496 1209 comparatio.
532 1156 628 1208 Ejus
648 1166 793 1201 autem,
825 1157 893 1208 qui
920 1158 1127 1209 praemium
1146 1168 1264 1211 petet,
1287 1159 1378 1199 facti
1401 1162 1457 1200 sui
1478 1164 1649 1217 amplifi-

246 1223 361 1267 catio,
380 1231 418 1260 et
433 1235 583 1266 eorum,
598 1223 666 1275 qui
681 1223 841 1274 praemio
856 1222 982 1261 affecti
998 1223 1098 1269 sunt,
1113 1238 1206 1263 cum
1219 1226 1293 1265 suis
1310 1227 1418 1266 factis
1434 1232 1649 1269 contentio,

247 1288 400 1326 Deinde
421 1297 574 1326 caeteros
595 1302 615 1325 a
634 1289 786 1326 virtutis
808 1288 931 1327 studio
951 1290 1147 1342 repulsum
1168 1292 1229 1337 iri,
1246 1293 1273 1330 fi
1294 1293 1371 1346 ipse
1390 1297 1552 1347 praemio
1571 1311 1657 1336 non·

246 1354 292 1392 fit
311 1353 481 1392 affectus.
542 1354 759 1392 Facultates
794 1364 923 1392 autem
945 1355 1243 1402 considerantur,
1280 1372 1372 1397 cum
1403 1361 1560 1414 aliquod
1580 1377 1650 1416 pe-

246 1422 463 1458 cuniarium
485 1422 689 1473 praemium
709 1420 920 1474 postulatur
933 1442 944 1467 ;
977 1424 1016 1460 in
1038 1437 1130 1474 quo,
1155 1433 1286 1462 utrum
1313 1427 1474 1479 copiane
1490 1429 1534 1466 fit
1555 1430 1649 1482 agri,

247 1487 508 1539 vectigalium,
528 1488 713 1539 pecuniae,
735 1501 781 1524 an
795 1489 967 1540 penuria,
985 1489 1256 1528 confideratur.
1290 1493 1386 1530 Loci
1403 1507 1650 1541 communeS,

248 1554 462 1591 Facultates
483 1566 633 1605 augere,
665 1566 743 1591 non
759 1554 947 1599 minuere,
978 1565 1154 1608 oportere
1170 1575 1182 1601 3
1215 1566 1252 1595 et
1272 1558 1543 1611 impudentem
1563 1562 1650 1606 effe,

247 1620 316 1671 qui
336 1632 406 1672 pro
426 1619 615 1657 beneficio
635 1633 713 1657 non
734 1620 909 1672 gratiam,
925 1635 1060 1660 verum
1081 1624 1314 1669 mercedem,
1336 1625 1503 1678 postulet
1521 1642 1529 1665 :
1553 1641 1650 1665 con-

216 1704 221 1707 -
248 1693 307 1722 tra
333 1695 464 1723 autem
495 1685 541 1723 de
572 1686 735 1738 pecunia
764 1687 980 1726 ratiocinari
1001 1688 1199 1728 sordidum
1220 1690 1304 1735 effe,
1341 1704 1433 1729 cum
1465 1692 1511 1730 de
1531 1695 1652 1746 gratia

249 1750 444 1789 referenda
463 1751 695 1789 deliberetur
707 1771 719 1796 3
746 1761 783 1789 et
804 1752 839 1790 se
860 1767 938 1791 non
958 1756 1128 1806 pretium
1149 1769 1219 1809 pro
1234 1755 1349 1801 factm
1367 1757 1430 1795 sed
1444 1757 1649 1805 honorem,

248 1817 299 1854 ita
320 1827 363 1854 ut
382 1816 598 1854 factitatum
618 1818 678 1862 fit,
692 1831 761 1870 pro
782 1819 969 1856 beneficio
989 1821 1191 1873 postulare.
1223 1825 1283 1861 Ac
1300 1824 1346 1861 de
1361 1825 1650 1864 constitutioni-

250 1883 321 1921 bus
343 1883 501 1936 quidem
522 1882 607 1920 satis
628 1882 778 1921 dietum
812 1885 887 1922 est:
921 1899 1025 1923 nunc
1046 1887 1092 1924 de
1123 1888 1170 1926 iis
1191 1891 1468 1936 controverfiis,
1502 1907 1586 1946 quae
1609 1894 1651 1932 in

249 1949 390 2002 scripto
410 1949 615 1994 versantur,
639 1950 848 1988 dicendum
868 1952 1031 1991 videtur.

304 2020 393 2058 XL.
416 2021 460 2058 In
479 2020 620 2073 scripto
637 2021 801 2059 versatur
817 2024 1080 2068 controverfia‚
1099 2038 1190 2062 cum
1209 2039 1255 2064 ex
1276 2026 1491 2079 scriptionis
1505 2031 1651 2069 ratione

249 2086 396 2139 aliquid
417 2087 526 2124 dubii
545 2087 723 2125 nascitur.
767 2088 811 2125 Id
832 2088 876 2126 fit
895 2102 941 2126 ex
963 2091 1161 2143 ambiguo,
1183 2105 1228 2130 ex
1242 2093 1382 2146 scripto
1398 2104 1435 2132 et
1451 2095 1649 2142 sententia,

249 2165 296 2190 ex
317 2153 514 2190 contrariis
535 2153 700 2204 legibus,
728 2167 774 2191 ex
796 2155 1099 2201 ratiocinatione,
1118 2171 1165 2195 ex
1186 2158 1422 2197 definitione.
1482 2162 1544 2199 Ex
1565 2176 1649 2200 am-

251 2218 370 2271 biguo
402 2228 531 2256 autem
562 2219 728 2257 nascitur
754 2222 1017 2267 controversia,
1050 2236 1142 2261 cum
1173 2225 1267 2276 quid
1302 2225 1452 2264 senserit
1473 2227 1646 2280 scriptor,

250 2284 457 2322 obscurum
474 2285 539 2328 est,
563 2286 666 2336 quod
688 2285 873 2339 scriptum
890 2287 981 2335 <bas
997 2289 1168 2340 pluresve
1184 2303 1240 2328 res
1258 2291 1458 2343 significat,
1479 2294 1524 2331 ad
1544 2293 1650 2332 hunc

252 2350 444 2394 modurn;
477 2351 768 2396 Paterfamilias,
804 2366 896 2390 cum
923 2353 1051 2392 filium
1079 2354 1261 2394 heredem
1289 2357 1442 2403 faceret,
1475 2360 1649 2398 vasorum

251 2426 519 2468 argenteorum
542 2418 669 2469 pondo
703 2428 861 2456 centum
892 2421 1003 2458 uxori
1035 2421 1107 2458 suae
1142 2422 1191 2460 fic
1218 2423 1382 2476 legavit;
1415 2427 1532 2464 Heres
1556 2441 1650 2464 meus

252 2482 358 2519 uxori
369 2496 453 2519 meae
467 2484 629 2535 ‘czfforum
649 2493 898 2535 argenteorum
909 2486 1024 2537 pondo
1044 2497 1195 2532 centum,
1214 2504 1293 2541 qua>
1307 2491 1414 2534 volet,
1433 2490 1527 2528 dato.
1561 2491 1649 2527 Post

253 2558 420 2587 mortem
441 2549 521 2600 ejus
542 2550 622 2587 vasa
641 2550 847 2604 magnifica
861 2561 898 2589 et
918 2553 1078 2604 pretiose
1099 2543 1231 2593 caelata
1245 2556 1344 2608 petit
1364 2569 1383 2593 a
1403 2555 1484 2593 filio
1500 2564 1620 2593 mater
1634 2570 1656 2594 :⁷
