2176 2912
646 182 926 222 L1BER
984 183 1350 224 PRIMUS.
1658 204 1702 243 31

294 297 372 322 non
392 283 458 328 est,
477 295 518 321 ea
534 295 605 320 nec
625 281 864 328 constitutio,
887 295 958 321 nec
980 295 1063 335 pars
1080 283 1382 329 constitutionis,
1401 285 1467 324 est.
1492 287 1546 324 At
1564 287 1604 331 fi,
1622 301 1707 340 quse

291 350 516 388 intentionis
537 349 707 402 depulfio
728 363 805 388 non
837 349 903 395 est,
935 363 976 387 ea
1002 363 1072 388 nec
1092 351 1331 396 constitutio,
1353 364 1423 390 nec
1444 366 1528 406 pars
1560 356 1703 393 consti-

291 417 453 454 tutionis
474 415 552 462 est3
585 417 859 454 demonstratio
888 426 926 454 et
946 417 1184 462 deliberatio,
1215 431 1342 470 neque
1362 419 1599 465 constitutio,
1632 435 1702 460 nec

290 496 374 535 pars
396 483 681 521 constitutionis
703 483 767 521 est.
801 484 838 521 Si
860 484 980 536 igitur
999 484 1238 529 constitutio,
1269 494 1307 522 et
1326 485 1419 538 ipsa,
1440 495 1477 523 et
1497 499 1581 539 pars
1602 488 1699 539 ejus,

290 549 515 588 intentionis
537 550 708 603 depulfio
727 550 779 588 est
791 569 804 595 5
836 550 1060 589 deliberatio
1080 560 1118 589 et
1139 551 1423 597 demonstratio,
1456 566 1581 605 neque
1601 568 1698 592 con-

289 615 451 661 stitutio,
470 630 595 669 neque
614 630 698 669 pars
719 616 1006 656 constitutionis
1026 617 1092 656 est.
1114 617 1243 656 Placet
1263 628 1391 656 autem
1413 620 1495 672 ipfi,
1510 621 1699 658 intentio-

290 682 349 720 nis
369 683 440 721 effe
456 684 735 736 depulfionem.
769 684 920 722 Placeat
939 685 1060 737 igitur
1080 694 1245 738 oportet,
1267 699 1344 724 non
1366 686 1436 724 effe
1452 687 1699 725 constitutio-

288 763 394 794 nem,
415 764 485 788 nec
505 760 653 804 partem
673 751 973 790 constitutionis.
997 753 1129 805 Atque
1144 750 1220 790 hoc
1237 752 1371 790 eodem
1392 754 1603 806 urgebitur,
1625 755 1699 793 five

288 817 605 855 constitutionem
626 818 794 870 primam
808 816 926 855 causae
945 819 1169 856 accusatoris
1185 818 1523 858 confirmationem
1540 821 1695 866 dixerit,

288 882 362 920 five
384 882 590 921 defensoris
610 884 779 936 primam
810 884 1132 937 deprecationem.
1167 885 1273 923 Nam
1300 899 1390 924 eum
1411 886 1543 924 eadem
1566 888 1707 925 omnia.

287 949 538 989 incommoda
558 950 776 1003 sequentur.

342 1016 496 1054 Deinde
529 1017 794 1069 conjefifflralis
825 1017 934 1055 causa
965 1031 1041 1056 non
1063 1018 1184 1070 potest
1205 1018 1319 1057 fimul
1347 1032 1393 1057 ex
1420 1019 1553 1057 eadem
1575 1030 1695 1072 parte,

285 1082 422 1120 eodem
443 1084 483 1121 in
502 1096 652 1136 genere,
683 1094 721 1122 et
740 1084 1007 1136 conjecturalis
1037 1084 1122 1129 effe,
1156 1094 1192 1122 et
1213 1085 1424 1123 definitiva.
1456 1086 1604 1124 Rursus
1625 1100 1697 1125 nec

286 1149 484 1187 definitiva
503 1150 612 1188 causa
631 1151 753 1203 potest
773 1151 886 1189 fimul
908 1165 955 1189 ex
973 1151 1105 1189 eadem
1128 1162 1246 1204 parte,
1268 1153 1403 1190 eodem
1425 1153 1464 1190 in
1485 1166 1635 1205 genere,
1657 1164 1699 1192 et-

287 1214 484 1253 definitiva
513 1215 597 1260 effe,
632 1226 669 1254 et
695 1217 920 1255 transsativa.
953 1217 1006 1255 Et
1037 1219 1201 1256 omnino
1230 1218 1337 1255 nulla
1356 1218 1593 1263 constitutio,
1624 1233 1696 1258 nec

285 1294 369 1333 pars
389 1281 674 1320 constitutionis
695 1282 817 1336 potest
843 1283 957 1320 simul
977 1293 1015 1321 et
1042 1284 1148 1322 suam
1169 1283 1323 1329 habere,
1355 1294 1392 1322 et
1423 1285 1576 1323 alterius
1597 1286 1638 1323 in
1659 1286 1699 1323 se

285 1348 366 1386 vim
383 1349 605 1394 continere3
628 1349 714 1388 ideo
733 1349 838 1402 quod
856 1363 1095 1403 unaquaeque
1115 1364 1161 1388 ex
1178 1351 1228 1395 se,
1252 1361 1289 1389 et
1309 1365 1356 1389 ex
1370 1351 1433 1388 sua
1448 1361 1581 1389 natura
1600 1352 1700 1390 fim-

284 1414 438 1467 pliciter
469 1416 752 1454 consideratur:
785 1417 898 1454 altera
925 1416 1126 1470 assumpta,
1158 1431 1341 1455 numerus
1368 1418 1700 1456 constitutionum.

283 1481 518 1534 duplicatur,
549 1495 628 1520 non
649 1482 705 1521 vis
726 1482 1012 1521 constitutionis
1033 1492 1206 1535 augetur.
1239 1485 1295 1521 At
1322 1484 1568 1522 deliberativa
1587 1485 1704 1523 causa.

283 1547 397 1586 fimul
417 1562 464 1587 ex
484 1549 617 1587 eadem
638 1558 757 1602 parte,
780 1549 917 1587 eodem
937 1550 978 1587 in
997 1563 1149 1602 genere,
1170 1558 1208 1588 et
1234 1550 1544 1602 conjecturalem,
1566 1560 1604 1589 et
1623 1565 1694 1603 ge-

283 1615 464 1661 neralem,
497 1624 535 1653 et
555 1615 810 1661 definitivam,
843 1625 881 1654 et
899 1617 1153 1655 transsativam
1175 1616 1269 1654 solet
1288 1616 1426 1655 habere
1446 1617 1694 1656 constitutio-

282 1694 388 1728 nem,
406 1692 444 1721 et
465 1696 582 1721 unam
603 1682 786 1735 aliquam,
810 1692 847 1721 et
867 1683 994 1735 plures
1016 1697 1312 1736 nonnunquam.
1346 1685 1452 1738 Ergo
1472 1685 1551 1737 ipsa
1567 1699 1696 1738 neque

282 1749 508 1788 constitutio
524 1749 592 1794 est,
624 1763 695 1788 nec
726 1763 809 1803 pars
830 1750 1131 1788 constitutionis.
1177 1750 1287 1788 Idem
1307 1751 1347 1788 in
1368 1750 1695 1789 demonstratione

282 1815 375 1853 solet
392 1816 460 1853 usu
479 1817 640 1854 evenire.
677 1817 831 1855 Genera
850 1817 983 1868 igitur,
1005 1826 1049 1855 ut
1069 1827 1155 1856 ante
1175 1817 1361 1862 diximus,
1389 1816 1471 1856 haec
1493 1818 1692 1857 causarum

281 1882 450 1933 putanda
469 1882 570 1927 sunt,
593 1896 670 1920 non
693 1892 815 1935 partes
837 1883 999 1935 alicujus
1017 1884 1317 1922 constitutionis.

326 1948 399 1985 XI.
432 1948 530 1986 Haec
546 1961 637 2000 ergo
652 1948 891 1993 constitutio,
914 1962 1030 2001 quam
1052 1949 1267 2001 generalem
1284 1949 1548 1995 nominamus,
1566 1959 1690 2003 partes

280 2013 391 2052 nobis
407 2014 559 2052 videtur
578 2014 669 2052 duas
685 2013 837 2060 habere,
854 2015 1132 2067 juridicialem,
1154 2025 1191 2053 et
1210 2016 1455 2068 negotialem.
1478 2017 1690 2067 Juridicia-

279 2080 326 2118 lis
347 2080 414 2125 est,
436 2081 477 2118 in
498 2094 574 2133 qua
589 2081 689 2133 aequi
709 2091 747 2119 et
766 2081 893 2133 iniqui
914 2091 1060 2126 natura,
1083 2091 1148 2119 aut
1169 2082 1332 2134 praemii,
1355 2091 1420 2120 aut
1439 2091 1562 2134 poenae
1578 2085 1688 2128 ratio,

279 2148 475 2199 quaeritur.
509 2148 726 2200 Negotialis
758 2147 823 2192 est,
856 2149 894 2186 in
924 2162 1012 2201 qua,
1046 2148 1140 2200 quid
1158 2149 1256 2201 juris
1287 2162 1334 2187 ex
1361 2150 1467 2187 civili
1498 2163 1619 2195 more,
1651 2159 1691 2188 et

279 2214 457 2265 aequitate
477 2213 534 2259 fit,
557 2214 840 2260 consideratur,
873 2215 937 2252 cui
958 2215 1170 2267 diligentiae
1193 2215 1341 2268 praeeffe
1362 2216 1463 2268 apud
1484 2229 1552 2254 nos
1569 2216 1688 2269 juris-

278 2280 444 2318 consulti
464 2281 743 2320 existimantur.

333 2349 393 2385 Ac
409 2348 638 2399 juridicialis
661 2348 820 2400 quidem
841 2348 920 2401 ipsa
941 2349 979 2386 in
1001 2348 1093 2387 duas
1114 2349 1355 2386 distribuitur
1374 2358 1512 2401 partes,
1534 2349 1687 2387 absolu-

279 2422 372 2457 tam,
386 2422 424 2451 et
444 2414 724 2467 affumptivam.
741 2414 930 2453 Absoluta
949 2415 1015 2460 est,
1031 2429 1114 2467 quae
1135 2415 1212 2468 ipsa
1233 2415 1272 2452 in
1291 2415 1325 2452 se
1346 2416 1518 2453 continet
1534 2416 1631 2467 juris
1649 2424 1687 2452 et

280 2478 427 2531 injuriae
443 2481 705 2533 quaestionem.
729 2481 974 2535 Affumptiva
989 2482 1054 2529 est,
1071 2496 1156 2534 quae
1171 2482 1249 2535 ipsa
1266 2495 1311 2520 ex
1329 2481 1364 2520 se
1382 2481 1481 2520 nihil
1503 2481 1605 2519 firmi
1623 2481 1686 2518 dat
