2176 2912
767 228 1265 266 TOPICA.
1637 227 1717 277 489

313 333 370 359 res
391 319 579 372 disjuncta
597 318 804 364 videbitur,
836 329 879 357 ut
899 319 943 357 fit
973 319 1162 371 explicata
1182 318 1370 363 definitio,
1402 318 1450 357 fic
1463 337 1474 363 3
1508 318 1719 358 Ha’redt'tas

312 386 358 438 cst
369 386 535 438 pecunia,
567 399 645 438 quoe
663 396 775 423 morte
805 385 953 437 alicujus
972 385 1023 423 ad
1038 386 1232 438 quempiam
1247 386 1416 437 pervenit
1435 386 1537 436 jure.
1598 386 1715 424 Non·-

313 453 408 489 dum
440 451 492 489 est
522 451 635 489 satis:
668 452 774 496 adde,
805 466 867 490 nec
886 467 927 490 ea
951 461 1018 490 aut
1051 453 1172 504 legata
1198 451 1410 504 testamento,
1441 462 1508 490 aut
1530 451 1718 504 pffffione

310 526 467 555 retenta.
528 516 763 555 Confectum
783 517 850 556 est.
910 518 1102 569 Itemque,
1129 526 1172 555 ut
1204 516 1315 562 illud,
1349 518 1623 569 Gc¹ntilesstttzt,
1657 514 1729 570 qut‘

310 583 458 636 inter-ſs
480 582 590 622 eodem
610 584 744 621 nomine
749 584 857 637 stmt.
905 584 999 622 Non
1020 583 1073 621 est
1099 582 1197 621 satis.
1241 583 1317 634 Qi
1331 582 1378 621 ab
1398 582 1558 635 ingenuis
1577 582 1722 620 oriundi

296 649 405 701 ficnt.
465 648 529 687 Ne
553 649 593 687 id
613 649 773 701 quidem
793 649 879 687 satis
899 648 965 687 est.
1025 648 1185 701 Qcorum
1201 648 1374 699 majorum
1392 649 1716 701 nemostrvitutem

295 715 478 767 servivit.
537 715 656 753 Abest
675 715 793 753 etiam
813 729 931 754 nunc.
974 715 1050 767 Qi
1065 715 1180 768 capite
1195 729 1266 753 non
1273 716 1370 768 ficut
1397 714 1576 753 diminuti.
1623 715 1716 752 Hoc

308 779 458 819 fortaffe
488 781 573 819 satis
605 781 684 819 est:
718 781 816 819 nihil
849 782 954 820 enim
985 781 1096 819 video
1128 782 1349 825 Scaevolam,
1383 780 1632 825 Pontificem,
1669 780 1715 818 ad

309 845 410 884 hanc
440 846 707 885 definitionem
738 847 929 886 addidisse.
978 849 1111 899 Atque
1142 847 1224 885 haec
1244 848 1339 885 ratio
1358 846 1457 885 valet
1482 846 1524 884 in
1550 854 1715 899 utroque

307 925 444 964 genere
463 912 753 958 definitionum,
783 914 857 951 five
877 913 931 958 id,
962 913 1067 966 quod
1087 912 1152 958 est,
1174 913 1247 951 five
1265 913 1319 958 id,
1343 912 1448 965 quod
1467 911 1713 965 intelligitur,

308 978 572 1018 definiendum
592 979 657 1018 est.

364 1046 625 1085 Partitionum
646 1055 790 1092 autem,
806 1034 863 1085 ‘et
884 1046 1117 1085 divifionum
1137 1059 1257 1100 genus
1279 1046 1390 1099 quale
1410 1044 1513 1090 esset,
1545 1044 1713 1084 ostendi-

309 1125 422 1151 mus:
455 1113 530 1157 sed‚
554 1113 649 1165 quid
669 1113 769 1151 inter
788 1113 824 1152 se
845 1113 1037 1159 differant,
1060 1114 1210 1167 planius
1233 1113 1443 1151 dicendum
1462 1112 1528 1151 est.

366 1179 412 1216 In
430 1179 637 1232 partitione
657 1179 759 1232 quafi
781 1179 956 1218 membra
975 1180 1086 1225 sunt5
1119 1189 1163 1218 ut
1182 1180 1367 1233 corporis,
1393 1188 1522 1233 caput,
1545 1176 1712 1223 hum-eri,

307 1257 459 1290 manus,
481 1245 607 1290 latera,
628 1258 751 1289 crura,
772 1245 900 1298 pedes,
922 1254 1066 1284 caetera.

364 1312 456 1350 VII.
490 1312 536 1350 In
554 1311 736 1349 divifione
756 1310 890 1350 formae
910 1311 1011 1358 sunt,
1033 1325 1126 1365 quas
1148 1311 1275 1352 Graeci
1293 1305 1377 1350 ἰδέας
1397 1321 1559 1350 vocant:
1582 1310 1713 1355 nostri,

308 1376 335 1415 fi
356 1377 424 1429 qui
443 1375 525 1415 haec
556 1376 655 1415 forte
686 1379 860 1422 tractant,
876 1378 1013 1431 species
1030 1379 1249 1431 appellant;
1282 1391 1360 1416 non
1380 1376 1536 1431 peffime
1562 1376 1603 1414 id
1623 1376 1713 1428 qui-

308 1443 412 1487 dem,
435 1443 497 1481 sed
516 1443 707 1481 inutiliter
727 1443 772 1482 ad
789 1444 994 1482 mutandos
1018 1444 1122 1482 casus
1143 1444 1184 1482 in
1205 1443 1381 1482 dicendo.
1428 1442 1570 1481 Nolim
1590 1442 1712 1486 enim,

306 1523 356 1547 ne
387 1509 413 1548 fi
433 1510 572 1548 Latine
601 1510 761 1562 quidem
792 1510 869 1548 dici
898 1510 1024 1563 poffit‚
1043 1511 1257 1564 specierum,
1292 1519 1331 1548 et
1341 1509 1524 1563 speciebus
1555 1508 1679 1547 dicere
1699 1527 1712 1553 5

306 1584 347 1614 et
377 1575 470 1628 saepe
498 1575 558 1614 his
588 1576 732 1614 casibus
753 1576 943 1614 utendum
963 1575 1042 1615 est:
1074 1586 1112 1614 at
1123 1576 1262 1629 formis
1281 1584 1319 1612 et
1333 1576 1548 1628 firmarum
1577 1574 1712 1612 velim.

308 1642 414 1680 Cum
434 1650 564 1680 autem
586 1650 749 1694 utroque
769 1642 886 1680 verbo
916 1642 1021 1680 idem
1046 1641 1296 1695 fignificetur,
1323 1639 1643 1680 commoditatem
1672 1640 1715 1678 in

306 1707 469 1746 dicendo
489 1722 567 1747 non
587 1708 749 1746 arbitror
769 1708 1055 1761 negligendam.

363 1774 498 1812 Genus
524 1783 564 1812 et
589 1773 758 1813 formam
778 1773 969 1812 definiunt
998 1773 1075 1812 hoc
1109 1774 1252 1820 modo;
1285 1775 1421 1813 Genus
1452 1772 1505 1811 est
1531 1771 1638 1810 notio
1665 1770 1714 1809 ad

306 1838 433 1892 plures
468 1838 698 1878 differentias
730 1840 936 1893 pertinens.
980 1840 1122 1878 Forma
1151 1840 1204 1878 est
1223 1840 1346 1885 notio,
1368 1840 1478 1892 cujus
1498 1836 1714 1876 differentia

306 1907 353 1943 ad
370 1915 488 1959 caput
507 1906 669 1958 generis,
700 1914 737 1944 et
757 1906 860 1958 quasi
880 1905 1032 1944 fontem
1058 1904 1189 1944 referri
1209 1906 1344 1959 potest.
1404 1905 1623 1944 Notionem
1643 1916 1712 1956 ap-

305 1972 422 2025 pello,
454 1972 559 2024 quod
592 1972 721 2010 Graeci
751 1981 837 2010 tum
873 1968 996 2017 imas,
1026 1981 1114 2010 tum
1144 1964 1335 2024 πρόληψιν,
1366 1971 1516 2009 dicunt.
1577 1971 1634 2008 Ea
1659 1969 1713 2007 est

306 2039 428 2084 inlita,
469 2048 508 2077 et
533 2047 620 2076 ante
654 2047 831 2091 percepta
864 2038 1050 2091 cujusque
1084 2037 1218 2077 formae
1253 2037 1440 2090 cogniti0‚
1471 2035 1710 2076 enodationis

306 2105 496 2158 indigens.
529 2107 681 2144 Formae
702 2106 821 2158 igitur
840 2106 926 2144 sunt
947 2105 1018 2150 hae,
1051 2106 1092 2144 in
1113 2117 1206 2158 quas
1227 2117 1347 2157 genus
1375 2103 1450 2142 fine
1475 2103 1592 2141 ullius
1612 2116 1710 2155 prce·

306 2172 536 2211 termiffione
553 2173 760 2211 dividitur:
782 2182 826 2212 ut
842 2173 867 2211 fi
888 2173 974 2226 quis
989 2174 1053 2226 jus
1069 2173 1110 2211 in
1131 2172 1271 2224 legem,
1289 2184 1454 2216 morem,
1473 2169 1708 2222 aequitatem,

305 2239 463 2278 dividat.
524 2240 682 2278 Formas
715 2240 784 2292 qui
815 2249 924 2293 putat
957 2240 1058 2278 idem
1085 2238 1168 2284 effe,
1200 2237 1306 2291 quod
1336 2246 1474 2290 partes,
1504 2235 1710 2279 confundit

305 2312 427 2343 artem
445 2323 457 2349 ς
493 2314 531 2343 et
563 2305 814 2343 fimilitudine
855 2305 1021 2358 quadam
1055 2304 1320 2350 conturbatus,
1364 2317 1443 2343 non
1471 2303 1556 2342 satis
1583 2309 1707 2345 acute,

305 2383 390 2423 quae
411 2369 497 2407 sunt
518 2370 753 2415 secernenda,
776 2371 989 2424 distinguit.

360 2437 465 2488 Saepe
499 2436 614 2474 etiam
648 2436 839 2475 definiunt
871 2447 908 2475 et
939 2446 1102 2476 oratores
1133 2445 1171 2475 et
1191 2446 1312 2491 poetae
1339 2450 1405 2490 per
1426 2433 1708 2474 transsationem

306 2502 425 2546 verbi,
447 2514 493 2540 ex
514 2501 778 2550 similitudine,
800 2516 892 2543 cum
912 2503 1076 2557 quadam
1096 2503 1287 2545 suavitate.
1348 2503 1420 2540 Sed
1439 2515 1511 2555 ego
1539 2514 1558 2539 a
1578 2498 1706 2539 vestris

414 2569 559 2611 Tom.
591 2570 623 2609 Ι.
1274 2570 1406 2622 Qqq
