2176 2912
774 175 1303 215 ORATOR.
1663 189 1739 228 473

336 269 542 309 numerosa
562 268 627 307 fiat
645 269 782 307 oratio.
828 268 1118 322 Explicandum
1139 267 1256 306 etiam
1277 267 1343 312 est,
1374 267 1475 305 unde
1495 275 1576 306 orta
1597 268 1640 306 fit
1661 267 1743 306 for-

341 350 405 374 ma
437 336 642 373 verborum
658 353 671 380 ;
702 335 1004 387 dicendumque,
1040 343 1203 386 quantos
1235 333 1419 371 circuitus
1454 333 1577 371 facere
1597 334 1741 372 deceat.

342 403 481 453 Deque
495 415 630 440 eorum
650 402 864 454 particulis,
881 411 919 439 et
941 410 1124 453 tanquam
1140 400 1389 439 incisionibus
1405 400 1660 439 differendum
1676 401 1741 446 est,

339 468 684 521 quaerendumque,
707 477 840 506 utrum
861 482 935 506 una
961 468 1102 521 specics
1123 476 1161 506 et
1182 467 1387 520 longitudo
1407 466 1451 506 fit
1470 481 1616 512 earum,
1647 481 1744 506 anne

340 534 468 586 plures
485 553 497 579 3
529 543 580 579 et,
623 534 649 572 fi
684 534 826 586 plures,
863 548 941 586 quo
971 534 1071 578 loco,
1114 542 1179 571 aut
1208 533 1376 585 quando,
1418 546 1574 585 quoque
1607 547 1744 585 genere

343 600 400 637 uti
420 609 606 653 oporteat.
640 600 837 638 Postremo
858 600 974 638 totius
995 599 1143 652 generis
1164 599 1309 637 utilitas
1329 599 1555 652 explicanda
1574 598 1640 643 est,
1659 612 1745 650 quae

341 666 502 716 quidem
530 674 634 719 patet
668 666 795 704 latius.
855 666 950 704 Non
971 665 1017 704 ad
1037 679 1155 704 unam
1174 666 1281 704 enim
1300 678 1383 704 rem
1402 665 1587 718 aliquam,
1618 663 1680 703 sed
1700 665 1745 702 ad

344 731 486 783 plures,
508 732 837 771 accommodatur.

399 800 459 836 Ac
480 798 584 843 licet,
617 812 695 836 non
715 798 760 836 ad
781 797 943 851 lingulas
966 812 1021 836 res
1054 797 1361 850 respondentem,
1394 796 1440 834 de
1470 796 1645 834 universo
1675 809 1744 849 ge-

343 877 431 902 nere
464 864 514 902 fic
548 865 687 909 dicere,
723 874 767 902 ut
797 865 914 902 etiam
935 864 1091 917 fingulis
1113 864 1197 902 satis
1218 863 1437 916 responsum
1468 863 1539 901 effe
1559 863 1743 902 videatur.

344 930 524 967 Remotis
555 930 674 983 igitur
694 930 852 981 reliquis
879 930 1082 982 generibus
1118 943 1243 967 unum
1264 929 1483 982 selegimus„
1518 928 1608 973 hoc,
1639 929 1747 980 quod

344 995 385 1033 in
414 996 546 1042 caufis,
577 996 740 1048 foroque
773 996 953 1041 versatur,
984 996 1031 1034 de
1061 1010 1140 1048 quo
1174 996 1404 1034 diceremus.
1463 996 1568 1047 Ergo
1588 995 1629 1033 in
1648 995 1744 1038 aliis,

344 1061 385 1099 id
415 1062 481 1106 est,
513 1063 553 1100 in
583 1061 751 1107 historia,
783 1071 820 1100 et
850 1062 891 1100 in
917 1076 976 1107 eo,
1008 1063 1113 1114 quod
1143 1062 1380 1116 appellamus
1410 1054 1632 1106 ὲπιὸετκτικὶν,
1663 1060 1750 1114 pla-

345 1132 408 1160 cet
427 1124 560 1161 onmia
592 1123 669 1161 dici
689 1123 890 1168 Isocrateo,
925 1122 1288 1176 Theopompeoque
1320 1136 1441 1167 more,
1474 1121 1540 1159 illa
1574 1123 1749 1160 circum-

346 1189 566 1243 scriptione,
598 1190 839 1242 ambituque,
863 1199 905 1228 ut
926 1198 1108 1242 tanquam
1129 1191 1168 1228 in
1188 1190 1281 1228 orbe
1302 1188 1447 1227 inclusa
1466 1197 1592 1226 currat
1611 1189 1746 1233 oratio,

346 1256 471 1308 quoad
492 1256 632 1295 infistat
651 1256 692 1294 in
712 1257 868 1309 singulis
885 1255 1076 1310 perfeff'cis,
1092 1247 1349 1308 absolutisque
1364 1255 1574 1294 sententiis,
1596 1255 1748 1307 Itaque,

346 1323 592 1375 posteaquam
622 1324 675 1362 est
705 1333 792 1362 nata
824 1323 906 1362 haec
926 1324 985 1362 vel
1005 1323 1326 1376 circumscriptio,
1358 1323 1418 1360 vel
1443 1320 1748 1374 comprehensio,

348 1390 407 1430 vel
428 1391 682 1435 continuatio,
713 1391 773 1428 vel
794 1391 978 1436 ambitus,
1001 1391 1027 1428 fi
1053 1391 1106 1428 ita
1125 1390 1218 1428 licet
1237 1390 1376 1434 dicere,
1408 1401 1539 1433 nemo,
1574 1388 1643 1440 qui
1677 1388 1748 1425 ali-

349 1470 428 1508 quo
447 1456 535 1495 effet
566 1458 606 1495 in
633 1470 809 1502 numero,
840 1457 985 1510 scripsit
1005 1456 1218 1496 orationem
1238 1456 1387 1508 generis
1408 1455 1504 1507 ejus,
1526 1454 1633 1506 quod
1661 1453 1751 1492 effet

349 1522 396 1559 ad
415 1522 709 1561 delectationem
729 1532 1009 1576 comparatum,
1027 1531 1301 1573 remotumque
1321 1534 1342 1557 a
1355 1519 1514 1572 judiciis
1534 1518 1752 1571 forensique

350 1588 575 1634 certamine,
597 1589 694 1641 quin
713 1588 900 1642 redigeret
929 1600 1065 1627 omnes
1096 1586 1174 1626 fere
1195 1588 1235 1625 in
1255 1586 1445 1639 quadrum
1466 1598 1752 1637 numerumque

349 1653 567 1693 sententias.
610 1655 718 1692 Nam
736 1669 829 1692 cum
851 1655 881 1692 is
902 1654 954 1692 est
974 1654 1137 1698 auditor,
1160 1653 1228 1705 qui
1248 1666 1326 1690 non
1354 1660 1540 1695 vereatur,
1561 1664 1609 1688 ne
1638 1664 1750 1688 com-

351 1720 479 1772 pofitae
498 1718 680 1758 orationis
698 1720 840 1758 infidiis
856 1720 920 1758 sua
939 1720 1032 1757 fides
1047 1727 1267 1764 attentetur,
1290 1718 1451 1772 gratiam
1467 1729 1623 1770 quoque
1636 1715 1753 1754 habet

351 1786 505 1830 oratori,
525 1786 716 1838 voluptati
735 1786 887 1824 aurium
908 1785 1097 1824 servienti.

417 1852 550 1890 LXII.
591 1853 727 1890 Genus
747 1861 876 1890 autem
896 1851 972 1889 hoc
992 1851 1173 1890 orationis
1194 1864 1319 1903 neque
1340 1858 1469 1889 totum
1485 1848 1754 1888 assumendum

353 1918 407 1957 est
426 1918 472 1956 ad
503 1918 628 1956 causas
648 1918 828 1964 forenses,
864 1932 989 1971 neque
1023 1918 1188 1956 omnino
1221 1916 1518 1970 repudiandum.
1579 1916 1616 1954 Si
1647 1916 1755 1954 enim

354 1986 504 2039 semper
523 1995 641 2031 utare,
663 2000 756 2024 cum
772 1986 981 2024 satietatem
1002 1985 1125 2031 affert,
1143 1994 1243 2030 tum,
1264 1983 1376 2037 quale
1398 1984 1455 2028 fit,
1469 1983 1587 2021 etiam
1607 1983 1654 2021 ab
1674 1982 1753 2020 im—

354 2054 487 2106 peritis
507 2053 739 2106 agnoscitur.
762 2052 942 2091 Detrahit
961 2062 1138 2106 praeterea
1157 2051 1314 2090 aetionis
1335 2050 1522 2095 dolorem,
1539 2049 1662 2088 aufert
1677 2047 1754 2086 hu-

355 2133 518 2160 manum
538 2120 686 2159 sensum
703 2121 854 2166 actoris,
879 2121 980 2159 tollit
1000 2119 1177 2158 funditus
1199 2119 1398 2158 veritatem
1418 2127 1455 2155 et
1475 2117 1607 2156 fidem.
1668 2116 1753 2160 Sed,

357 2187 543 2237 quoniam
570 2186 786 2225 adhibenda
819 2200 1101 2238 nonnunquam
1135 2185 1201 2230 est,
1237 2185 1411 2238 primum
1446 2183 1657 2221 videndum
1687 2181 1753 2226 est,

357 2266 436 2304 quo
456 2253 556 2298 loco,
575 2253 713 2292 deinde
733 2268 850 2306 quam
871 2255 937 2292 diu
956 2253 1153 2292 retinenda
1173 2253 1232 2298 fit,
1268 2262 1354 2292 tum
1381 2259 1478 2304 quot
1497 2250 1622 2290 modis
1642 2262 1754 2286 corn-

358 2319 557 2357 mutanda.

412 2383 647 2423 Adhibenda
680 2385 732 2423 est
764 2387 884 2438 igitur
905 2386 1103 2425 numerosa
1136 2386 1270 2431 oratio,
1298 2385 1323 2423 fi
1344 2394 1409 2423 aut
1439 2381 1673 2422 laudandum
1704 2379 1755 2417 est

358 2451 504 2504 aliquid
542 2452 725 2498 ornatius,
768 2461 811 2493 ut
852 2465 920 2492 nos
951 2455 990 2492 in
1030 2451 1296 2492 Accusationis
1331 2451 1495 2490 secundo
1537 2449 1583 2487 de
1617 2445 1754 2486 Sicilia:

441 2518 480 2556 T
498 2531 521 2556 0
541 2530 593 2557 M.
626 2518 658 2557 1.
1331 2518 1367 2555 O
1390 2530 1412 2555 o
1432 2530 1455 2554 o
