2176 2912
400 278 473 318 ¹52
751 265 864 304 DE
940 265 1443 305 ORATORE

393 357 557 402 Antoni,
591 358 692 409 (vere
712 357 864 410 loquar)
896 372 1095 411 nunquam
1117 358 1218 398 mihi
1238 359 1490 412 percontanti,
1521 367 1584 396 aut
1604 360 1788 411 quaerenti

391 423 552 475 aliquid,
585 422 751 467 defuisti,
782 433 820 461 et
851 424 1011 477 persaepe
1032 438 1108 469 me,
1140 439 1224 477 quae
1252 424 1385 462 soleres
1418 425 1456 462 in
1477 423 1640 462 dicendo
1659 424 1788 462 obser-

391 503 490 534 vare,
522 489 696 528 docuisti.
747 490 866 529 Nunc
888 491 1073 542 quoniam
1095 501 1254 545 uterque
1274 491 1439 529 vestrum
1460 490 1641 543 patefecit
1658 503 1788 529 earum

393 570 522 595 rerum
554 556 720 609 ipsarum
751 557 913 601 aditum,
945 571 1037 609 quas
1072 559 1294 609 quaerimus,
1326 567 1364 595 et
1397 558 1582 609 quoniam
1611 557 1787 610 princeps
1841 606 1844 607 ⁷

395 621 544 660 Craffus
565 623 644 674 ejus
663 621 845 660 sermonis
866 623 1039 660 ordiendi
1059 622 1147 667 fuit,
1179 624 1263 661 date
1294 623 1404 661 nobis
1430 622 1528 660 hanc
1549 623 1715 666 veniam,
1746 631 1789 660 ut

393 701 448 732 ea,
480 701 565 740 quae
585 687 729 725 sentitis
751 687 797 725 de
816 689 924 725 omni
951 702 1086 740 genere
1119 688 1286 732 dicendi,
1318 688 1508 726 subtiliter
1526 688 1787 740 persequami-

395 753 449 792 ni.
496 752 614 804 Qod
634 752 793 803 quidem
814 753 839 790 fi
860 753 929 790 erit
946 766 966 790 a
992 753 1099 790 vobis
1131 753 1395 804 impetratum,
1429 766 1610 805 magnam
1627 752 1790 796 habebo,

395 818 533 861 Craffe,
564 817 656 854 huic
677 817 852 869 palaestrae
872 827 908 855 et
929 817 1150 856 Tusculano
1184 827 1252 856 tuo
1272 818 1447 871 gratiam,
1478 828 1515 856 et
1545 818 1658 871 longe
1685 819 1786 856 Aca-

393 884 528 921 demiae
548 883 607 921 illi
639 896 680 921 ac
701 884 829 935 Lyceo
850 893 963 922 tuum
982 883 1057 923 hoc
1085 884 1347 923 suburbanum
1367 883 1608 937 gymnasium
1628 892 1787 936 antepo-

393 962 496 986 nam.

446 1016 579 1054 XXII.
611 1018 721 1053 Tum
741 1015 820 1061 ille,
842 1017 966 1055 immo
987 1031 1086 1063 vero,
1105 1017 1247 1069 inquit,
1280 1017 1438 1070 Sulpici,
1457 1030 1636 1068 rogemus
1658 1018 1786 1054 Anto-

392 1081 517 1126 nium,
549 1083 617 1134 qui
637 1092 674 1120 et
694 1083 815 1135 potest
835 1081 957 1121 facere
978 1084 1030 1129 id,
1062 1084 1166 1136 quod
1188 1084 1360 1136 requiris,
1388 1092 1425 1120 et
1453 1083 1661 1127 consuevit,
1687 1091 1729 1120 ut
1750 1090 1787 1118 te

391 1147 504 1186 audio
530 1148 668 1186 dicere.
715 1148 822 1187 Nam
842 1148 962 1187 fateor
981 1163 1044 1188 me
1064 1150 1221 1202 quidem
1239 1149 1386 1201 semper
1405 1162 1424 1186 a
1444 1162 1581 1201 genere
1600 1147 1675 1186 hoc
1705 1156 1786 1185 toto

387 1212 568 1251 sermonis
591 1213 778 1266 refugisse,
810 1223 848 1252 et
874 1215 945 1252 tibi
965 1215 1136 1267 cupienti
1167 1224 1281 1266 atque
1314 1214 1467 1252 instanti
1499 1213 1695 1265 saepifiime
1715 1225 1783 1250 ne-

390 1279 499 1330 gaffe,
533 1288 574 1316 ut
595 1289 677 1317 tute
695 1279 810 1332 paulo
830 1290 915 1318 ante
934 1281 1074 1319 dixisti.
1119 1280 1237 1332 Qod
1256 1293 1328 1332 ego
1348 1293 1425 1317 non
1446 1278 1631 1331 superbia,
1664 1291 1787 1329 neque

389 1343 671 1382 inhumanitate
700 1344 905 1390 faciebam,
937 1359 1060 1397 neque
1085 1345 1164 1398 quo
1184 1354 1251 1383 tuo
1281 1345 1404 1382 studio
1424 1344 1641 1388 rec'tiffimo,
1672 1352 1787 1395 atque

388 1411 540 1463 optimo
559 1424 636 1448 non
655 1411 813 1463 obsequi
833 1412 985 1456 vellem,
1016 1412 1222 1465 praesertim
1253 1424 1345 1449 cum
1377 1420 1414 1449 te
1435 1424 1558 1448 unum
1578 1423 1623 1448 ex
1654 1409 1783 1447 omni-

390 1476 461 1514 bus
482 1477 526 1514 ad
547 1477 754 1514 dicendum
770 1478 940 1516 maxime
960 1486 1109 1522 natum,
1128 1486 1339 1529 aptumque
1354 1475 1572 1529 cognossem
1586 1494 1597 1520 ς
1620 1475 1682 1513 sed
1699 1488 1784 1512 me-

388 1540 543 1580 hercule
563 1543 668 1579 istius
688 1542 954 1594 disputationis
986 1542 1199 1587 insolentia,
1231 1551 1343 1594 atque
1377 1555 1506 1579 earum
1536 1554 1678 1585 rerum,
1700 1553 1785 1592 quae

389 1607 491 1659 quasi
512 1607 552 1644 in
572 1616 648 1644 arte
669 1607 883 1652 traduntur,
914 1607 1075 1646 inscitia.

443 1674 552 1711 Tum
590 1674 718 1716 Cotta,
759 1673 944 1725 quoniam
975 1673 1027 1718 id,
1059 1673 1162 1725 quod
1183 1673 1461 1711 difficillimum
1482 1673 1594 1710 nobis
1630 1672 1784 1710 videba-

389 1748 465 1782 tur,
496 1748 539 1776 ut
558 1738 720 1776 omnino
740 1738 785 1776 de
805 1737 865 1776 his
886 1738 1011 1783 rebus,
1045 1738 1182 1783 Craffe,
1214 1739 1423 1791 loquerere,
1455 1738 1607 1776 assecuti
1628 1738 1782 1782 sumu85

388 1805 434 1842 de
466 1805 613 1856 reliquo
637 1805 720 1855 jam
742 1804 864 1842 nostra
883 1805 995 1857 culpa
1016 1803 1145 1848 fuerit,
1177 1804 1202 1842 fi
1235 1813 1284 1849 te,
1316 1805 1384 1842 nisi
1412 1804 1555 1848 omnia,
1587 1818 1670 1856 quae
1697 1817 1783 1856 per-

386 1871 530 1908 contati
551 1871 706 1914 erimus,
739 1870 951 1922 explicariS,
983 1870 1256 1908 dimiserimus.
1318 1871 1377 1908 De
1398 1869 1472 1913 his,
1504 1871 1629 1914 credo,
1659 1870 1782 1914 rebus,

387 1935 515 1986 inquit
537 1935 699 1990 Crassus,
732 1946 773 1972 ut
807 1937 845 1973 in
867 1936 1099 1973 cretionibus
1128 1936 1239 1973 scribi
1272 1935 1378 1980 solet,
1412 1935 1545 1987 Qibus
1559 1937 1689 1989 stiam,
1715 1945 1782 1988 po-

386 2009 541 2054 teroque.
565 2002 673 2038 Tum
694 2001 773 2046 ille,
793 2015 960 2053 namque
978 2002 1081 2053 quod
1103 2010 1143 2038 tu
1164 2015 1241 2038 non
1258 2003 1414 2053 poteriS,
1436 2011 1500 2038 aut
1521 2002 1674 2045 nescies,
1698 2001 1783 2052 quis

387 2066 558 2104 nostrum
581 2076 657 2104 tam
677 2067 881 2119 impudens
903 2067 968 2111 est,
993 2068 1059 2118 qui
1082 2067 1115 2104 se
1133 2067 1236 2110 scire,
1260 2076 1323 2103 aut
1339 2066 1452 2118 poffe,
1474 2066 1663 2118 postulet?
1695 2067 1783 2116 Jam

387 2146 474 2169 vero
509 2133 575 2169 ista
594 2133 828 2177 conditione,
861 2133 955 2170 dum
988 2132 1087 2169 mihi
1123 2132 1233 2169 liceat
1265 2145 1399 2183 negare
1435 2132 1533 2183 poffe
1568 2132 1670 2183 quod
1706 2145 1781 2168 non

386 2207 533 2250 potero,
548 2209 584 2235 et
605 2198 713 2236 fateri
736 2198 873 2236 nescire
894 2199 997 2250 quod
1018 2197 1196 2241 nesci-tun,
1215 2197 1318 2241 licet,
1340 2198 1467 2249 inquit
1489 2198 1650 2241 Craffus,
1666 2197 1783 2235 vestro

387 2264 567 2301 arbitratu
591 2265 883 2316 percoutcmini.

443 2331 587 2381 Atque,
620 2331 746 2382 iuquit
777 2330 982 2382 Sulpicius,
1015 2329 1088 2366 hoc
1120 2327 1290 2381 primum
1320 2343 1366 2367 ex
1398 2339 1446 2374 te,
1479 2330 1524 2367 de
1556 2344 1632 2382 quo
1667 2330 1783 2367 modo

389 2396 584 2434 Antonius
619 2396 807 2448 exposuit,
837 2397 931 2447 quid
951 2396 1097 2439 sentias,
1121 2397 1355 2447 quaerhnus,
1389 2396 1643 2434 Existimesne
1663 2405 1781 2433 artem

386 2462 555 2514 aliquam
577 2462 644 2500 effe
658 2462 822 2499 dicendi.
856 2462 992 2512 Qid?
1015 2461 1113 2499 mihi
1136 2476 1237 2499 nunc
1260 2475 1338 2506 vos,
1362 2463 1488 2513 inquit
1510 2463 1673 2506 Craffus,
1697 2471 1780 2499 tan-

387 2542 503 2579 quam
539 2528 651 2565 alicui
674 2528 854 2565 Graeculo
888 2527 1008 2566 otioso
1040 2536 1077 2564 et
1098 2527 1264 2579 loquaci,
1296 2538 1333 2564 et
1360 2528 1508 2566 fortafl‘e
1528 2529 1640 2566 docto
1668 2537 1782 2579 atque

379 2593 548 2638 erudito,
580 2592 908 2646 quaestiuncuhm,
941 2593 986 2631 de
1007 2606 1082 2645 qua
1102 2607 1188 2631 meo
1219 2593 1401 2632 arbitratu
1431 2594 1576 2645 loquar,
1609 2593 1780 2646 ponitis?
