2176 2912
793 159 1321 198 ORATOR.
1681 161 1756 210 481

362 253 608 307 Maximosque
639 252 747 290 multi
772 252 925 291 eunuchi
951 267 969 291 e
1000 253 1105 305 Syria
1136 253 1364 305 AEgyptoque
1394 252 1575 290 vicerunt.
1634 252 1763 290 Verba

361 328 538 372 permuta
556 319 620 362 fic,
653 326 695 355 ut
714 317 774 362 fit,
807 318 978 356 Vicermzt
1008 317 1161 356 eunuchi
1176 333 1192 355 e
1216 318 1335 369 Syria,
1366 319 1607 371 AEgyptoque.
1651 317 1762 355 Adde

361 386 548 430 tertium3
579 386 705 437 Neque
722 398 808 422 vero
838 394 1047 422 ornamenta
1066 384 1129 438 zstcz
1155 384 1340 429 villarium
1372 384 1496 436 quibus
1516 386 1567 423 L.
1590 384 1761 429 Paulum,

361 460 398 490 et
424 453 476 490 L.
497 451 727 496 Mammium,
758 451 822 503 qui
847 450 952 489 rebus
983 449 1038 488 his
1070 450 1204 495 urbem,
1237 450 1450 504 Italiamque
1483 464 1612 489 omnem
1645 451 1762 502 refi’r-

348 518 498 570 strunt,
528 516 574 555 ab
605 516 722 569 aliquo
754 516 852 555 video
876 516 1050 569 pezfizcile
1082 516 1246 560 Deliaco,
1276 525 1342 554 aut
1368 517 1457 568 Syro
1482 515 1630 568 potuf'ffi’
1649 517 1762 568 βψσ-

362 583 458 621 rari.
518 583 550 621 F
553 595 595 620 ac
615 582 679 627 ita,
704 582 812 634 potui
833 582 1033 635 &ficperari
1047 582 1093 620 ab
1112 582 1228 634 aliquo
1249 583 1349 635 Syro,
1380 590 1446 619 aut
1466 581 1630 620 Deliaco.
1690 581 1763 619 Vi-

362 648 488 694 desne‚
521 658 564 687 ut
593 649 726 687 ordine
753 649 960 687 verborum
990 648 1152 701 paulum
1172 656 1427 692 commutato,
1463 647 1598 686 iisdem
1624 648 1763 692 verbis,

362 715 480 753 stante
501 716 696 760 sententia,
727 716 774 753 ad
805 714 975 753 nihilum
1006 715 1138 753 omnia
1171 714 1353 759 recidant,
1385 728 1479 752 cum
1499 714 1577 752 fint.
1601 727 1649 752 ex
1668 715 1765 767 aptis

362 781 568 820 dissoluta?
599 791 664 819 aut
695 782 720 819 fi
751 781 912 833 alicujus
947 781 1134 820 inconditi
1164 781 1318 833 arripias
1349 780 1561 833 diffipatam
1595 780 1766 833 aliquam

361 847 604 892 sententiam,
639 860 816 899 eamque,
851 846 984 884 ordine
1013 847 1218 885 verborum
1248 846 1411 899 paulum
1435 854 1693 891 commutato,
1725 847 1767 884 in

362 914 555 966 quadrum
587 913 747 966 redigas,
779 913 966 951 efficiatur
996 922 1132 967 aptum
1154 913 1267 958 illud,
1298 913 1404 965 quod
1422 911 1540 951 fuerit
1559 922 1668 951 antea
1687 912 1766 951 dif-

362 981 499 1027 fluens,
520 995 562 1019 ac
583 980 769 1019 solutum.
810 982 910 1033 Age,
933 980 1041 1018 sume
1061 981 1108 1018 de
1129 978 1301 1018 Gracchi
1320 979 1422 1032 apud
1443 979 1626 1018 Censores
1653 979 1767 1025 illud,

363 1048 488 1102 Abff’
506 1062 574 1087 non
586 1047 712 1101 potaessss
748 1048 833 1101 quin
852 1047 997 1100 ejzgfdem
1016 1047 1224 1099 hominisstt
1236 1047 1366 1100 probos
1383 1046 1596 1100 improbare,
1619 1048 1683 1100 qui
1698 1047 1765 1084 im-

357 1114 489 1167 probos
500 1113 643 1167 probet.
703 1114 862 1164 Qanto
882 1113 1021 1165 aptius,
1039 1113 1066 1150 fi
1085 1113 1138 1151 ita
1157 1112 1320 1157 dixisset,
1349 1113 1433 1166 quin
1453 1111 1595 1165 ‹jzffdem
1623 1112 1769 1151 hominis

349 1181 421 1232 stt,
452 1181 515 1234 qui
545 1179 715 1233 improbos
738 1179 881 1232 probet,
916 1178 1046 1232 probos
1078 1179 1278 1232 improbare
1298 1178 1318 1217 .?
1366 1180 1458 1217 Hoc
1488 1179 1606 1217 modo
1643 1179 1769 1217 dicere

364 1261 481 1286 nemo
502 1261 675 1300 unquam
691 1246 844 1291 noluit,-
867 1259 1061 1299 nemoque
1081 1246 1223 1299 potuit,
1245 1247 1342 1299 quin
1361 1246 1512 1284 dixerit.
1537 1245 1619 1297 Qi
1639 1255 1769 1284 autem

364 1313 474 1352 aliter
493 1314 685 1357 dixerunt,
707 1311 782 1350 hoc
803 1312 942 1365 affequi
963 1326 1041 1350 non
1061 1321 1294 1366 potuerunt:
1326 1312 1378 1350 ita
1397 1311 1487 1350 fasti
1508 1310 1595 1349 sunt
1615 1320 1770 1364 repente

366 1380 506 1418 Attici.
529 1379 646 1430 Qafi
666 1392 754 1417 vero
767 1378 986 1417 Trallianus
1006 1377 1122 1416 fuerit
1138 1377 1441 1422 Demosthenem
1464 1378 1574 1430 cujus
1594 1390 1673 1416 non
1689 1385 1769 1416 tam

364 1445 556 1484 vibrarent
574 1444 742 1483 fulmina
762 1444 839 1489 illa,
862 1444 930 1482 nisi
951 1444 1120 1482 numeris
1140 1452 1316 1482 contorta
1334 1442 1536 1483 ferrentur.

359 1542 361 1545 ⁴
421 1512 573 1549 LXXI.
605 1511 677 1549 Sed
697 1511 723 1549 fi
744 1524 840 1563 quos
861 1511 982 1563 magis
1003 1511 1191 1548 dele-stant
1212 1509 1346 1554 soluta,
1379 1509 1582 1561 sequantur
1602 1522 1644 1546 ea
1669 1507 1767 1553 sane,

366 1578 484 1616 modo
504 1578 566 1623 fic,
582 1587 625 1616 ut
645 1578 670 1616 fi
690 1578 777 1630 quis
796 1576 942 1616 Phidiae
962 1577 1144 1631 clypeum
1160 1577 1379 1622 dissolverit,
1397 1576 1662 1615 collocationis
1679 1577 1769 1614 uni-

360 1644 510 1682 versam
530 1644 696 1697 speciem
717 1644 920 1690 sustulerit,
952 1657 1029 1682 non
1060 1644 1298 1696 singulorum
1317 1657 1479 1696 operum
1508 1643 1767 1681 venustatem:

368 1719 413 1749 ut
445 1711 486 1748 in
519 1709 767 1761 Thucydide,
797 1711 932 1747 orbem
968 1709 1086 1748 modo
1116 1710 1297 1748 orationis
1325 1709 1504 1754 defider0‚
1547 1715 1772 1747 ornamenta

368 1784 615 1828 comparent&
667 1775 731 1813 Isti
762 1784 890 1813 autem
911 1789 1002 1814 cum
1035 1775 1241 1814 diffolvunt
1267 1776 1493 1820 orationem,
1524 1774 1565 1812 in
1593 1788 1668 1827 qua
1698 1787 1771 1812 nec

369 1856 440 1888 res,
471 1855 542 1880 nec
576 1842 737 1879 verbum
769 1842 896 1880 ullum
928 1842 993 1887 est,
1024 1842 1093 1880 nifi
1113 1843 1303 1894 abjectum
1321 1861 1333 1888 3
1365 1857 1443 1881 non
1464 1842 1661 1895 clypeum,
1692 1841 1769 1886 sed,

370 1917 414 1947 ut
433 1909 472 1946 in
504 1907 705 1960 proverbio
726 1907 777 1945 est
809 1907 892 1959 (etsi
922 1906 1112 1945 humilius
1133 1908 1282 1945 dictum
1301 1907 1366 1952 est,
1399 1917 1527 1946 tamen
1548 1907 1670 1945 fimile
1697 1907 1768 1957 est)

370 1975 514 2028 scopa3‚
548 1982 592 2011 ut
614 1974 666 2011 ita
685 1973 826 2018 dicam,
858 1973 957 2011 mihi
979 1974 1156 2011 videntur
1186 1972 1407 2011 diffolvere:
1440 1982 1567 2024 atque,
1596 1981 1639 2010 ut
1657 1972 1772 2024 plane

369 2054 489 2092 genus
510 2039 600 2085 hoc,
623 2040 727 2092 quod
747 2053 817 2093 ego
838 2040 963 2084 laudo,
986 2039 1250 2092 contempsisse
1270 2039 1484 2083 videantur,
1512 2047 1577 2076 aut
1605 2038 1772 2076 scribant

370 2107 515 2159 aliquid
534 2106 592 2144 vel
614 2106 798 2145 Isocrateo
829 2120 949 2151 more,
972 2106 1030 2143 vel
1061 2120 1139 2158 quo
1158 2104 1373 2149 AEschines,
1404 2114 1468 2143 aut
1490 2103 1769 2143 Demosthenes

371 2174 493 2211 utitur
510 2191 522 2217 3
544 2182 631 2211 tum
651 2172 738 2210 illos
758 2172 984 2210 existimabo
1003 2186 1079 2210 non
1097 2172 1352 2225 desperatione
1373 2170 1629 2209 formidavifl'c
1649 2181 1768 2222 genus

370 2238 460 2283 hoc,
493 2238 555 2276 sed
579 2238 730 2290 judicio
760 2237 935 2290 refugisse
947 2256 959 2282 3
992 2247 1056 2275 aut
1077 2238 1276 2290 reperiam,
1301 2237 1378 2290 ipsa
1397 2237 1528 2275 eadem
1550 2236 1770 2274 conditione

371 2305 439 2356 qui
470 2305 527 2342 uti
546 2304 652 2349 velit,
683 2312 728 2341 ut
757 2313 822 2342 aut
841 2304 956 2348 dicat,
987 2313 1052 2342 aut
1072 2304 1208 2342 scribat
1229 2304 1313 2341 utra
1333 2303 1434 2342 voles
1462 2303 1606 2355 lingua,
1636 2315 1680 2339 eo
1699 2314 1768 2353 ge-

371 2383 473 2415 nere,
509 2384 588 2422 quo
607 2370 665 2407 illi
686 2370 837 2411 volunt.
895 2371 1063 2411 Facilius
1085 2370 1135 2409 cst
1166 2371 1271 2410 enim
1303 2380 1388 2424 apta
1409 2370 1617 2414 dissolvere,
1652 2380 1769 2420 quam

372 2435 544 2490 diffipata
562 2437 799 2477 connectere.

483 2504 619 2544 Tom.
651 2503 684 2544 Ι.
1333 2504 1378 2554 ἱΙ)
1399 2515 1422 2554 p
1442 2515 1467 2554 p
