2176 2912
643 525 872 584 Codices
919 530 1095 593 MSS.
1146 527 1446 588 Ciceronis,

817 817 1261 858 RAwL1NS0N.

331 933 421 985 ZR.
445 949 479 989 3.
534 936 737 974 Somnium
768 937 973 990 Scipionis,
1011 939 1087 978 [ωε
1116 940 1245 979 titulo.
1307 939 1444 978 Codex
1476 939 1690 978 membran.
1724 939 1777 979 8⁰.

497 996 618 1034 nitide
640 997 813 1049 scriptus,
845 1012 1033 1037 annorum
1054 1010 1182 1038 autem
1206 1002 1269 1039 vix
1291 1002 1414 1040 CCC.
1466 1000 1528 1038 Ad
1550 1000 1668 1039 finem
1693 1014 1778 1039 ver-

496 1058 553 1095 sus
575 1058 748 1109 quidam,
780 1072 947 1110 quorum
968 1061 1086 1112 primi
1106 1062 1191 1098 sunt

552 1168 578 1183 “
597 1160 755 1198 Tullius
778 1161 983 1214 Hesperios
1003 1163 1162 1215 cupiens
1183 1176 1414 1216 componere
1433 1176 1558 1201 mores

551 1229 579 1244 “
597 1221 732 1259 Edidit
751 1221 821 1260 hos
841 1223 960 1261 libros
982 1224 1174 1276 appellans
1194 1224 1436 1262 officiorum’'
1463 1224 1539 1261 δίς.

494 1325 715 1375 Sequuntur
733 1333 898 1376 quatuor
925 1325 1093 1376 ejusdem
1124 1325 1371 1376 argumenti;
1411 1325 1549 1362 deinde
1574 1324 1779 1364 duodecim

493 1384 533 1421 in
556 1385 782 1424 Ciceronem
801 1385 1009 1438 Epitaphia
1028 1385 1100 1423 five
1118 1386 1422 1439 Epigrammata,
1444 1399 1612 1437 quorum
1633 1399 1779 1423 unum-

494 1446 675 1499 quodque
697 1447 817 1485 tribus
838 1447 982 1485 constat
1002 1446 1190 1485 distichis.
1233 1446 1372 1485 Versus
1393 1460 1470 1484 non
1491 1446 1739 1498 inelegantes.

331 1585 347 1611 η
367 1569 417 1606 R.
441 1580 480 1616 4.
528 1568 662 1606 Codex
683 1568 899 1605 membran.
926 1567 1116 1620 eleganter
1144 1567 1305 1620 scriptus
1333 1568 1534 1605 continens
1567 1568 1687 1606 libros
1719 1568 1782 1606 De

494 1629 696 1670 Amicitia,
735 1629 796 1666 De
831 1629 1045 1672 Senectute,
1088 1638 1124 1666 et
1155 1628 1359 1666 Paradoxa.
1426 1629 1618 1666 paradoxa
1649 1638 1778 1667 autem

496 1703 573 1728 non
594 1689 880 1740 distinguuntur
896 1689 1079 1732 numeris,
1102 1698 1138 1726 et
1159 1689 1294 1726 desunt
1315 1689 1459 1740 ubique
1476 1688 1596 1726 theses
1620 1691 1778 1735 Graecae,

496 1750 535 1788 id
557 1750 662 1801 quod
682 1757 835 1787 notatur
854 1750 971 1787 etiam
992 1749 1090 1786 inter
1121 1749 1301 1788 lectiones
1324 1750 1520 1787 variantes.
1568 1750 1623 1787 Sit
1655 1749 1778 1788 forsan

495 1824 683 1849 annorum
705 1810 825 1847 CCC.
873 1809 983 1848 Folia
1002 1809 1116 1847 habet
1133 1823 1200 1862 73.
1231 1814 1286 1860 4⁰.
1318 1823 1485 1861 quorum
1503 1809 1690 1862 postrema
1711 1811 1782 1849 tria

495 1880 599 1910 tenet
625 1873 803 1909 tractatus
835 1870 992 1923 quidam
1021 1870 1068 1908 de
1096 1870 1204 1909 libris
1224 1871 1350 1908 Tullii
1378 1869 1672 1924 philosophicis,
1704 1872 1781 1910 fine

491 1932 620 1970 titulo.

333 2055 435 2098 sR.
460 2067 496 2107 5.
547 2053 680 2091 Codex
701 2052 915 2090 membran.
949 2049 1002 2091 8⁰.
1040 2051 1103 2090 De
1130 2052 1283 2090 Invent.
1310 2050 1428 2089 Rhet.
1462 2053 1623 2097 nitidus,
1659 2065 1774 2090 accu-

501 2123 615 2159 ratus,
647 2123 761 2166 atque
793 2113 987 2165 antiquus.
1052 2114 1258 2151 Annorum
1288 2113 1433 2165 quippe
1464 2114 1617 2151 videtur
1647 2113 1781 2152 saltem

499 2176 591 2214 DC.
651 2174 761 2212 Olim
793 2183 923 2212 autem
953 2172 1104 2211 fuerant
1136 2173 1207 2211 alia
1232 2174 1406 2225 quaedarn
1437 2174 1574 2212 eodem
1599 2173 1718 2212 hocce
1738 2175 1778 2212 in

501 2235 726 2280 volumine;
757 2235 928 2287 primum
950 2235 1056 2272 enim
1077 2233 1146 2272 fol.
1169 2243 1321 2273 notatur
1343 2247 1407 2287 57.
1430 2235 1667 2287 postremum
1690 2234 1779 2273 106.

503 2296 651 2333 Desunt
676 2296 757 2347 jam
779 2308 899 2348 pauca
926 2295 1102 2349 quaedam
1127 2296 1239 2335 Libri
1269 2295 1452 2336 secundi:
1499 2296 1638 2335 ultima
1669 2295 1783 2335 verba

500 2357 624 2395 “laus
653 2355 848 2396 honesta.‘’
