2176 2912
414 231 486 271 166
762 232 1459 273 DEORATORE

458 325 570 362 Potes
592 323 724 376 igitur,
756 324 885 376 inquit
915 324 1078 370 Crafl‘us,
1115 325 1176 376 (ut
1198 325 1269 363 alia
1288 325 1469 364 omittam
1490 325 1801 371 innumerabilia,

401 399 440 428 et
461 390 660 434 immensa,
681 399 717 427 et
734 390 779 427 ad
801 389 926 442 ipsum
948 400 1060 428 tuum
1075 392 1139 442 jus
1160 391 1274 429 civile
1292 392 1461 443 veniam)
1484 401 1651 431 oratores
1673 402 1805 445 putare

403 469 480 500 eos,
512 469 608 508 quos
629 455 769 494 multas
791 454 899 494 horas
921 457 1145 509 expeetavit,
1179 471 1271 496 cum
1292 457 1332 495 in
1359 471 1542 511 campum
1573 466 1803 511 properaret,

403 531 440 560 et
461 521 586 560 ridens
622 531 659 559 et
680 521 918 560 stomachans
941 523 1131 561 Scaevola?
1163 537 1255 562 cum
1287 524 1466 577 Hypseus
1499 525 1669 562 maxima
1695 537 1802 568 voce,
1854 555 1857 556 γ

406 588 583 641 plurimis
615 588 738 625 verbis
770 601 790 625 a
821 589 882 626 M.
908 588 1033 627 Crasso
1062 590 1224 627 Praetore
1254 590 1512 634 contenderet,
1544 599 1586 628 ut
1606 590 1654 635 ei,
1686 602 1805 642 quem

407 651 648 697 defendebat,
681 652 790 690 causa
823 653 953 690 cadere
987 653 1145 697 liceret,
1179 655 1254 692 Cn.
1291 663 1419 692 autem
1453 656 1650 700 Ostavius‚
1682 653 1806 692 homo

406 718 625 762 consularis,
656 732 736 756 non
770 718 900 755 minus
934 718 1049 770 longa
1069 719 1238 756 oratione
1263 719 1462 764 recusaret,
1499 733 1546 757 ne
1577 720 1805 758 adversarius

406 784 512 821 causa
531 783 693 827 caderet,
713 796 754 820 ac
776 796 821 819 ne
842 783 886 826 is,
910 796 979 834 pro
1000 797 1077 835 quo
1098 783 1175 836 ipse
1195 783 1351 829 diceret,
1370 785 1474 837 turpi
1494 784 1622 823 tutelae
1637 785 1803 837 judiciO,

406 859 520 900 atque
540 848 648 885 omni
670 847 855 893 molestia,
879 847 1038 886 stultitia
1058 848 1268 893 adversarii,
1289 849 1529 888 liberaretur.

461 913 547 966 Ego
568 926 655 950 vero
675 913 776 957 istos,
809 913 936 966 inquit
969 913 1150 965 (memini
1172 914 1277 952 enim
1309 913 1409 952 mihi
1431 928 1578 952 narrare
1599 914 1803 966 Mucium)

407 993 482 1017 non
504 978 621 1017 modo
641 979 797 1017 oratoris
818 979 989 1023 nomine,
1012 978 1073 1016 sed
1094 993 1141 1017 ne
1160 978 1245 1018 foro
1265 980 1438 1032 quidem,
1460 981 1596 1032 dignos
1619 980 1805 1032 putarim.

410 1046 534 1098 Atqui
562 1058 637 1082 non
660 1045 783 1082 defuit
816 1045 891 1083 illis
911 1045 1094 1098 patroniS,
1126 1046 1254 1098 inquit
1277 1046 1441 1092 Crassus,
1472 1046 1704 1098 eloquentia,
1738 1059 1806 1083 ne-

408 1124 484 1162 que
502 1110 654 1148 dicendi
675 1110 782 1154 ratio,
814 1120 878 1147 aut
909 1110 1032 1162 copia,
1065 1110 1125 1148 sed
1153 1111 1251 1162 juris
1284 1112 1407 1149 civilis
1440 1111 1669 1164 prudentia,
1701 1111 1806 1162 quod

409 1177 501 1214 alter
534 1177 636 1229 plus,
667 1176 750 1229 lege
784 1176 944 1229 agendo,
981 1177 1144 1229 petebat,
1177 1191 1292 1229 quam
1327 1187 1518 1229 quantum
1547 1177 1610 1215 lex
1646 1177 1685 1214 in
1722 1190 1787 1215 xu

410 1242 550 1280 tabulis
579 1242 821 1294 permiseram
851 1242 954 1294 quod
974 1256 1066 1279 cum
1097 1242 1342 1295 impetrasset,
1376 1243 1484 1281 causa
1502 1242 1676 1280 caderet:
1716 1242 1810 1280 alter

408 1307 589 1359 iniquum
620 1307 778 1360 putabat
809 1307 895 1360 plus
926 1307 1053 1345 secum
1075 1309 1150 1360 agi,
1174 1322 1299 1360 quam
1330 1308 1434 1360 quod
1453 1308 1542 1346 esset
1573 1308 1612 1346 in
1633 1308 1779 1346 actione
1794 1326 1806 1351 ς

411 1386 534 1426 neque
553 1373 807 1427 intelligebat,
839 1373 864 1411 fi
897 1374 948 1411 ita
973 1374 1059 1413 effet
1090 1376 1233 1420 astum,
1264 1375 1374 1413 litem
1404 1374 1655 1413 adversarium
1677 1373 1806 1427 perdi-

412 1449 560 1478 turum.

467 1506 679 1543 XXXVII.
713 1506 849 1556 Qid?
872 1504 931 1543 his
952 1507 1081 1558 paucis
1102 1507 1250 1551 diebus,
1274 1521 1412 1551 nonne,
1437 1507 1546 1544 nobis
1566 1506 1604 1543 in
1627 1505 1809 1544 tribunali

411 1571 666 1623 QPompei‚
691 1572 864 1608 Praetoris
887 1571 1034 1615 urbani,
1063 1572 1262 1610 familiaris
1284 1573 1413 1617 nostri,
1436 1572 1666 1616 sedentibus,
1689 1570 1810 1609 homo

410 1650 457 1674 ex
480 1650 640 1674 numero
661 1636 889 1674 disertorum
910 1637 1136 1689 postulabat,
1170 1647 1212 1675 ut
1233 1638 1304 1682 illi,
1337 1639 1436 1676 unde
1466 1647 1669 1690 peteretur,
1699 1646 1809 1677 vetus

410 1711 526 1754 atque
552 1702 682 1740 usitata
701 1703 885 1754 exceptio
906 1702 1069 1747 daretur,
1103 1703 1214 1754 Cujus
1236 1705 1397 1757 pec-unice
1426 1703 1496 1742 dics
1509 1703 1670 1756 flcffit?
1705 1703 1811 1755 quod

406 1769 586 1822 petitoris
603 1767 712 1806 causa
732 1778 997 1821 comparatum
1019 1768 1089 1806 effe
1110 1783 1184 1808 non
1207 1770 1473 1822 intelligebat:
1507 1780 1563 1815 ut,
1587 1769 1611 1808 sl
1633 1769 1698 1806 ille
1719 1769 1810 1806 infi-

407 1835 526 1872 tiator
552 1833 740 1888 probasset
766 1834 904 1886 judici,
936 1842 1021 1872 ante
1052 1835 1213 1887 petitam
1234 1834 1304 1873 effe
1336 1836 1553 1888 pecuniam,
1575 1849 1701 1888 quam
1723 1835 1812 1873 ess‘et

409 1910 537 1953 coepta
558 1901 699 1946 deberi,
723 1902 877 1954 petitor,
901 1900 1024 1939 rursus
1045 1915 1138 1940 curn
1158 1911 1316 1955 peteret,
1344 1903 1569 1955 exceptione
1589 1901 1810 1940 excludere-

411 1975 489 2011 tur,
521 1966 626 2018 Qeod
639 1982 678 2005 ea
698 1982 754 2004 res
773 1967 809 2005 in
828 1966 1004 2019 judicium
1033 1976 1141 2006 antea
1160 1968 1247 2006 veni
1269 1968 1316 2006 bt.
1367 1968 1475 2019 Qid
1504 1981 1596 2019 ergo
1626 1966 1700 2005 hoc
1731 1967 1811 2004 fieri

413 2033 577 2084 turpiuS,
599 2041 664 2070 aut
685 2033 760 2071 dici
782 2033 915 2086 potest,
947 2046 1065 2084 quam
1085 2045 1188 2077 eum,
1214 2034 1281 2084 qui
1302 2031 1401 2070 hanc
1422 2033 1618 2086 personam
1640 2033 1810 2084 suscepe-

415 2098 478 2142 rit,
512 2107 554 2136 ut
575 2099 790 2137 amicorum
810 2098 1090 2142 controversiam,
1126 2097 1323 2150 causasque
1355 2107 1518 2142 tueatur,
1550 2098 1810 2136 laborantibus

414 2162 618 2207 succurrat,
641 2164 747 2216 aegris
770 2163 978 2207 medeatur,
1002 2162 1160 2200 afflictos
1181 2163 1346 2207 excitet;
1368 2162 1471 2201 hunc
1493 2164 1532 2200 in
1554 2163 1728 2200 minimis
1751 2172 1808 2201 te-

418 2228 676 2282 nuiffimisque
698 2229 806 2267 rebus
838 2229 890 2266 itu
910 2229 999 2273 labi,
1032 2238 1074 2267 ut
1093 2229 1176 2266 aliis
1197 2229 1444 2274 miserandus,
1472 2229 1554 2267 aliis
1584 2229 1808 2275 irridendus,

406 2295 487 2333 'esse
505 2295 676 2333 videatur
695 2296 707 2332 ?

472 2361 667 2413 Equidem
699 2361 961 2414 propinquum
997 2362 1166 2399 nostrum
1196 2362 1238 2399 P.
1269 2362 1441 2400 Crassum
1477 2362 1590 2400 illum
1620 2362 1810 2407 Divitem,

416 2436 453 2464 et
474 2427 609 2464 multis
630 2427 712 2464 aliis
733 2427 772 2464 in
794 2427 905 2464 rebus
926 2427 1138 2479 elegantem
1161 2425 1361 2465 hominem
1383 2437 1419 2465 et
1440 2437 1631 2472 ornatum,
1656 2438 1693 2465 et
1713 2442 1809 2480 prae-

408 2492 529 2545 'cipue
560 2492 599 2529 in
633 2490 707 2530 hoc
727 2491 963 2530 efferendum
994 2503 1031 2530 et
1062 2493 1295 2531 laudandum
1328 2503 1434 2545 puto,
1477 2494 1594 2546 quod,
1637 2506 1728 2531 cum
1765 2494 1808 2531 P.

416 2557 591 2597 Scaevolae
611 2556 854 2604 frater‘efliet,
873 2558 1017 2596 vsolitus
1038 2559 1091 2597 est
1110 2559 1144 2596 ei
1175 2558 1336 2613 persaepe
1365 2558 1507 2605 dicere,
1538 2571 1664 2611 neque
1695 2558 1810 2596 illum
