2176 2912
462 214 543 251 414
806 200 937 238 DE
1051 199 1523 238 cLAnis

460 294 587 346 recepi
617 306 680 331 me
700 293 858 331 biennio
877 292 974 345 post,
1007 306 1086 331 non
1116 292 1232 331 modo
1263 293 1518 338 exercitatior,
1548 291 1611 331 sed
1627 306 1746 347 prope
1770 307 1862 332 mu-

462 370 577 398 tatus.
638 359 746 397 Nam
765 369 802 397 et
828 359 1026 398 contentio
1046 359 1166 397 nimia
1186 360 1290 398 vocis
1323 359 1517 404 reciderat,
1549 368 1587 397 et
1612 360 1715 412 quasi
1735 359 1862 398 defer-

463 427 594 465 buerat
614 427 748 471 oratio,
779 425 1034 479 lateribusque
1066 426 1177 472 vires,
1213 436 1251 465 et
1271 427 1439 481 corporis
1472 426 1675 466 mediocris
1705 425 1863 465 habitus

462 494 670 532 accesserat.
1050 530 1053 535 ,
1895 545 1898 547 -

517 562 648 599 XCII.
681 561 774 598 Duo
795 568 880 598 tum
899 560 1138 598 excellebant
1158 569 1336 605 oratores,
1367 561 1436 612 qui
1456 574 1520 598 me
1549 560 1731 598 imitandi
1748 559 1862 612 cupi-

463 628 581 666 ditate
600 627 816 671 incitarent,
840 628 969 670 Cotta‚
992 635 1030 664 et
1049 626 1278 664 Hortensius
1294 644 1307 670 3
1333 640 1499 678 quorum
1520 626 1613 663 alter
1633 625 1805 664 remissus
1825 634 1864 663 et

461 694 572 739 lenis,
606 703 645 731 et
680 693 841 745 propriis
873 691 996 729 verbis
1017 690 1345 744 comprehendens
1365 691 1486 729 solute
1512 700 1550 729 et
1569 690 1682 730 facile
1709 691 1863 729 senten*

463 761 556 798 tiam
573 779 584 804 3
617 760 710 796 alter
729 767 898 802 ornatus,
929 771 1027 802 acer,
1049 766 1087 795 et
1108 771 1185 795 non
1215 757 1315 802 talis,
1347 757 1502 810 qualem
1533 766 1575 795 tu
1592 770 1698 802 eum,
1730 758 1863 801 Brute,

456 827 539 878 jam
560 824 868 862 deflorescentem
888 823 1114 876 cognovisti,
1146 823 1208 861 sed
1231 824 1450 869 verborum,
1485 832 1524 862 et
1550 823 1709 861 aetionis
1728 835 1866 876 genere

463 891 710 929 commotior.
771 891 905 942 Itaque
926 903 1020 927 cum
1040 889 1248 928 Hortensio
1277 887 1378 927 mihi
1408 889 1530 942 magis
1557 888 1764 927 arbitrabar
1783 901 1865 926 rem

462 958 546 1003 effe,
583 957 689 1010 quod
709 966 747 995 et
767 956 919 995 dicendi
939 956 1069 994 ardore
1088 970 1191 994 eram
1220 957 1388 1009 propior,
1421 966 1458 993 et
1478 966 1585 994 aetate
1605 954 1862 1007 conjunifior.

465 1025 623 1062 Etenim
643 1023 814 1061 videram
835 1024 875 1060 in
896 1022 1031 1060 iisdem
1051 1022 1182 1067 causiS,
1217 1032 1260 1060 ut
1281 1036 1350 1075 pro
1370 1023 1433 1060 M.
1457 1021 1659 1066 Canuleio,
1694 1034 1763 1074 pro
1785 1021 1862 1061 Cn.

465 1090 669 1129 Dolabella
687 1089 888 1134 consulari,
925 1103 1017 1126 cum
1039 1090 1155 1127 Cotta
1174 1089 1350 1142 princeps
1372 1087 1566 1126 adhibitus
1587 1087 1689 1132 effet,
1719 1087 1866 1139 priores

462 1166 592 1195 tamen
613 1170 720 1209 agere
754 1165 877 1208 partes
899 1155 1166 1193 Hortensium.
1210 1156 1353 1192 Acrem
1379 1154 1485 1191 enim
1505 1163 1708 1198 oratorem,
1728 1153 1864 1190 incen-

463 1223 562 1268 sum,
584 1233 620 1260 et
640 1232 830 1275 agentern,
852 1230 890 1259 et
909 1234 1107 1266 canorum,
1131 1220 1334 1259 concursus
1354 1219 1578 1265 hominum,
1599 1218 1753 1272 forique
1772 1218 1864 1257 stre-

463 1290 567 1342 pitus
588 1289 781 1326 desiderat.

519 1358 657 1394 Unum
689 1356 808 1408 igitur
838 1368 998 1400 annum,
1029 1368 1122 1393 cum
1150 1354 1383 1392 rediissemus
1413 1368 1460 1393 ex
1480 1354 1580 1398 Asia,
1603 1351 1728 1391 causas
1750 1353 1864 1392 nobi-

463 1423 516 1461 les
543 1423 708 1476 egimus,
752 1435 843 1460 cum
879 1421 1107 1473 quaesturam
1141 1435 1223 1466 nos,
1266 1421 1509 1459 consulatum
1541 1422 1671 1465 Cotta,
1702 1420 1864 1459 aedilita-

464 1500 543 1527 tem
564 1499 708 1541 peteret
728 1488 971 1526 Hortensius.
1010 1488 1172 1526 Interim
1189 1502 1252 1525 nie
1272 1487 1510 1538 Qaestoreni
1527 1486 1730 1525 Siciliensis
1750 1499 1864 1525 exce-

464 1556 523 1608 pit
543 1568 663 1592 annus
682 1569 690 1592 ε
725 1555 842 1592 Cotta
861 1567 907 1590 ex
937 1551 1136 1591 consulatu
1162 1553 1214 1590 est
1234 1552 1426 1604 profeffitus
1461 1554 1501 1590 iii
1524 1552 1722 1590 Galliam:
1754 1552 1864 1604 prin-

463 1635 551 1674 ceps
572 1630 610 1658 et
629 1629 706 1658 erat
726 1629 764 1657 et
784 1618 994 1657 habebatur
1014 1619 1257 1657 Hortensius,
1319 1620 1425 1656 Cum
1445 1628 1576 1656 autem
1601 1632 1700 1656 anno
1731 1618 1814 1672 post
1844 1632 1865 1656 e

464 1688 593 1726 Sicilia
613 1700 675 1724 me
706 1685 937 1738 recepiffem,
962 1685 1046 1737 jam
1075 1685 1274 1723 videbatur
1294 1684 1390 1722 illud
1424 1685 1465 1722 in
1485 1699 1563 1729 me,
1595 1685 1787 1737 quidquid
1806 1685 1864 1722 es-

464 1755 531 1799 set,
562 1753 632 1792 effe
652 1752 880 1806 perfectum,
911 1762 948 1790 et
968 1750 1108 1790 habere
1128 1752 1390 1789 maturitatem
1410 1752 1604 1803 quandam
1619 1751 1738 1789 suam.
1785 1751 1865 1791 Ni·-

465 1822 540 1861 mis
563 1821 686 1859 multa
705 1820 834 1857 videor
855 1819 901 1857 de
921 1833 997 1864 me,
1019 1818 1097 1871 ipse
1112 1818 1319 1871 praesertim
1336 1837 1348 1862 ;
1376 1818 1439 1855 sed
1457 1818 1568 1856 omni
1588 1816 1681 1856 huic
1702 1818 1867 1858 sermoni

464 1887 702 1940 propositum
737 1886 802 1930 est,
839 1899 917 1924 non
951 1895 996 1923 ut
1026 1885 1242 1938 ingenium,
1275 1894 1313 1923 et
1335 1885 1598 1938 eloquentiam
1629 1898 1757 1923 meam
1777 1899 1866 1938 per-

465 1955 611 2006 spicias,
635 1953 736 1991 unde
755 1953 870 2005 longe
889 1952 1038 1997 absum,
1060 1952 1123 1990 sed
1143 1961 1186 1990 ut
1205 1951 1390 1997 laborem,
1411 1960 1449 1989 et
1469 1951 1709 1990 industriam.
1760 1952 1867 1990 Cum

465 2020 584 2072 igitur
603 2020 715 2058 effem
745 2020 794 2058 in·
806 2019 986 2072 plurimis
1006 2018 1139 2063 causis,
1167 2027 1204 2055 et
1224 2018 1264 2055 in
1284 2018 1525 2070 principibus
1558 2017 1725 2070 patronis
1746 2017 1865 2068 quin-

466 2087 681 2139 quennium
702 2085 779 2124 fere
800 2085 978 2129 versatus,
1010 2094 1096 2124 tum
1127 2085 1167 2123 in
1188 2084 1398 2138 patrocinio
1425 2083 1606 2122 Siciliensi
1627 2084 1797 2122 maxime
1825 2083 1866 2122 in

466 2162 659 2192 certarnen
681 2154 766 2190 veni
786 2152 997 2204 designatus
1018 2150 1137 2190 aedilis
1168 2164 1259 2189 cum
1280 2150 1471 2203 designato
1492 2149 1659 2188 Consule
1689 2150 1866 2188 Horten-

467 2219 532 2256 sio.

521 2284 672 2322 XCIII.
712 2283 782 2320 Sed
803 2282 986 2334 quoniam
1006 2281 1133 2320 omnis
1153 2280 1219 2319 hic
1240 2280 1362 2319 sermo
1383 2281 1507 2320 noster
1527 2295 1604 2320 non
1624 2280 1749 2319 solum
1769 2294 1866 2320 enu-

466 2350 719 2388 merationem
738 2349 954 2393 oratoriam,
972 2361 1105 2386 verum
1126 2348 1242 2386 etiam
1262 2358 1450 2400 praecepta
1469 2347 1644 2400 quaedam
1657 2347 1836 2386 desiderat
1851 2365 1864 2393 3

467 2415 563 2468 quid
585 2425 766 2467 tanquam
788 2415 1015 2460 notandum,
1043 2424 1081 2453 et
1107 2414 1487 2453 animadvertendum
1507 2414 1551 2453 sit
1581 2414 1621 2452 in
1642 2413 1865 2459 Hortensio,

468 2481 631 2522 breviter
648 2480 739 2519 licet
759 2480 895 2519 dicere.

522 2547 564 2588 N
568 2560 630 2585 ani
649 2548 679 2585 is
700 2545 784 2600 post
804 2546 1047 2586 consulatum
1079 2546 1209 2599 (credo
1230 2546 1335 2600 quod
1354 2546 1510 2592 videret,
1539 2559 1586 2585 ex
1606 2544 1864 2585 consularibus
