2176 2912
414 167 492 220 276
767 169 882 209 DE
961 170 1466 210 ORATORE

412 258 501 296 Hac
536 266 621 297 tum
642 273 680 298 re
712 261 932 301 admonitus
962 263 1141 302 inveniffe
1160 263 1294 308 fertur,
1327 263 1502 302 ordinem
1523 261 1593 302 effe
1624 262 1808 310 maxime,

413 325 482 375 qui
502 326 697 364 memoriae
716 327 850 366 lumen
870 329 1031 367 afferret.
1075 331 1209 381 Itaque
1229 330 1289 375 iis,
1321 329 1388 382 qui
1411 329 1510 368 hanc
1530 338 1678 382 partem
1698 330 1809 382 inge-

413 390 469 426 nii
488 402 718 437 exercerent,
750 394 853 432 locos
886 395 956 433 effe
976 396 1193 448 capiendos,
1225 405 1262 433 et
1288 409 1341 441 ea,
1373 410 1457 448 quae
1477 397 1665 435 memoria
1684 405 1810 434 tenere

413 456 569 502 vellent,
613 460 829 512 effingenda
860 462 1004 506 animo,
1035 471 1148 513 atque
1178 463 1217 500 in
1251 461 1311 500 his
1342 462 1436 500 locis
1468 462 1690 500 collocanda
1707 477 1716 500 :
1759 462 1809 500 fic

413 520 508 568 fore,
540 533 583 561 ut
613 526 788 564 ordinem
809 541 936 565 rerum
969 528 1145 565 locorum
1180 528 1274 566 ordo
1307 528 1539 566 conservaret
1551 547 1563 573 ς
1595 542 1652 566 res
1678 537 1808 566 autem
1858 536 1861 537 ’

412 587 508 639 ipsas
540 603 667 627 rerum
697 592 840 643 effigies
871 602 1044 636 notaret,
1076 601 1188 644 atque
1209 602 1251 630 ut
1270 592 1364 630 locis
1385 607 1455 645 pro
1475 607 1570 638 cera,
1599 593 1808 631 simulacris

413 667 483 706 pro
502 655 636 701 literis,
658 666 864 695 uteremur.

459 720 708 759 LXXXVII.
733 723 813 773 Qi
830 723 873 759 fit
889 732 1016 760 autem
1035 724 1173 761 oratori
1189 723 1385 761 memoriae
1400 722 1560 768 fruetus,
1576 732 1716 776 quanta
1728 724 1807 763 uti-

414 784 514 830 litas,
536 795 677 837 quanta
696 787 766 831 vis,
788 787 882 839 quid
902 801 965 825 me
984 789 1120 826 attinet
1140 790 1263 827 dicere
1281 790 1294 826 ?
1326 799 1452 827 tenere
1472 803 1557 841 quae
1572 789 1747 828 didiceris
1768 790 1808 828 in

413 852 631 903 accipienda
660 853 780 898 causa,
816 868 900 906 quae
919 854 996 906 ipse
1015 855 1221 907 cogitaris?
1253 869 1386 893 omnes
1416 855 1509 893 fixas
1530 855 1599 893 effe
1618 856 1658 893 in
1679 856 1809 894 animo

414 915 614 955 sententias
634 919 647 955 ?
678 932 836 957 omnem
857 920 1089 971 descriptum
1109 921 1313 959 verborum
1331 922 1581 974 apparatum?
1607 922 1659 959 ita
1679 922 1809 959 audire

412 981 472 1019 vel
489 995 594 1027 eum,
620 983 721 1021 unde
742 984 872 1029 discas,
894 984 953 1022 vel
970 998 1075 1029 eum,
1097 986 1160 1023 cui
1181 986 1483 1038 respondendum
1502 986 1559 1030 fit,
1592 995 1633 1023 ut
1650 986 1708 1023 illi
1729 1000 1807 1024 non

412 1046 614 1086 infundere
634 1049 674 1086 in
694 1063 799 1088 aures
821 1060 903 1088 tuas
924 1051 1150 1096 orationem,
1169 1051 1230 1089 sed
1251 1052 1289 1089 in
1308 1052 1438 1089 animo
1453 1051 1652 1089 videantur
1671 1052 1810 1090 inscri-

414 1112 501 1150 bere
518 1115 530 1151 ?
562 1115 693 1167 Itaque
712 1116 795 1161 soli,
817 1117 885 1169 qui
901 1118 1087 1154 memoria
1106 1117 1249 1169 vigent,
1269 1117 1406 1161 sciunt,
1427 1116 1534 1169 quid,
1552 1125 1589 1155 et
1605 1125 1807 1169 quatenus,

412 1187 450 1216 et
469 1181 667 1231 quomodo
686 1181 823 1220 dicturi
843 1182 929 1227 fint,
948 1182 1042 1234 quid
1058 1182 1330 1235 responderint,
1348 1183 1443 1234 quid
1462 1182 1617 1235 superfit
1635 1198 1644 1220 ;
1667 1182 1807 1223 iidem,-

412 1257 488 1296 que
508 1246 630 1283 multa
649 1261 694 1285 ex
714 1247 795 1285 aliis
816 1248 933 1286 causis
953 1248 1162 1301 aliquando
1178 1261 1198 1286 a
1218 1248 1254 1285 se
1273 1250 1366 1294 aaa,
1389 1248 1514 1287 multa
1531 1248 1578 1287 ab
1598 1248 1680 1287 aliis
1697 1249 1807 1287 audi-

411 1319 463 1357 ta,
485 1312 760 1352 meminerunt.

468 1378 597 1429 Qare
630 1378 816 1418 confiteor
844 1381 1039 1432 equidem,
1081 1380 1196 1434 hujus
1230 1382 1322 1420 boni
1353 1390 1527 1420 naturam
1556 1380 1627 1419 effe
1659 1382 1806 1434 pri-nei·-

412 1455 518 1494 pem,
538 1443 632 1482 ficut
648 1458 778 1483 earum
799 1460 940 1491 rerum,
964 1447 1009 1484 de
1027 1448 1168 1498 quibus
1194 1457 1281 1486 ante
1300 1448 1453 1486 locutus
1474 1448 1572 1492 sum,
1600 1448 1779 1485 omnium
1794 1463 1805 1485 t

414 1507 475 1545 sed
495 1508 576 1547 haec
598 1524 653 1547 ars
683 1519 762 1548 tota
782 1511 948 1555 dicendi,
985 1512 1057 1549 five
1078 1513 1165 1550 artis
1186 1514 1315 1565 imago
1336 1514 1510 1565 quaedam
1541 1513 1593 1551 est
1613 1522 1649 1551 et
1669 1514 1805 1551 simili-

413 1573 521 1618 tudo,
554 1573 668 1611 habet
699 1574 797 1613 hanc
817 1576 912 1620 vim,
943 1590 1019 1614 non
1040 1585 1082 1613 ut
1103 1586 1229 1614 totum
1250 1578 1409 1629 aliquid,
1441 1578 1550 1629 cujus
1582 1578 1621 1616 in
1642 1578 1806 1630 ingeniis

411 1639 545 1677 nostris
566 1654 649 1693 pars
681 1642 786 1679 nulla
804 1642 863 1687 fit,
893 1643 1011 1694 pariat
1031 1652 1068 1680 et
1087 1653 1271 1695 procreet,
1303 1658 1434 1682 verum
1466 1653 1508 1681 ut
1529 1658 1583 1689 ea,
1616 1659 1699 1696 quae
1720 1645 1807 1682 sunt

412 1714 493 1742 orta
507 1707 588 1757 jam
609 1707 647 1743 in
671 1707 779 1745 nobis
799 1716 837 1745 et
855 1719 1062 1760 procreata,
1092 1709 1227 1746 educet
1247 1719 1361 1761 atque
1387 1709 1605 1748 confirmet.
1651 1711 1808 1748 Verun-

412 1780 544 1810 tamen
560 1786 683 1824 neque
700 1782 778 1811 tam
795 1775 869 1811 aeri
889 1775 1074 1812 memoria
1089 1774 1165 1812 fere
1182 1775 1381 1827 quisquam
1398 1776 1463 1820 est,
1483 1785 1538 1820 ut,
1556 1790 1632 1814 non
1649 1776 1806 1829 dispofi-

412 1838 476 1882 tis,
508 1839 719 1890 notatisque
740 1840 863 1884 rebus,
896 1840 1069 1877 ordinem
1091 1841 1294 1879 verborum
1316 1851 1380 1879 aut
1401 1841 1673 1880 sententiarum
1694 1855 1806 1880 com-

412 1903 622 1955 plectatur,
655 1918 778 1955 neque
809 1919 897 1942 vero
918 1915 994 1942 tam
1017 1905 1161 1951 hebeti,
1193 1915 1235 1944 ut
1256 1906 1353 1944 nihil
1374 1906 1445 1945 hac
1466 1907 1740 1945 consuetudine
1769 1917 1807 1944 et

412 1970 679 2007 exercitatione
710 1971 920 2022 adjuvetur.
965 1972 1073 2009 Vidit
1094 1972 1197 2009 enim
1220 1971 1294 2010 hoc
1313 1973 1517 2024 prudenter
1543 1972 1615 2010 five
1636 1973 1805 2010 Simoni-

413 2034 490 2079 des,
513 2035 584 2072 sive
604 2036 699 2073 alius
720 2037 804 2088 quis
826 2038 985 2081 invenit,
1008 2051 1049 2074 ea
1065 2039 1233 2075 maxime
1253 2039 1391 2075 animis
1408 2039 1538 2089 effingi
1556 2038 1704 2082 nostris,
1722 2052 1806 2090 quae

411 2100 526 2138 effent
546 2114 566 2137 a
586 2101 690 2139 sensu
712 2103 845 2139 tradita
875 2112 987 2154 atque
1009 2103 1210 2154 impressa,
1242 2104 1471 2140 acerrimum
1491 2112 1619 2141 autem
1648 2116 1694 2141 ex
1715 2117 1803 2141 om·-

411 2165 524 2203 nibus
546 2166 678 2203 nostris
700 2166 862 2204 sensibus
882 2168 951 2204 effe
972 2167 1120 2205 sensum
1140 2168 1292 2205 videndi
1309 2183 1317 2205 z
1341 2181 1455 2219 quare
1475 2167 1660 2205 facillime
1676 2169 1807 2205 animo

410 2232 531 2269 teneri
564 2232 664 2284 posse
698 2246 751 2276 ea,
784 2247 867 2284 quae
898 2234 1180 2285 perciperentur
1209 2235 1376 2279 auribus,
1408 2244 1471 2271 aut
1502 2235 1746 2286 cogitatione,
1778 2235 1805 2272 fi

410 2298 527 2335 etiam
547 2297 748 2335 oculorum
779 2299 1113 2336 commendatione
1139 2300 1277 2337 animis
1299 2300 1557 2345 traderentur,
1590 2309 1631 2337 ut
1652 2313 1707 2337 res
1729 2313 1804 2337 cae-

409 2376 485 2407 cas,
507 2371 543 2400 et
559 2363 604 2401 ab
621 2363 786 2415 aspectus
798 2364 948 2415 judicio
961 2375 1139 2410 remotas,
1156 2365 1412 2403 conformatio
1428 2366 1601 2417 quaedam
1619 2375 1655 2404 et
1675 2366 1807 2417 imago

409 2438 447 2467 et
467 2428 587 2481 figura
606 2430 659 2467 ita
679 2439 839 2475 notaret,
872 2440 913 2469 ut
933 2444 987 2475 ea,
1018 2445 1101 2483 qua:
1122 2432 1326 2485 cogitando
1356 2432 1559 2485 complecti
1584 2446 1660 2471 non
1680 2431 1804 2485 poffe—

410 2508 512 2540 mus,
542 2495 727 2534 intuendo
747 2496 849 2548 quafi
871 2505 1097 2535 teneremus.
