2176 2912
683 183 1403 225 ORATORIBUS.
1669 192 1746 244 367

347 277 410 316 M.
434 276 614 316 Aurelius
636 278 796 315 Scaurus
818 291 895 316 non
923 277 1016 330 saepe
1036 277 1201 323 dicebat,
1233 278 1294 316 sed
1324 279 1444 331 polite
1460 297 1472 324 3
1505 280 1641 320 Latine
1662 297 1751 322 vero

346 343 387 380 in
408 343 543 395 primis
575 342 627 380 est
647 342 836 394 eleganter
856 342 1024 381 locutus.
1075 344 1174 395 Qae
1193 343 1275 382 laus
1304 344 1436 382 eadem
1458 346 1496 383 in
1526 348 1576 385 A.
1600 349 1749 387 Albino

347 407 443 444 bene
472 406 657 458 loquendi
677 405 766 445 fuit.
813 407 919 444 Nam
940 407 1078 445 flamen
1110 408 1279 447 Albinus
1299 409 1416 447 etiam
1437 410 1476 447 in
1506 425 1666 451 numero
1697 414 1749 451 est

344 470 498 509 habitus
519 471 758 510 disertorum.
810 473 877 524 Q
894 473 1010 511 etiam
1031 475 1177 526 Caepio,
1200 475 1258 513 vir
1276 488 1361 514 acer
1379 485 1417 513 et
1437 474 1561 521 fortis,
1584 479 1646 515 cui
1665 478 1747 518 for-

343 546 436 575 tuna
455 537 559 582 belli,
582 538 737 575 crimini
753 557 764 582 ς
797 538 939 576 invidia
956 539 1106 592 populi,
1123 540 1332 579 calamitati
1351 540 1446 580 fuit.

397 604 589 641 XXXVI.
621 605 731 642 Tum
751 604 868 643 etiam
885 605 932 643 C.
953 614 991 643 et
1011 606 1059 644 L.
1079 606 1266 645 Memmii
1288 606 1458 653 fuerunt,
1476 617 1640 648 oratores
1661 623 1746 648 me-

343 668 502 713 diocres,
525 669 755 708 accusatores
786 683 886 708 acres
920 679 1035 723 atque
1060 672 1198 710 acerbi.
1246 673 1381 725 Itaque
1401 674 1440 711 in
1456 674 1653 726 judicium
1680 689 1746 713 ca-

342 734 433 786 pitis
454 734 598 773 multos
619 745 861 781 vocaverunt,
883 750 952 789 pro
969 738 1039 774 reis
1057 750 1134 775 non
1151 738 1244 791 saepe
1264 739 1458 778 dixerunt.
1490 742 1554 792 Sp.
1575 740 1748 780 Thorius

342 799 427 838 satis
447 800 567 837 valuit
586 801 626 838 in
646 802 822 853 populari
841 815 977 854 genere
1004 802 1169 848 dicendi,
1192 805 1239 849 is,
1271 805 1339 857 qui
1365 819 1501 858 agrum
1521 806 1744 858 publicum,

340 865 475 903 vitiosa
503 875 541 903 et
571 866 702 904 inutili
722 866 819 919 lege,
841 867 1017 919 vectigali
1038 868 1190 907 levavit.
1234 871 1299 908 M.
1319 871 1532 910 Marcellus
1553 872 1745 911 AEsernini

340 940 457 983 pater,
480 945 557 969 non
574 931 641 969 ille
661 932 821 985 quidem
842 933 882 971 in
902 934 1086 985 patronis,
1119 935 1182 973 sed
1202 944 1240 973 et
1261 936 1302 974 in
1322 939 1513 990 promptis
1535 947 1677 984 tamen,
1706 949 1745 978 et

340 1009 419 1034 non
440 997 697 1036 inexercitatis
718 998 764 1035 ad
784 998 1008 1045 dicendum,
1030 999 1120 1045 fuit,
1143 1010 1186 1039 ut
1206 1001 1309 1040 filius
1332 1003 1427 1054 ejus,
1447 1004 1492 1041 P.
1511 1004 1717 1042 Lentulus.

396 1063 445 1100 L.
464 1064 582 1101 etiam
605 1064 733 1108 Cotta,
770 1065 982 1117 praetorius,
1018 1066 1058 1104 in
1090 1067 1347 1106 mediocrium
1378 1078 1574 1107 oratorum
1605 1084 1746 1108 nume-

340 1141 395 1173 ro,
426 1128 579 1166 dicendi
611 1143 688 1167 non
709 1130 762 1167 ita
791 1131 967 1169 multum
983 1132 1095 1169 laude
1115 1134 1364 1185 processerat,
1397 1135 1459 1173 sed
1480 1135 1525 1173 de
1545 1136 1745 1181 industria,

340 1208 432 1232 cum
451 1194 590 1240 verbis,
623 1204 710 1234 tum
737 1196 853 1234 etiam
874 1197 953 1249 ipso
974 1197 1065 1236 sono
1084 1199 1186 1250 quasi
1207 1199 1431 1245 subrustico,
1450 1201 1745 1253 persequebatur

339 1270 453 1313 atque
474 1260 698 1298 imitabatur
717 1262 1002 1313 antiquitatem.
1040 1264 1173 1316 Atque
1192 1278 1263 1317 ego
1282 1274 1320 1303 et
1337 1266 1380 1302 in
1404 1264 1479 1303 hoc
1509 1266 1589 1318 ipso
1611 1267 1742 1312 Cotta,

338 1335 377 1364 et
395 1327 435 1363 in
455 1327 537 1364 aliis
557 1326 732 1379 pluribus
754 1328 945 1381 intelligo,
978 1342 1041 1366 me
1061 1343 1138 1367 non
1159 1330 1213 1367 ita
1232 1330 1389 1369 disertos
1409 1330 1586 1370 homines
1621 1341 1658 1369 et
1679 1346 1742 1370 re·

337 1392 462 1431 tuliffe
482 1393 521 1430 in
538 1402 732 1431 oratorum
753 1408 975 1440 numerum,
997 1404 1034 1433 et
1049 1395 1273 1434 relaturum.
1297 1396 1364 1434 Est
1379 1397 1484 1435 enim
1502 1398 1742 1450 propositum

336 1459 518 1512 colligere
543 1473 620 1504 eos,
651 1461 718 1512 qui
738 1459 814 1498 hoc
843 1475 1001 1499 munere
1022 1462 1062 1499 in
1083 1462 1236 1500 civitate
1252 1462 1377 1500 funesti
1396 1463 1482 1508 sint,
1505 1473 1547 1501 ut
1569 1473 1740 1502 tenerent

333 1535 534 1563 oratorum
554 1526 710 1570 locum,-
743 1540 910 1578 quorum
935 1527 1095 1580 quidem
1116 1541 1200 1579 quae
1220 1527 1335 1566 fuerit
1355 1528 1530 1574 ascenfio,
1562 1538 1601 1567 et
1621 1529 1741 1582 quam

337 1591 377 1628 in
398 1591 580 1629 omnibus
601 1592 711 1629 rebus
739 1592 908 1630 difficilis
940 1592 1080 1644 optimi
1111 1592 1295 1646 perfectio
1316 1603 1430 1646 atque
1460 1594 1662 1640 absolutio,
1693 1609 1742 1634 ex

337 1669 396 1700 e0,
415 1657 518 1708 quod
539 1657 680 1702 dicam,
702 1657 909 1695 existimari
928 1658 1063 1710 potest.
1104 1660 1236 1711 Qam
1252 1659 1369 1698 multi
1389 1661 1494 1698 enim
1508 1661 1591 1712 jam
1611 1670 1738 1700 orato-

338 1735 395 1759 res
415 1724 710 1760 commemorati
730 1723 830 1768 sunt,
862 1732 900 1762 et
920 1737 1037 1775 quam
1053 1723 1119 1761 diu
1139 1724 1180 1762 in
1200 1738 1334 1764 eorum
1350 1727 1633 1764 enumeratione
1653 1740 1738 1764 ver-

337 1788 476 1832 samur,
509 1801 600 1825 cum
633 1797 760 1826 tamen
791 1788 912 1841 spiffe,
944 1799 1057 1841 atque
1080 1790 1159 1835 vix,
1191 1799 1234 1829 ut
1265 1792 1414 1831 dudum
1434 1793 1480 1831 ad
1502 1792 1737 1832 Demosthe-

337 1868 426 1892 nem
447 1863 484 1891 et
504 1854 760 1906 Hyperidem,
798 1855 847 1892 fic
877 1869 981 1893 nunc
1012 1856 1058 1893 ad
1079 1857 1299 1896 Antonium
1322 1859 1572 1911 Crassumque
1603 1873 1737 1912 perve-

336 1921 498 1958 nimus?
531 1920 636 1958 Nam
658 1934 728 1973 ego
759 1921 808 1958 fic
829 1921 1018 1966 existimo,
1048 1920 1120 1960 hos
1149 1933 1312 1961 oratores
1334 1923 1442 1962 fuiffe
1463 1926 1669 1971 maximos,
1700 1935 1738 1964 et

335 1986 375 2024 in
406 1985 467 2024 his
497 1985 671 2038 primum
699 2000 791 2025 cum
825 1988 1050 2026 Graecorum
1081 1988 1204 2041 gloria
1235 1990 1374 2028 Latine
1394 1990 1548 2029 dicendi
1580 1992 1736 2043 copiam

334 2062 534 2105 aequatam.

389 2119 601 2158 XXXVII.
636 2120 783 2158 Omnia
801 2120 1002 2159 veniebant
1034 2122 1207 2160 Antonio
1238 2123 1277 2161 in
1299 2134 1495 2169 mentem;
1528 2137 1647 2177 eaque
1668 2124 1736 2162 suo

335 2199 496 2238 quaeque
517 2186 615 2231 loco,
653 2187 720 2225 ubi
740 2188 955 2239 plurimum
983 2189 1166 2241 proficere
1196 2199 1233 2228 et
1251 2192 1372 2229 valere
1397 2191 1557 2244 possent.
1610 2192 1666 2229 Ut
1686 2191 1733 2229 ab

333 2252 563 2303 imperatore
583 2253 743 2304 equites,
766 2255 925 2306 pedites,
942 2255 1034 2293 levis
1055 2265 1243 2294 armatura
1255 2275 1266 2302 3
1290 2257 1339 2295 fic
1359 2258 1406 2295 ab
1422 2258 1491 2295 illo
1507 2258 1546 2295 in
1564 2258 1734 2295 maxime

335 2318 560 2370 opportunis
580 2319 758 2356 orationis
779 2321 948 2371 partibus
970 2322 1269 2361 collocabantur.
1308 2325 1399 2362 Erat
1421 2324 1607 2362 memoria
1625 2323 1731 2360 sum-

335 2397 411 2427 ma,
448 2383 552 2420 nulla
572 2384 831 2423 meditationis
858 2387 1030 2438 suspicio.
1082 2390 1295 2440 Imparatus
1322 2390 1469 2442 semper
1497 2389 1650 2442 aggredi
1683 2387 1729 2425 ad

335 2449 544 2487 dicendum
565 2450 784 2495 videbatur3
818 2451 878 2489 sed
899 2453 950 2490 ita
967 2463 1043 2491 erat
1063 2463 1227 2506 paratus,
1246 2456 1460 2506 unjudices,
1479 2455 1548 2492 illo
1565 2454 1729 2496 dicente,

332 2528 611 2569 nonnunquam
625 2516 840 2557 viderentur
855 2531 932 2557 non
944 2519 1028 2558 satis
1042 2520 1160 2574 parati
1173 2520 1219 2558 ad
1235 2521 1447 2559 cavendum
1462 2519 1582 2560 fuisse.
1602 2517 1730 2557 Verba
