2176 2912
449 225 525 278 316
802 227 916 264 DE
994 226 1498 265 ORATORE

449 317 536 356 loco
557 318 820 370 collocantur,
853 328 916 357 aut
936 319 997 364 iis,
1019 333 1102 371 quae
1124 333 1321 364 novamus,
1343 328 1381 357 et
1399 317 1563 357 facimus
1584 318 1667 371 ipfi.

505 385 551 421 In
572 386 732 438 propriis
753 385 804 422 est
824 386 943 438 igitur
962 385 1085 423 verbis
1107 386 1171 423 illa
1191 386 1270 424 laus
1297 386 1468 431 oratoris,
1500 394 1542 423 ut
1568 385 1711 437 abjecta
1730 393 1844 437 atque

447 449 615 488 obsoleta
632 450 782 503 fugiam
814 451 934 496 leffis,
957 460 1069 503 atque
1085 451 1293 489 illustribus
1312 461 1450 496 utatur,
1466 452 1504 489 in
1522 451 1662 504 quibus
1682 451 1844 504 plenum

434 515 633 566 ,quiddam
653 526 689 553 et
711 516 840 554 sonans
863 516 974 554 inefl'e
995 517 1176 554 videatur.
1235 518 1304 554 Sed
1325 519 1363 554 in
1390 517 1463 554 hoc
1483 517 1688 555 verborum
1708 529 1844 568 genere
1875 559 1878 560 ⁷

447 582 692 633 propriorum
726 582 892 619 deledtus
927 582 979 619 est
1020 583 1178 634 quidam
1212 581 1421 626 habendus,
1466 592 1579 634 atque
1613 583 1644 620 is
1691 583 1843 620 aurium

447 648 616 698 quodam
630 647 779 699 judicio
799 648 1063 700 ponderandus
1080 662 1088 684 z
1120 648 1160 684 in
1181 661 1258 698 quo
1278 647 1512 685 consuetudo
1531 649 1647 685 etiam
1668 648 1764 686 bene
1784 648 1844 686 lo-

447 714 589 765 quendi
610 714 707 751 valet
726 713 954 766 plurimum.
978 714 1108 751 Etiam
1128 712 1217 758 hoc,
1239 714 1343 765 quod
1363 714 1480 766 vulgo
1500 714 1546 751 de
1566 714 1777 752 oratoribus
1797 714 1844 751 ab

447 779 637 832 imperius
658 779 735 817 dici
768 779 875 824 solet,
897 780 1006 818 Bonis
1026 780 1055 818 is
1073 779 1207 824 verbis,
1237 789 1316 824 aut,
1351 781 1477 834 aliquis
1495 795 1562 818 non
1583 780 1679 819 bonis
1708 781 1842 825 utitur,

445 859 525 883 non
545 855 622 883 arte
641 845 768 898 aliqua
786 845 1045 899 perpenditur,
1076 845 1138 883 sed
1158 846 1327 898 quodam
1347 847 1449 898 quafi
1471 847 1631 884 naturali
1650 846 1755 885 sensu
1775 847 1843 899 ju-

446 911 594 950 dicatur
608 930 620 957 3
652 913 693 950 in
713 925 792 964 quo
811 926 888 950 non
905 926 1043 965 magna
1062 912 1142 950 laus
1159 912 1210 950 est
1230 912 1345 950 vitare
1365 913 1519 957 vitium,
1545 913 1783 965 (quanquam
1803 911 1843 950 id

445 978 498 1016 est
517 979 722 1030 magnum)
745 991 878 1016 verum
898 977 973 1016 hoc
995 978 1097 1030 quasi
1118 978 1240 1016 solum
1261 978 1457 1030 quoddam
1476 988 1591 1030 atque
1610 978 1841 1017 fundamen-

447 1053 534 1083 tum
553 1044 619 1089 est,
636 1044 840 1082 verborum
861 1044 947 1082 usus
967 1054 1004 1083 et
1024 1045 1133 1098 copia
1153 1045 1360 1083 bonorum.
1404 1045 1489 1089 Sed,
1511 1045 1605 1096 quid
1624 1045 1702 1097 ipse
1722 1044 1842 1082 aedifi-

436 1119 507 1157 ,cet
526 1119 663 1155 orator,
692 1119 730 1148 et
749 1111 789 1148 in
811 1125 889 1162 quo
908 1111 1089 1163 adjungat
1109 1120 1243 1155 artem,
1272 1110 1310 1148 id
1331 1109 1400 1148 effe
1420 1123 1440 1147 a
1459 1110 1571 1148 nobis
1592 1110 1841 1163 quaerendum

444 1185 557 1230 atque
576 1177 849 1229 explicandum
868 1177 1031 1215 videtur.

484 1242 718 1280 XXXVIII.
742 1243 837 1280 Tria
856 1242 942 1280 sunt
962 1243 1080 1295 igitur
1100 1242 1140 1280 in
1160 1243 1276 1281 verbo
1294 1242 1475 1296 simplici,
1497 1257 1582 1295 quae
1601 1252 1727 1281 orator
1746 1241 1840 1281 affe-

443 1317 498 1347 rat
518 1309 563 1346 ad
584 1309 845 1347 illustrandam
865 1318 980 1362 atque
1000 1310 1257 1348 exornandam
1278 1311 1509 1356 orationerm
1538 1319 1602 1348 aut
1617 1310 1842 1349 inusitatum

440 1375 616 1420 verbum,
638 1384 703 1413 aut
723 1385 920 1420 novatum,
940 1385 1005 1414 aut
1025 1376 1257 1415 transsatum.

496 1441 677 1479 Inusitata
697 1441 782 1480 sunt
801 1441 921 1494 prisca
940 1441 1016 1480 fere
1036 1455 1077 1480 ac
1098 1442 1254 1488 vetusta,
1289 1451 1327 1480 et
1360 1443 1406 1480 ab
1427 1443 1495 1481 usu
1520 1442 1733 1495 quotidiani
1763 1442 1838 1481 ser-

440 1506 568 1544 moniS
582 1507 734 1558 jamdiu
753 1506 974 1552 intermissa,
1010 1522 1094 1559 quae
1128 1508 1214 1546 sunt
1233 1518 1432 1560 poetarum
1463 1509 1627 1548 licentiae
1647 1508 1838 1554 liberiora,

440 1585 558 1624 quam
578 1572 710 1610 nostrae
726 1590 737 1616 3
770 1571 830 1609 sed
863 1582 990 1610 tamen
1010 1586 1092 1611 raro
1111 1572 1227 1611 habet
1247 1575 1363 1612 etiam
1383 1575 1423 1611 in
1443 1575 1611 1613 oratione
1641 1576 1839 1627 poeticum

439 1638 595 1691 aliquod
615 1639 776 1677 verbum
796 1639 1038 1691 dignitatem.
1098 1639 1240 1692 Neque
1260 1641 1365 1678 enim
1386 1640 1483 1678 illud
1511 1639 1678 1694 fugerim
1698 1641 1837 1687 dicere,

439 1714 482 1743 ut
515 1705 669 1749 CaeliUS,
701 1707 784 1757 Qa
814 1705 1012 1759 tempestate
1032 1706 1165 1744 Poenus
1190 1707 1226 1744 in
1257 1707 1403 1745 Italiam
1434 1707 1558 1750 venit;
1592 1720 1662 1744 nec
1686 1708 1836 1759 prolem,

438 1780 503 1809 aut
516 1772 680 1824 sobolem,
711 1780 776 1809 aut
808 1771 926 1824 effhri,
958 1781 1021 1809 aut
1052 1772 1280 1824 mmcchari3
1317 1781 1396 1816 aut,
1427 1782 1470 1810 ut
1490 1782 1531 1809 tu
1553 1772 1661 1817 soles,
1685 1773 1836 1818 Catule,

438 1850 505 1874 non
525 1837 646 1881 rebar,
668 1845 732 1874 aut
752 1837 924 1889 opinabar
936 1856 947 1881 ;
980 1847 1017 1874 et
1038 1837 1109 1875 alia
1129 1838 1266 1881 multa,
1287 1838 1428 1890 quibus
1450 1838 1536 1876 loco
1557 1838 1700 1891 poslti8‚
1722 1852 1837 1891 gran-

437 1903 521 1940 dior
541 1912 654 1956 atque
674 1904 866 1955 antiquior
880 1904 1000 1948 oratio
1021 1904 1113 1957 saepe
1135 1904 1251 1942 videri
1273 1904 1378 1943 solet.

493 1969 697 2006 Novantur
717 1978 845 2007 autem
866 1970 991 2014 verba,
1013 1983 1097 2021 quae
1113 1970 1159 2007 ab
1179 1983 1237 2014 eo,
1274 1971 1342 2022 qui
1368 1970 1478 2014 dicit,
1509 1970 1590 2022 ipso
1608 1970 1835 2023 gignuntur,

437 2048 478 2075 ac
499 2035 621 2073 fiunt:
654 2035 714 2072 vel
735 2036 1012 2088 conjungendis
1034 2036 1172 2080 verbis,
1195 2045 1237 2073 ut
1256 2034 1351 2079 haec,

575 2100 666 2140 Tum
679 2111 801 2153 pavor
806 2102 1025 2154 shpientiam
1046 2103 1135 2140 mihi
1151 2116 1280 2140 omnem
1300 2102 1498 2140 exanimato
1518 2103 1735 2154 expeeJorat.

572 2168 674 2205 N'um
694 2181 760 2204 non
780 2168 838 2205 vis
858 2167 960 2218 hujus
979 2182 1031 2205 me
1050 2182 1117 2205 ver
1133 2168 1306 2220 utiloqzms
1325 2168 1481 2206 malitias
1494 2168 1514 2206 ?

436 2232 585 2280 Videtis
604 2233 709 2270 enim
733 2242 770 2269 ct
791 2233 1062 2286 veffz'ttiloqzms,
1090 2242 1127 2270 et
1147 2235 1362 2286 expaverat,
1393 2246 1439 2271 ex
1460 2234 1732 2286 conjunffione
1751 2233 1833 2273 fac-

436 2307 473 2336 ta
492 2298 562 2336 effe
582 2299 708 2342 verba,
740 2312 815 2335 non
838 2309 936 2336 nata.
998 2299 1067 2335 Vel
1099 2298 1192 2351 saepe
1218 2299 1293 2336 fine
1320 2300 1590 2351 conjundfione
1617 2300 1728 2337 verba
1760 2314 1832 2338 no·-

435 2374 583 2409 vantur,
615 2374 672 2409 ut,
702 2365 757 2402 ille
774 2366 897 2417 senius
913 2384 923 2410 5
958 2375 1013 2410 ut,
1045 2365 1120 2404 Dii
1131 2366 1302 2418 genitales
1318 2384 1329 2409 5
1362 2375 1418 2411 ut,
1450 2366 1639 2406 baccarum
1670 2367 1834 2406 ubertate

435 2432 687 2484 incurvcstere.

442 2484 444 2486 Ι
490 2497 648 2536 Tertius
668 2497 733 2534 ille
754 2498 905 2542 modus,
939 2496 1190 2536 transferendi
1216 2498 1334 2542 verbi,
1366 2498 1439 2536 late
1467 2507 1584 2550 patet,
1614 2511 1731 2550 quem
1761 2510 1830 2534 ne-

434 2563 576 2602 cessitas
606 2564 752 2617 genuit,
775 2564 904 2617 inopis}
924 2566 1063 2610 consta,
1086 2573 1123 2602 et
1143 2564 1322 2618 angustiis
1335 2583 1347 2611 5
1379 2564 1461 2618 post
1481 2573 1609 2602 autem
1630 2562 1831 2602 delectatio
