2176 2912
457 225 537 279 436
899 229 1436 269 ORATOR.

518 319 725 372 Qidquid
755 320 808 359 est
840 321 963 367 enim,
1004 323 1111 374 quod
1144 322 1213 361 sub
1251 323 1404 361 aurium
1437 322 1655 362 mensuram
1695 323 1869 378 aliquam

461 386 578 430 cadit,
593 387 710 425 etiam
731 386 756 425 fi
776 387 878 426 abest
898 402 918 426 a
938 389 1059 433 versu,
1079 390 1187 441 (nam
1202 390 1242 428 id
1259 390 1419 442 quidem
1437 390 1619 429 orationis
1633 390 1685 429 est
1705 391 1866 444 vitium)

462 466 647 492 numerus
667 463 837 498 vocatur,
868 455 938 507 qui
959 456 1095 494 Graece
1113 452 1222 506 ῥυθμος
1241 457 1395 496 dicitur.
1456 457 1592 510 Itaque
1611 457 1722 496 video
1741 457 1869 496 visum

461 518 534 557 effe
568 520 780 565 nonnullis,
811 521 982 559 Platonis
1017 530 1055 559 et
1089 523 1309 560 Democriti
1343 523 1598 568 locutionem,
1629 524 1695 562 etfi
1723 524 1817 562 abfit
1848 537 1871 562 a
1904 555 1907 557 μ

462 585 584 630 versu,
619 595 763 631 tamen,
799 587 905 639 quod
936 587 1132 625 incitatius
1162 587 1320 633 feratur,
1350 597 1389 626 et
1415 588 1627 627 clariffimis
1661 590 1870 628 verborum

462 651 679 690 luminibus
712 662 854 697 utatur,
884 654 1013 705 potius
1045 667 1183 705 poema
1215 654 1449 706 putandum,
1480 668 1598 707 quarn
1625 656 1870 694 comicorum

461 728 664 772 poetarum
680 737 692 763 ς
725 718 826 771 apud
847 731 959 771 quOS,
995 718 1064 756 nisi
1085 719 1190 771 quod
1221 720 1395 758 versiculi
1425 719 1527 765 sunt,
1558 718 1659 758 nihil
1682 720 1735 759 est
1764 720 1871 758 aliud

462 785 679 836 quotidiani
714 784 895 823 diffimile
925 785 1125 824 sermonis.
1175 786 1262 824 Nec
1294 796 1423 824 tamen
1457 786 1498 824 id
1517 786 1571 824 est
1600 797 1722 840 poetae
1742 787 1871 825 maxi-

461 865 574 890 mum
591 869 602 896 3
635 852 701 889 etfi
721 851 774 889 est
794 866 839 890 eo
859 851 1102 898 laudabilior,
1130 852 1236 905 quod
1255 853 1415 892 virtutes
1435 853 1594 892 oratoris
1613 853 1871 907 persequitur,

461 930 553 955 cum
573 917 679 955 versu
699 918 744 956 fit
763 918 986 957 adstrictior.

515 985 604 1037 Ego
634 994 779 1029 autem,
809 985 927 1023 etiam
958 985 985 1023 fi
1018 985 1263 1038 quorundam
1298 985 1451 1039 grandis
1486 993 1524 1024 et
1554 994 1687 1024 ornata
1715 1000 1791 1025 vox
1817 985 1872 1025 est

459 1059 676 1103 poetarum,
700 1060 828 1089 tamen
848 1052 889 1089 in
909 1065 951 1089 ea
971 1065 1063 1090 cum
1084 1052 1284 1090 licentiam
1303 1052 1426 1091 statuo
1446 1053 1633 1106 majorem
1659 1052 1730 1091 effe
1750 1066 1870 1106 quam

461 1117 503 1155 in
536 1118 649 1156 nobis
669 1117 951 1164 faciendorum,
976 1119 1346 1172 jungendorumque
1376 1119 1598 1164 verborum,
1634 1129 1720 1156 tum
1752 1117 1871 1158 etiam

461 1183 742 1222 nonnullorum
774 1184 964 1236 voluptati
994 1185 1155 1223 vocibus
1182 1186 1319 1238 magis,
1353 1198 1470 1237 quam
1503 1184 1615 1222 rebus
1641 1185 1869 1224 inserviunt.

461 1250 550 1289 Nec
570 1263 673 1295 vero,
704 1250 731 1288 fi
752 1250 848 1302 quid
867 1250 921 1288 est
941 1265 1066 1290 unum
1086 1252 1186 1289 inter
1205 1265 1269 1289 eos
1290 1251 1427 1295 fimile,
1462 1251 1520 1303 (id
1539 1260 1669 1289 autem
1689 1251 1742 1289 est
1758 1252 1871 1303 judi-

461 1316 583 1361 cium,
605 1317 820 1369 electioque
839 1317 1064 1371 verborum)
1086 1327 1286 1372 propterea
1306 1327 1528 1356 caeterarum
1548 1332 1678 1356 rerum
1705 1318 1871 1356 diffimi-

459 1383 587 1422 litudo
600 1383 768 1436 intelligi
787 1397 866 1422 non
882 1385 1028 1438 potest:
1052 1385 1114 1423 sed
1134 1385 1173 1423 id
1189 1399 1260 1423 nec
1281 1385 1447 1423 dubium
1465 1384 1531 1430 est,
1551 1394 1602 1429 et,
1620 1384 1743 1438 fiquid
1754 1383 1873 1424 habet

459 1451 693 1504 quaestioniS,
725 1449 801 1489 hoc
833 1460 962 1490 tamen
983 1452 1111 1505 ipsum
1140 1451 1188 1490 ad
1218 1452 1271 1497 id,
1304 1452 1409 1504 quod
1430 1452 1669 1506 propositum
1690 1451 1755 1497 est,
1790 1465 1871 1490 non

460 1517 513 1556 est
532 1517 795 1556 necessarium.
857 1518 1056 1569 Sejunc'tus
1083 1519 1203 1570 igitur
1229 1527 1355 1556 orator
1385 1531 1405 1555 a
1426 1517 1754 1570 Philosophorum
1785 1517 1870 1556 elo-

461 1583 634 1636 quentia,
665 1596 687 1620 a
706 1581 974 1635 sophistarum,
1005 1583 1052 1620 ab
1073 1582 1360 1628 historicorum,
1391 1597 1412 1621 a
1431 1593 1646 1636 poetarum,
1669 1583 1869 1636 explican-

460 1650 530 1688 dus
551 1649 603 1687 est
623 1648 750 1693 nobis,
772 1648 896 1701 qualis
916 1648 1071 1687 futurus
1093 1649 1152 1687 fit.

515 1717 629 1754 XXI.
662 1715 749 1753 Erit
780 1715 900 1768 igitur
932 1715 1132 1768 eloquens,
1177 1713 1301 1767 (hunc
1335 1715 1457 1760 enim,
1490 1716 1642 1753 auctore
1677 1716 1869 1760 Antonio,

461 1782 689 1835 quaerimus)
710 1782 756 1827 is,
779 1783 848 1834 qui
868 1782 907 1820 in
928 1781 1012 1820 foro
1033 1782 1226 1834 causisque
1240 1781 1421 1820 civilibus
1442 1783 1494 1819 ita
1514 1782 1630 1826 dicet,
1654 1789 1697 1819 ut
1716 1782 1868 1835 probet,

460 1858 504 1887 ut
526 1848 703 1893 delectet,
725 1857 768 1886 ut
786 1848 924 1887 flectat.
958 1849 1137 1894 Probare,
1161 1848 1386 1886 neceffitatis
1407 1848 1486 1894 est3
1519 1848 1716 1893 delectare,
1743 1848 1870 1886 suavi-

461 1915 550 1952 tatis
566 1932 578 1960 ,·
604 1914 773 1959 flectere,
796 1914 962 1953 vietoriae
983 1929 991 1953 :
1024 1929 1115 1953 nam
1135 1915 1176 1953 id
1196 1928 1320 1952 unum
1340 1928 1387 1952 ex
1408 1915 1591 1952 omnibus
1613 1914 1659 1952 ad
1685 1914 1869 1952 obtinen—

460 1981 524 2019 das
556 1980 681 2019 causas
712 1981 835 2034 potest
854 1981 1086 2034 plurimum.
1138 1981 1211 2020 Sed
1230 1990 1327 2034 quot
1347 1981 1475 2019 officia
1495 1981 1668 2024 oratoris,
1704 1988 1762 2017 tot
1782 1979 1870 2017 sunt

461 2060 599 2100 genera
632 2047 800 2086 dicendi.
848 2047 997 2085 Subtile
1018 2048 1058 2086 in
1078 2047 1290 2100 probando,
1322 2046 1526 2084 modicum
1557 2047 1597 2083 in
1629 2045 1867 2089 delectando,

461 2111 668 2151 vehemens
689 2113 729 2150 in
750 2112 938 2151 flectendo
957 2128 965 2151 :
998 2114 1038 2151 in
1059 2127 1138 2165 quo
1157 2125 1236 2150 uno
1254 2112 1310 2150 vis
1331 2112 1459 2150 omnis
1480 2111 1638 2149 oratoris
1657 2110 1722 2148 est.

516 2179 657 2231 hlagni
693 2179 812 2231 igitur
836 2179 992 2231 judicii,
1037 2179 1198 2216 summae
1231 2179 1348 2215 etiam
1379 2176 1572 2215 facultatis
1608 2176 1679 2215 effe
1711 2176 1871 2215 debebit
1929 2202 1932 2205 -

460 2245 677 2283 moderator
707 2244 786 2289 ille,
817 2254 854 2283 et
889 2245 992 2297 quafi
1027 2253 1259 2297 temperator
1284 2243 1399 2296 hujus
1434 2244 1632 2296 tripartitae
1660 2244 1866 2282 varietatis.

462 2311 570 2350 Nam
590 2321 627 2349 et
654 2311 860 2362 judicabit,
891 2311 986 2363 quid
1014 2312 1155 2364 cuique
1186 2324 1282 2363 opus
1317 2310 1391 2355 fit;
1425 2320 1463 2348 et
1496 2310 1650 2363 poterit,
1688 2324 1868 2363 quocun-

462 2391 538 2431 que
567 2377 685 2415 modo
720 2376 926 2430 postulabit
957 2378 1078 2423 causa,
1109 2377 1247 2415 dicere.
1300 2377 1370 2415 Sed
1404 2377 1456 2415 est
1491 2377 1735 2429 eloquentiae,
1774 2377 1871 2415 ficut

464 2444 699 2496 reliquarum
731 2457 875 2489 rerum,
906 2443 1208 2482 fundamentum
1243 2443 1438 2497 sapientia.
1499 2445 1556 2482 Ut
1586 2443 1754 2481 enimin
1775 2443 1867 2487 vita,

462 2511 512 2548 fic
534 2511 574 2548 in
594 2511 777 2556 oratione,
809 2510 907 2549 nihil
929 2510 981 2548 est
1001 2511 1213 2556 difficilius,
1247 2524 1379 2562 quam,
1416 2511 1512 2562 quid
1544 2510 1687 2554 deceat,
1723 2509 1865 2547 videre.

464 2590 584 2631 Πρεπον
603 2577 797 2631 appellant
834 2577 910 2618 hoc
945 2578 1100 2617 Graeci:
1134 2592 1202 2617 nos
1237 2577 1410 2617 dicamus
1447 2577 1531 2615 sane
1564 2576 1776 2629 decorum:
1823 2574 1869 2612 de
