2176 2912
487 223 569 264 430
931 205 1462 244 ORATOR.

489 305 624 356 Itaque
643 309 687 340 ut
706 314 791 354 ego,
822 313 914 338 cum
935 313 956 337 a
974 299 1102 337 nostro
1123 301 1270 338 Catone
1290 299 1482 345 laudabar,
1509 300 1569 338 vel
1586 298 1811 353 reprehendi
1832 315 1895 340 me

489 384 510 407 a
530 369 672 407 caeteris
694 367 806 405 facile
825 366 994 419 patiebar
1008 384 1020 410 3
1053 365 1101 403 fic
1119 365 1297 404 Isocrates
1317 365 1467 404 videtur
1487 367 1706 405 testimonio
1725 366 1894 405 PlatoniS

489 437 656 475 aliorum
670 435 818 487 judicia
837 434 972 471 debere
991 442 1251 471 contemnere.
1312 433 1379 471 Est
1398 434 1503 471 enim
1534 434 1595 485 (ut
1616 433 1704 485 scis)
1728 435 1829 486 quafi
1855 435 1895 471 in

490 512 661 541 extrema
681 502 818 554 pagina
836 499 987 539 Phaedri
1006 499 1066 538 his
1092 500 1179 553 ipsis
1200 499 1323 538 verbis
1342 500 1504 552 loquens
1526 502 1707 538 Socrates.
1742 508 1768 524 “
1783 500 1904 552 Ado?

492 577 521 594 “
541 569 684 607 lescens
705 568 821 605 etiam
843 580 960 611 nunc,
983 580 1006 604 ο
1027 564 1199 610 Phaedre,
1231 565 1411 603 Isocrates
1432 566 1484 603 est
1500 585 1511 610 5
1544 566 1620 611 sed,
1641 566 1736 618 quid
1762 566 1808 604 de
1829 566 1898 604 illo

493 642 522 659 “
542 648 717 687 augurer,
745 634 853 670 lubet
887 632 1025 669 dicere.
1085 631 1196 683 Qid
1226 630 1413 668 tandem?
1450 631 1577 687 inquit
1607 632 1686 669 ille.
1746 632 1897 683 Majore

494 708 521 725 “
545 700 645 740 mihi
676 700 833 752 ingenio
866 698 1018 736 videtur
1052 696 1136 741 effe,
1166 710 1283 749 quam
1317 705 1361 734 ut
1391 710 1484 735 cum
1514 697 1752 735 orationibus
1778 698 1898 749 Lyfiae

494 775 521 792 “
543 775 800 819 comparetur.
844 766 1025 803 Praeterea
1045 763 1092 801 ad
1112 764 1295 801 virtutem
1317 764 1439 815 major
1459 764 1605 802 indoles
1622 782 1633 809 ;
1666 773 1709 801 ut
1736 763 1899 801 minime

494 842 521 859 “
543 834 690 872 mirum
710 832 890 871 futurum
909 832 967 876 sit,
989 831 1030 876 fi,
1063 844 1155 868 cum
1177 839 1283 868 aetate
1301 830 1530 883 procefferit,
1562 840 1627 869 aut
1647 831 1688 868 in
1717 829 1792 868 hoc
1813 844 1897 868 ora-

494 908 522 924 “
544 901 699 938 tionum
719 912 870 952 genere,
898 898 961 936 cui
982 911 1086 935 nunc
1107 897 1244 941 studet,
1269 906 1434 942 tantum,
1463 906 1654 949 quantum
1676 897 1816 950 pueris,
1838 910 1899 934 re-

495 975 522 991 “
543 967 662 1019 liquis
685 966 830 1019 praestet
850 964 1047 1009 omnibus,
1065 964 1132 1016 qui
1155 977 1327 1016 unquam
1347 964 1533 1002 orationes
1553 964 1787 1016 attigerunt;
1819 972 1898 1007 aut,

493 1042 521 1057 “
543 1034 570 1071 fi
590 1041 795 1071 contentus
830 1031 890 1069 his
922 1045 999 1069 non
1020 1029 1151 1075 fuerit,
1174 1031 1305 1068 divino
1334 1030 1465 1083 aliquo
1485 1031 1604 1068 animi
1626 1038 1737 1068 motu
1757 1029 1901 1081 majora

495 1108 524 1125 “
544 1098 804 1152 concupiscat.
828 1098 929 1137 Inest
948 1098 1053 1135 enim
1070 1097 1203 1135 natura
1219 1096 1465 1151 philosophia
1484 1098 1524 1134 in
1545 1095 1660 1149 hujus
1680 1097 1751 1134 viri
1770 1100 1902 1134 mente

497 1174 526 1191 “
547 1166 763 1219 quaedam.''
809 1166 907 1204 Haec
935 1165 982 1202 de
1001 1163 1237 1202 adolescente
1260 1164 1427 1201 Socrates
1449 1172 1669 1216 auguratur.
1719 1163 1775 1201 At
1794 1175 1837 1200 ea
1854 1162 1903 1199 de

497 1232 640 1272 seniore
659 1231 788 1270 scribit
809 1231 932 1275 Plato,
954 1239 992 1268 et
1015 1229 1146 1268 scribit
1162 1229 1331 1281 aequalis,
1349 1237 1387 1267 et
1406 1229 1567 1282 quidem
1582 1228 1792 1282 exagitator
1811 1235 1899 1266 om-

497 1299 610 1337 nium
627 1297 841 1337 rhetorum.
866 1299 987 1336 Hunc
1009 1296 1171 1334 miratur
1190 1309 1328 1334 unum.
1362 1296 1433 1334 Me
1452 1303 1595 1341 autem,
1615 1296 1683 1348 qui
1698 1295 1903 1334 Isocratem

498 1379 576 1403 non
592 1365 777 1418 diligunt,
792 1378 915 1403 unum
931 1377 1025 1402 cum
1039 1364 1203 1408 Socrate,
1217 1371 1255 1400 et
1271 1376 1364 1401 cum
1382 1363 1542 1401 Platone
1554 1376 1673 1401 errare
1691 1362 1901 1416 patiantur.

554 1432 683 1470 Dulce
702 1432 822 1485 igitur
841 1431 1022 1470 orationis
1041 1444 1177 1484 genus,
1207 1439 1245 1468 et
1265 1429 1450 1475 solutum,
1483 1439 1521 1468 et
1541 1429 1716 1475 effluens,
1749 1430 1902 1468 senten-

498 1499 562 1537 tiis
583 1507 777 1550 aigutum,
808 1498 934 1536 verbis
955 1497 1104 1542 sonans,
1135 1497 1188 1534 est
1221 1497 1262 1534 in
1291 1496 1359 1535 illo
1379 1497 1584 1550 epidictico
1612 1510 1762 1549 genere,
1798 1495 1903 1548 quod

498 1565 670 1602 diximus
703 1564 903 1616 proprium
933 1562 1211 1615 sophistarum;
1245 1576 1409 1614 pompae,
1445 1576 1563 1615 quam
1585 1576 1721 1614 pugnae
1750 1563 1901 1615 aptius;

496 1628 703 1682 gymnasiis
723 1637 761 1666 et
780 1627 956 1681 palaestrae
990 1628 1163 1665 dicatum
1179 1646 1191 1672 3
1223 1627 1394 1679 spretum
1419 1636 1457 1665 et
1491 1627 1646 1681 pulsum
1674 1626 1771 1665 foro.
1832 1627 1904 1665 Sed

499 1694 604 1747 quod
635 1694 793 1732 educata
822 1692 937 1746 hujus
972 1694 1222 1731 nutrimentis
1249 1693 1482 1745 eloquentia,
1513 1693 1591 1746 ipsa
1622 1693 1657 1730 se
1688 1693 1814 1746 postea
1833 1706 1904 1731 co-

501 1762 611 1806 lorat,
640 1769 678 1799 et
712 1760 877 1805 roborat,
907 1774 983 1797 non
1003 1760 1173 1798 alienum
1194 1759 1270 1797 fuit
1290 1759 1336 1797 de
1369 1760 1530 1798 oratoris
1548 1760 1650 1811 quafi
1684 1760 1903 1798 incunabu-

500 1827 547 1864 lis
569 1826 704 1864 dicere.
742 1827 890 1864 Verum
912 1825 1006 1871 haec,
1028 1826 1226 1870 ludorum,
1244 1834 1358 1877 atque
1378 1839 1553 1879 pompae:
1587 1839 1655 1864 nos
1675 1834 1805 1864 autem
1819 1827 1904 1880 jam

500 1894 542 1930 in
562 1893 699 1938 aciem,
721 1892 1090 1944 dimicationemque
1109 1893 1323 1930 veniamus.

555 1959 668 1996 XIV.
704 1958 903 2010 Qoniam
924 1959 996 1996 tria
1015 1958 1177 1996 videnda
1197 1958 1282 1996 sunt
1303 1957 1456 2002 oratori,
1493 1958 1588 2009 quid
1609 1957 1724 2003 dicat,
1755 1965 1794 1995 et
1826 1971 1905 2009 quo

501 2025 672 2077 quidque
693 2025 793 2069 loco,
815 2034 852 2063 et
873 2025 1096 2077 quomodo,
1129 2025 1338 2063 dicendum
1368 2023 1529 2062 omnino
1558 2024 1624 2068 est,
1646 2024 1741 2076 quid
1767 2024 1811 2061 fit
1831 2038 1903 2077 op-

501 2093 646 2129 timum
668 2092 707 2129 in
729 2091 899 2144 singulis,
922 2092 983 2129 sed
999 2092 1194 2143 aliquanto
1215 2091 1319 2129 secus
1341 2099 1454 2142 atque
1474 2090 1514 2127 in
1536 2090 1715 2128 tradenda
1734 2100 1810 2128 arte
1825 2090 1904 2129 dici

502 2156 609 2194 solet.
669 2156 793 2194 Nulla
822 2166 1009 2209 praecepta
1035 2170 1240 2209 ponemus,
1274 2157 1416 2208 (neque
1450 2156 1555 2193 enim
1587 2155 1626 2193 id
1650 2155 1902 2209 suscepimus)
1935 2197 1939 2200 ‚

503 2222 564 2260 sed
585 2222 807 2260 excellentis
839 2223 1066 2275 eloquentiae
1099 2223 1265 2276 speciem
1298 2232 1335 2260 et
1364 2221 1531 2260 formam
1559 2223 1903 2262 adumbrabimus:

502 2301 587 2333 nec,
611 2288 751 2340 quibus
772 2288 883 2326 rebus
912 2303 953 2326 ea
973 2298 1138 2342 paretur,
1169 2302 1422 2342 exponemus,
1454 2288 1516 2327 sed
1552 2289 1676 2342 qualis
1704 2289 1814 2328 nobis
1835 2289 1908 2328 esse

503 2355 688 2393 videatur.

559 2423 620 2459 Ac
641 2421 718 2460 duo
738 2421 902 2460 breviter
922 2422 1047 2475 prima
1065 2437 1072 2461 :
1096 2422 1183 2461 sunt
1203 2423 1307 2461 enirn
1329 2437 1405 2461 non
1427 2432 1506 2462 tam
1534 2423 1695 2477 insignia
1714 2423 1760 2461 ad
1779 2422 1905 2461 maxi-

504 2501 612 2528 mam
650 2488 818 2534 laudem,
862 2502 980 2542 quam
1013 2489 1221 2537 neceffaria,
1264 2499 1302 2529 et
1341 2499 1469 2530 tamen
1504 2504 1595 2531 cum
1639 2490 1774 2530 multis
1808 2501 1907 2543 pene
