2176 2912
442 207 518 248 350
784 190 915 229 DE
1029 189 1503 230 CLARis

438 290 537 328 inter
558 286 655 340 ipsos
675 285 902 324 fimilitudo.
941 284 1061 322 Acuti
1082 283 1182 328 sunt,
1202 284 1405 338 elegantes,
1429 284 1557 329 faceti,
1580 284 1725 326 breves.
1770 289 1843 328 Sed

439 355 505 394 ille
526 356 684 392 Graecus
705 352 751 389 ab
782 351 893 389 omni
913 350 1023 388 laude
1043 349 1205 388 felicior.
1266 352 1399 389 Habet
1418 352 1523 389 enim
1543 361 1667 391 certos
1688 353 1745 391 sui
1762 354 1842 393 stu-

439 421 578 465 diosos,
606 421 675 472 qui
695 433 773 457 non
793 428 873 456 tam
893 416 1048 455 habitus
1069 418 1238 470 corporis
1261 419 1428 471 opimos,
1459 433 1578 471 quam
1598 421 1842 473 gracilitates,
1884 406 1892 411 ,

439 488 703 526 consectentur
718 504 729 529 3
763 498 874 537 quos,
896 483 1073 521 valetudo
1093 484 1211 520 modo
1230 483 1332 521 bona
1351 484 1408 528 fit,
1431 485 1594 523 tenuitas
1614 486 1692 538 ipsa
1714 487 1842 525 delec-

439 564 507 593 tat.
553 555 788 605 Qanquam
823 552 863 588 in
891 550 1000 601 Lysia
1020 550 1106 587 sunt
1127 550 1220 602 saepe
1239 551 1357 588 etiam
1378 550 1522 596 lacerti,
1554 552 1603 589 fic
1624 562 1667 590 ut
1687 567 1731 591 eo
1762 554 1843 592 fieri
1871 548 1875 550 ⁷

441 619 541 660 nihil
562 619 672 672 poffit
692 618 878 656 valentius
897 631 904 654 :
937 629 1071 653 verum
1091 616 1142 652 est
1160 624 1261 653 certe
1279 630 1418 668 genere
1437 625 1520 654 toto
1540 617 1726 670 strigofior
1742 638 1753 664 3
1783 619 1845 657 sed

441 687 556 727 habet
578 696 705 724 tamen
735 685 819 723 suos
839 683 1065 727 laudatores,
1096 682 1164 734 qui
1184 681 1256 720 hac
1277 683 1355 735 ipsa
1373 684 1453 734 ejus
1475 683 1683 723 subtilitate
1709 686 1844 723 admo-

440 754 536 792 dum
556 752 759 804 gaudeant.

497 819 630 857 XVII.
664 819 854 855 Catonem
885 829 973 853 vero
1003 815 1089 867 quis
1111 814 1328 852 nostrorum
1354 823 1565 859 oratorum,
1596 816 1665 868 qui
1685 817 1846 869 quidem

441 899 545 925 nunc
566 884 665 928 sunt,
687 884 782 936 legit
800 884 826 920 ?‘
845 891 909 920 aut
929 882 1016 935 quis
1038 882 1147 920 novit
1166 882 1357 919 omnino?
1389 883 1443 919 At
1463 895 1582 933 quem
1602 883 1730 921 virum
1748 885 1760 921 ?
1792 884 1846 921 dii

442 951 557 991 boni!
591 951 708 989 mitto
727 951 867 994 civem,
889 957 954 986 aut
975 948 1197 992 senatorem,
1219 957 1283 985 aut
1303 948 1588 1000 imperatorem.
1640 950 1846 988 Oratorem

441 1019 548 1057 enim
569 1016 748 1055 hocloco
767 1015 990 1068 quaerimus.
1015 1015 1115 1066 Qis
1132 1014 1202 1052 illo
1216 1014 1366 1067 gravior
1381 1014 1420 1051 in
1436 1014 1653 1052 laudando?
1676 1016 1847 1054 acerbior

442 1085 483 1122 in
500 1081 773 1135 vituperando?
796 1081 836 1118 in
850 1080 1045 1118 sententiis
1062 1080 1259 1132 argutior?
1279 1080 1318 1117 in
1333 1079 1520 1123 docendo,
1537 1079 1848 1133 edisserendoque

444 1149 647 1188 subtilior?
681 1146 846 1186 Refertae
866 1147 954 1185 sunt
983 1146 1171 1184 orationes
1192 1145 1360 1198 amplius
1386 1154 1545 1183 centum
1566 1146 1848 1199 quinquaginta

446 1216 558 1267 (quas
579 1214 739 1266 quidem
769 1212 896 1251 adhuc
916 1212 1129 1250 invenerim
1159 1220 1197 1249 et
1222 1211 1401 1264 legerim)
1433 1219 1470 1248 et
1499 1211 1638 1256 verbis,
1669 1222 1707 1250 et
1736 1213 1847 1251 rebus

443 1281 669 1319 illustribus.
701 1280 814 1318 Licet
834 1293 880 1317 ex
896 1278 957 1316 his
977 1279 1122 1331 eligant
1143 1292 1197 1323 ea,
1219 1292 1303 1330 quae
1324 1278 1521 1316 notatione
1545 1286 1584 1316 et
1603 1278 1713 1317 laude
1733 1279 1849 1332 digna

442 1348 516 1386 sint
532 1367 543 1392 ς
575 1360 710 1386 omnes
729 1346 900 1385 oratoriae
919 1345 1079 1384 virtutes
1113 1346 1154 1383 in
1173 1346 1226 1383 eis
1248 1345 1494 1398 reperientur.
1527 1346 1617 1396 Jam
1636 1359 1725 1384 vero
1753 1346 1847 1384 Ori-

443 1415 550 1467 gines
582 1416 663 1467 ejus
684 1427 802 1466 quem
828 1413 976 1457 florem,
1012 1422 1078 1450 aut
1109 1412 1213 1464 quod
1242 1412 1376 1450 lumen
1410 1412 1639 1464 eloquentiae
1667 1425 1746 1451 non
1776 1411 1847 1450 ha-

443 1482 566 1519 bent?
599 1483 801 1519 Amatores
823 1479 916 1518 huic
937 1479 1086 1524 desunt,
1118 1479 1229 1518 ficuti
1263 1478 1400 1516 multis
1426 1479 1510 1530 jam
1543 1488 1629 1516 ante
1650 1478 1784 1517 seculis
1809 1487 1849 1517 et

445 1548 607 1586 Philisto
629 1547 835 1598 Syracusio,
866 1556 904 1583 et
935 1546 1001 1597 ipsi
1024 1545 1265 1596 Thucydidi.
1314 1546 1421 1583 Nam
1454 1554 1497 1582 ut
1516 1545 1658 1584 horum
1688 1545 1848 1584 concifis

444 1614 656 1658 sententiis,
688 1613 883 1650 interdum
903 1612 1021 1648 etiam
1043 1625 1120 1649 non
1140 1611 1226 1648 satis
1246 1611 1399 1663 aperti8‚
1429 1624 1520 1648 cum
1542 1611 1739 1657 brevitate,
1762 1621 1849 1650 tum

443 1682 570 1720 nimio
604 1680 795 1725 acumine,
826 1679 947 1717 officit
979 1677 1262 1731 Theopompus
1291 1677 1467 1722 elatione,
1499 1687 1612 1730 atque
1645 1679 1849 1717 altitudine

444 1747 625 1785 orationis
652 1746 723 1784 suae
740 1764 750 1790 ;
786 1745 908 1797 (quod
929 1745 1033 1782 idem
1055 1744 1174 1796 Lyfiae
1195 1742 1494 1795 Demosthenes)
1528 1744 1577 1782 sic
1599 1745 1759 1784 Catonis
1784 1744 1847 1782 lu-

445 1814 618 1852 minibus
638 1812 826 1850 obstruxit
846 1810 927 1849 haec
946 1811 1197 1863 posteriorum
1219 1810 1321 1862 quafi
1337 1819 1559 1861 exaggerata
1578 1810 1691 1849 altius
1713 1811 1847 1849 oratio.

445 1880 518 1918 Sed
552 1880 591 1916 in
613 1878 747 1916 nostris
782 1877 932 1915 inscitia
952 1877 1017 1922 est,
1050 1876 1154 1929 quod
1188 1877 1215 1914 ii
1235 1876 1319 1928 ipfi,
1351 1876 1419 1927 qui
1449 1876 1488 1913 in
1511 1877 1656 1914 Graecis
1677 1877 1849 1929 antiqui-

446 1955 522 1983 tate
541 1932 791 1989 delectantur‚
813 1957 934 1996 eaque
954 1943 1178 1988 subtilitate,
1196 1956 1314 1995 quam
1331 1942 1505 1980 Atticam
1522 1942 1728 1995 appellant,
1750 1942 1850 1981 hanc

445 2013 486 2050 in
509 2014 656 2051 Catone
686 2025 763 2049 non
795 2019 984 2049 noverunt
1004 2010 1179 2063 quidem.
1226 2008 1436 2061 Hyperidae
1456 2009 1593 2046 volunt
1611 2009 1682 2047 effe
1707 2018 1745 2046 et
1767 2010 1848 2060 Ly-

446 2080 518 2117 fiae.
566 2079 713 2117 Laudo.
764 2079 835 2116 Sed
855 2092 924 2116 cur
944 2078 1082 2115 nolunt
1103 2077 1261 2115 Catonis
1279 2076 1290 2112 ?
1324 2076 1458 2112 Attico
1478 2089 1614 2127 genere
1635 2076 1787 2113 dicendi
1816 2076 1850 2113 se

446 2145 608 2198 gaudere
628 2146 776 2183 dicunt.
810 2145 1002 2197 Sapienter
1022 2144 1061 2181 id
1079 2143 1262 2195 quidem5
1288 2151 1402 2193 atque
1422 2142 1571 2180 utinam
1592 2143 1848 2188 imitarentur,

447 2224 518 2249 nec
538 2210 611 2249 offa
631 2210 769 2254 solum,
802 2210 862 2247 sed
882 2210 999 2247 etiam
1019 2209 1243 2261 sanguinem
1263 2207 1269 2244 ἔ
1304 2208 1473 2245 Gratum
1498 2208 1549 2246 est
1571 2217 1712 2254 tamen,
1745 2209 1850 2260 quod

446 2277 595 2316 volunt.
647 2278 729 2315 Cur
755 2277 873 2328 igitur
903 2276 1030 2327 Lysias
1052 2285 1089 2313 et
1110 2275 1326 2327 Hyperides
1357 2284 1546 2319 amantur,
1578 2289 1670 2313 cum
1696 2276 1849 2328 penitus

446 2345 644 2397 ignoretur
666 2343 794 2381 Cato?
826 2343 1039 2394 Antiquior
1057 2342 1109 2380 est
1134 2341 1249 2394 hujus
1280 2341 1415 2386 sermo,
1446 2350 1483 2379 et
1515 2342 1690 2394 quaedam
1721 2340 1848 2379 horri-

446 2410 553 2448 diora
572 2410 698 2448 verba.
730 2410 788 2447 Ita
807 2409 912 2447 enim
934 2418 1019 2446 tum
1040 2408 1307 2461 loquebantur.
1342 2408 1386 2447 Id
1407 2417 1530 2454 muta,
1552 2408 1657 2460 quod
1678 2417 1763 2446 tum
1783 2407 1849 2445 ille

445 2490 525 2516 non
554 2477 697 2530 potuit,
727 2485 766 2515 et
797 2475 891 2514 adde
923 2489 1117 2521 numeros,
1150 2484 1192 2514 ut
1221 2476 1343 2528 aptior
1375 2475 1420 2513 fit
1446 2475 1592 2514 oratio:
1624 2473 1703 2527 ipsa
1737 2473 1850 2513 verba
