2176 2912
301 301 332 330 p.

300 340 341 368 49

299 459 340 489 50

302 1657 335 1687 51

555 196 846 236 VARIAE
937 197 1498 240 LECTIONES.

384 340 420 366 27
441 330 531 358 multa
544 329 572 365 ψ
585 330 679 359 multus

381 372 418 399 28
440 369 635 398 distribuamus
650 384 666 397 κ
685 369 831 399 tribuamus

383 419 418 448 32
441 410 552 438 videtur
565 423 581 437 κ
593 411 634 447 effi
645 411 772 438 videatur
798 440 801 441 ⁷

405 459 416 477 ι
440 449 576 477 auditoris
591 463 608 477 κ
622 450 749 478 auditoris
762 454 862 481 animus

378 505 420 511 —
442 489 569 518 firmatur
584 490 607 518 L
622 491 788 528 confirmatur

399 539 416 568 3
438 537 486 558 aut
499 533 511 557 θ
526 538 550 558 et

399 579 416 608 5
436 569 601 606 judicarunt
615 570 653 597 W
656 572 851 609 judicaverunt

400 609 418 638 6
440 618 538 637 omnes
553 611 578 638 L
593 611 619 638 d.

398 659 414 687 7
438 649 598 686 supplicum
614 650 798 688 Lsupplnium

401 690 418 717 8
441 699 505 718 cum
519 703 536 717 κ
550 701 604 719 cum
616 691 648 718 id

400 739 419 767 9
440 736 583 767 oporteret
597 730 618 758 Β
634 728 661 766 ψ
674 737 768 767 oportet

379 784 420 792 -—
442 770 635 798 velutBLut
652 770 685 798 M
703 771 819 798 WOuti

379 824 420 831 —-
441 809 565 837 Gracchi
582 811 602 838 B
619 810 715 838 Gracci

385 859 420 878 10
441 849 472 878 id
489 849 508 877 B
523 851 555 877 id
556 852 664 887 salium
677 861 702 878 eo
718 850 741 878 L
757 849 794 876 W
803 854 824 882 θ,
840 861 855 876 z
870 847 899 876 id
895 851 1003 886 fufium

481 888 508 923 ψ
522 891 632 927 quietum
645 889 675 917 ob
687 891 718 917 id
719 892 827 927 fufium

383 938 394 957 1
405 938 414 956 1
440 929 516 967 geffit
533 929 553 957 B
569 929 731 967 LWegiſjZt
746 930 803 967 oste

384 978 418 997 12
441 969 479 997 est
491 974 502 997 θ
516 971 544 997 d.

384 1018 393 1036 ι
403 1019 417 1047 3
440 1017 495 1038 tres
512 1010 548 1036 W
557 1013 569 1037 θ
580 1009 606 1038 d.

379 1064 420 1071 —
441 1049 558 1077 collatio
573 1049 594 1077 B
609 1049 717 1077 conlatio

385 1089 420 1117 16
441 1098 499 1117 rem
514 1103 531 1117 κ
544 1099 596 1118 rem
610 1098 657 1118 aut

385 1131 418 1156 18
441 1129 645 1167 cognoscentur
659 1128 686 1165 ψ
701 1129 865 1167 agmficntur

384 1178 421 1197 20
443 1169 644 1198 demonstratus
659 1169 685 1204 ψ
700 1177 815 1207 apertum

383 1218 419 1237 22
441 1209 563 1237 versetur
578 1214 589 1237 θ
604 1210 728 1245 versatur

384 1258 418 1286 ²3
443 1248 569 1288 quasque
583 1248 609 1284 ψ
625 1260 748 1288 quamque

382 1289 419 1317 26
440 1291 580 1326 permixte
594 1289 618 1317 L
629 1291 780 1327 permixtim

379 1343 421 1351 ι-
441 1329 579 1367 descripte
595 1330 627 1357 M
641 1343 668 1364 κ,
683 1328 711 1365 ψ
725 1332 754 1357 di
765 1337 830 1357 crele

382 1379 419 1405 27
442 1369 545 1407 cuique
560 1370 583 1397 L
593 1370 631 1396 W
645 1374 667 1403 θ,
682 1383 698 1397 κ
709 1373 844 1407 unicuique

382 1419 419 1446 32
441 1408 506 1436 inB
524 1409 794 1443 LMW0,‚2etin

381 1459 417 1486 33
440 1449 477 1476 est
491 1449 512 1477 Β
529 1449 552 1477 L
566 1451 694 1487 estvifiaem
708 1450 745 1476 W
759 1453 780 1482 θ,
795 1463 821 1481 κ,
835 1447 861 1483 ψ
875 1448 1004 1485 vficmest

378 1503 420 1511 —
439 1489 600 1528 argumenti
615 1490 636 1517 B
653 1491 686 1518 M
702 1490 728 1517 d.
744 1489 771 1525 ψ
785 1492 853 1517 ratio
867 1499 1003 1527 argumen-

480 1530 558 1557 tandi

378 1583 419 1590 —
440 1577 555 1606 quoque
571 1570 594 1597 L
606 1570 645 1596 W
659 1573 670 1597 θ
683 1571 710 1597 d.

382 1617 418 1647 35
441 1608 489 1636 hic
504 1609 528 1636 L
541 1610 568 1637 d.
677 1618 773 1636 omnes
788 1622 804 1636 κ
817 1610 845 1637 d.

401 1657 418 1685 7
440 1647 605 1677 AEschinem
621 1650 642 1677 B
657 1649 788 1685 Eschinem

384 1697 420 1716 ιο
439 1688 528 1721 illius,
551 1699 585 1716 an
602 1696 682 1717 tuum
698 1690 720 1717 L
735 1697 846 1722 tuumne,
876 1699 911 1716 an
930 1687 1004 1716 illius

483 1729 522 1754 W
535 1732 546 1754 θ
560 1728 663 1763 illiusne
675 1740 710 1757 an
724 1737 794 1757 tuum

379 1782 421 1791 —-
441 1775 535 1796 utrum
550 1781 566 1795 κ
577 1768 603 1795 d.

384 1816 415 1835 11
440 1815 570 1836 ornatum
587 1808 610 1836 L
625 1807 659 1835 M
673 1806 712 1833 W
725 1811 746 1840 θ,
762 1819 778 1834 κ
792 1815 963 1836 ornamentum

383 1856 418 1875 12
440 1847 584 1884 respondit
599 1848 636 1874 W
650 1851 661 1874 θ
678 1848 705 1874 d.

384 1896 417 1924 ¹3
441 1887 545 1924 inquit,
561 1886 579 1914 fi
595 1887 618 1915 L
632 1887 725 1924 verosi
733 1889 817 1924 inquit

378 1941 420 1950 ——
441 1926 492 1954 illa
506 1927 530 1954 L
544 1928 570 1954 d.

384 1975 420 2004 14
442 1974 573 1995 utrumne
595 1974 675 1995 tuum
700 1966 723 1994 L
744 1980 760 1994 κ
775 1975 877 1995 tuumne
890 1966 925 1995 M
941 1968 1002 1996 We

482 2013 598 2035 utrumne
611 2016 682 2035 tuum
696 2011 786 2036 virum

379 2061 420 2070 —
439 2047 487 2075 hic
502 2061 517 2074 κ
531 2056 561 2075 at

384 2096 418 2125 15
441 2096 536 2116 autem
551 2101 568 2114 κ
582 2098 645 2115 vcro

381 2136 415 2156 21
440 2127 599 2164 Xenophon
619 2141 635 2155 κ
648 2128 675 2155 d.

383 2176 417 2205 25
441 2167 610 2195 leftiffimam
626 2181 642 2194 κ
655 2166 822 2204 eIeHiffiv'mam

382 2207 420 2235 26
439 2207 483 2235 vir
497 2208 531 2234 M
547 2210 596 2234 vir
610 2209 638 2234 in
650 2215 723 2235 terra

381 2261 422 2268 —
443 2246 562 2274 foemina
576 2247 598 2274 B
602 2249 706 2284 ftmina

383 2287 420 2315 28
441 2286 589 2324 requiretis
603 2300 619 2313 κ
633 2289 768 2323 inquiretis

379 2341 420 2348 —
440 2325 566 2354 mulieris
579 2325 601 2352 Β
617 2326 638 2353 L
651 2326 684 2353 M
698 2326 722 2353 d.
740 2329 883 2363 nfoeminae

383 2375 419 2403 32
440 2365 560 2403 rogandi
575 2365 610 2393 M
624 2367 802 2405 interrogandi

384 2415 419 2444 33
442 2405 574 2433 sermonis
589 2419 606 2433 κ
620 2407 648 2434 α’.

381 2461 421 2471 -
442 2445 504 2474 usus
518 2445 543 2474 L
558 2448 585 2474 in
600 2446 658 2483 usus

839 2126 897 2165 ipse
912 2127 946 2155 M
961 2129 988 2156 d.

1059 302 1090 331 P-

1061 342 1094 371 51

1061 382 1098 412 52

1060 1697 1096 1726 53

1059 2493 1098 2524 54

1143 343 1178 371 35
1201 333 1277 371 quod
1293 339 1304 362 θ
1319 337 1385 374 quod
1396 347 1451 364 cum

1164 383 1172 401 1
1199 374 1276 410 quod
1291 379 1303 402 θ
1317 379 1362 413 qui

1139 427 1180 434 —
1200 414 1349 442 necessario
1366 416 1388 444 L
1403 418 1562 454 necffzrium

1161 461 1181 488 4
1199 452 1367 483 inducemus
1382 459 1394 483 θ
1408 459 1549 486 inducimus
1563 471 1578 485 κ
1593 459 1748 487 induximus

1160 491 1178 519 6
1202 493 1278 530 quod
1294 494 1455 524 inducimus
1469 501 1492 529 θ,
1509 511 1536 531 22,
1551 496 1578 533 ψ
1595 499 1624 526 d.

1161 541 1177 567 7
1201 533 1388 562 confirmandi
1406 535 1443 562 W
1457 540 1467 562 θ
1481 538 1510 564 d.

1144 580 1175 599 11
1201 570 1380 612 intelligatur
1397 575 1417 602 B
1429 574 1452 603 L
1468 575 1502 603 M
1520 576 1589 609 We,
1605 590 1621 603 x.
1635 576 1765 616 intelligat

1241 611 1268 647 ψ
1290 614 1442 652 intelligant

1144 661 1153 679 ι
1163 660 1177 679 2
1201 651 1279 681 videt
1295 654 1328 682 M
1343 656 1420 683 videt
1432 664 1493 684 ante
1507 657 1638 693 concqffizm

1144 700 1154 719 1
1164 701 1178 728 3
1201 702 1263 729 quae
1279 694 1372 730 primo
1387 708 1402 722 κ
1417 707 1494 732 quam
1503 699 1603 733 primm

1146 740 1182 767 ¹4
1203 731 1350 770 displiceat
1363 748 1379 762 κ
1393 735 1510 773 displicet

1143 779 1176 808 15
1199 771 1393 809 respondendo
1410 776 1433 803 L
1447 775 1591 813 rffondens

1138 825 1179 832 —-
1198 812 1374 849 rogationem
1397 815 1418 842 B
1440 819 1564 844 rationem
1589 819 1763 854 (rogationem

1232 853 1294 890 fitp-
1316 854 1348 888 l.)
1366 855 1402 882 W
1417 858 1542 883 rationem

1142 899 1174 918 21
1199 893 1370 959 concjdetur
1386 895 1409 923 L
1425 895 1460 923 M
1473 897 1623 924 concedatur
1634 897 1693 925 We
1707 908 1762 926 con-

1238 943 1263 959 Cf
1281 941 1336 961 [tur

1142 979 1176 1007 23
1199 970 1231 998 sxt
1246 985 1261 998 κ
1274 974 1331 1009 estet

1141 1020 1178 1046 24
1200 1011 1230 1038 fit
1242 1015 1253 1038 θ
1260 1013 1301 1050 fit

1142 1060 1177 1086 27
1201 1052 1348 1080 confirmat
1362 1052 1396 1080 M
1410 1055 1526 1090 affirmat

1142 1099 1179 1126 30
1201 1092 1277 1127 quod
1295 1091 1315 1118 B
1332 1092 1355 1120 L
1369 1095 1435 1130 quid

1138 1144 1179 1151 —
1199 1131 1362 1168 exemplum
1376 1145 1393 1159 κ
1406 1133 1514 1171 exempli

1140 1178 1173 1207 31
1199 1169 1358 1207 hujusmodi
1375 1172 1396 1200 B
1412 1174 1449 1199 W
1469 1177 1490 1207 θ,
1512 1187 1529 1202 κ
1542 1175 1659 1212 ejusmodi
1673 1175 1706 1204 M
1719 1176 1764 1213 effi

1240 1212 1358 1248 {jusmodi

1138 1262 1178 1271 --
1201 1251 1337 1278 utendum
1353 1252 1391 1278 W
1404 1254 1494 1282 utendi

1138 1304 1179 1311 —
1200 1299 1258 1328 quo
1275 1291 1307 1318 M
1324 1294 1394 1330 quod

1142 1338 1178 1366 32
1200 1338 1283 1368 atque
1300 1331 1320 1359 B
1336 1344 1412 1370 quam
1427 1335 1478 1367 (v.
1495 1336 1641 1372 atquefitp.
1655 1334 1689 1369 l.)

1141 1379 1175 1406 33
1200 1370 1324 1404 satisfiat,
1339 1373 1401 1410 qui,
1417 1373 1494 1410 quod
1510 1375 1594 1410 estat,
1610 1375 1744 1412 quodquod

1142 1418 1180 1446 34
1201 1409 1420 1440 demonstratum
1436 1413 1472 1440 est
1497 1414 1517 1441 Β
1537 1415 1722 1451 demonstratur
1736 1415 1761 1443 L

1237 1454 1402 1488 menstratum
1422 1455 1456 1490 est
1470 1454 1504 1481 M
1521 1454 1557 1480 W
1572 1458 1583 1482 θ
1605 1456 1763 1493 monstratur

1239 1489 1266 1524 ’ψ
1280 1494 1430 1529 ηιωζβνεΙιιν

1139 1543 1178 1549 -
1199 1531 1367 1568 cognoscere
1384 1533 1416 1560 M
1431 1532 1563 1570 agnoscere

1141 1578 1175 1606 35
1198 1569 1276 1605 quod
1287 1571 1308 1598 B
1318 1583 1371 1599 cum
1383 1573 1446 1606 (vel
1455 1573 1546 1610 quods.
1557 1573 1589 1607 l.)
1600 1573 1696 1609 Wma
1706 1585 1761 1603 cum

1138 1623 1178 1630 --
1199 1609 1411 1646 Epaminondas
1427 1613 1448 1640 B
1464 1613 1498 1641 M
1514 1613 1552 1641 W
1569 1614 1761 1651 Epamimmdas

1239 1651 1367 1688 (simper)

1163 1697 1173 1715 1
1199 1687 1352 1726 imperator
1365 1695 1377 1718 θ
1391 1695 1530 1728 imperator
1543 1694 1612 1729 quod

1159 1737 1174 1755 2
1198 1728 1255 1765 ipse
1271 1743 1286 1756 ι
1299 1731 1349 1767 iffi
1357 1734 1412 1769 post

1160 1778 1174 1806 5
1199 1769 1234 1795 ad
1252 1769 1327 1798 hunc
1343 1772 1458 1799 modum
1472 1786 1498 1805 κ,
1514 1770 1541 1807 ψ
1554 1772 1597 1799 hoc
1611 1773 1679 1800 modo

1157 1808 1174 1835 6
1196 1807 1336 1838 adscribat
1349 1814 1360 1838 θ
1375 1813 1400 1838 d.

1161 1857 1177 1884 7
1199 1856 1278 1877 extra
1291 1860 1376 1888 quam
1393 1852 1427 1880 M
1443 1859 1522 1880 extra
1535 1863 1610 1891 quam
1625 1851 1692 1887 (vel
1713 1862 1759 1882 tx—

1237 1893 1338 1926 ceptos.
1354 1891 1366 1918 l
1377 1893 1395 1924 )

1159 1927 1175 1954 8
1199 1929 1346 1958 tradiderit
1360 1935 1371 1957 θ
1387 1932 1501 1959 tradidit

1142 1975 1178 1994 ιο
1199 1976 1227 1995 ct
1244 1969 1267 1995 L
1282 1976 1305 1996 et
1321 1982 1338 1997 a

1142 2016 1174 2044 13
1198 2007 1368 2046 adscriptum
1384 2010 1535 2047 asi-raptast:

1143 2056 1178 2083 14
1201 2047 1328 2076 videatur
1343 2051 1398 2076 Wr.
1413 2052 1517 2078 rm'cfar

1143 2096 1176 2122 17
1201 2097 1234 2115 ne
1251 2089 1337 2117 verbo
1351 2094 1362 2117 θ
1378 2101 1418 2118 nec
1433 2090 1514 2118 verbo

1141 2136 1176 2163 ¹9
1197 2136 1228 2154 ac
1244 2142 1259 2155 κ
1273 2132 1300 2156 d.

1140 2175 1178 2194 20
1199 2175 1227 2195 et
1242 2176 1370 2196 naturam
1386 2169 1407 2197 B
1422 2176 1592 2209 naturamque

1140 2215 1175 2234 22
1199 2207 1245 2235 sua
1261 2208 1286 2235 se
1302 2209 1329 2236 vi
1345 2217 1373 2236 et
1386 2209 1459 2244 esua
1479 2213 1551 2246 vise

1139 2256 1178 2282 24
1198 2247 1272 2275 idem
1289 2249 1337 2276 usu
1353 2249 1387 2276 M
1401 2251 1500 2278 eundem
1513 2262 1582 2286 usum
1596 2265 1610 2279 κ
1625 2254 1652 2279 in
1666 2253 1711 2290 “fi‘'

1138 2301 1178 2307 -
1201 2287 1379 2324 sequerentur
1394 2292 1560 2327 nsequcutur

1137 2341 1177 2347 -·
1198 2328 1315 2363 paulum
1331 2329 1352 2356 B
1364 2330 1388 2357 L
1401 2330 1434 2357 M
1451 2330 1487 2356 W
1500 2333 1523 2363 θ,
1537 2343 1552 2357 κ
1562 2330 1699 2367 paululum

1139 2367 1175 2394 28
1197 2373 1226 2394 et
1242 2380 1257 2394 ιε
1271 2369 1299 2395 d.

1141 2415 1178 2444 29
1200 2414 1336 2443 putentur
1349 2420 1375 2440 x,
1391 2407 1417 2443 ψ
1432 2411 1576 2438 videamus*

1141 2454 1179 2482 34
1201 2447 1270 2474 Eam
1286 2461 1301 2474 κ
1317 2447 1430 2476 Eandem

1162 2495 1173 2514 ι
1197 2494 1326 2525 oportere
1341 2488 1374 2517 M
1388 2489 1414 2516 d.
