2176 2912
461 203 534 256 278
812 199 925 238 DE
1005 196 1510 236 ORATORE

461 306 716 347 magnamque
737 292 809 330 tibi
828 291 1016 330 habemus
1036 291 1198 343 gratiam
1214 308 1226 335 ;
1258 299 1295 329 et
1326 303 1418 328 cum
1438 287 1721 326 humanitatem
1741 287 1857 326 etfa-

460 361 648 398 cilitatem
668 358 908 411 agnoscimus
929 367 1049 401 tuam,
1081 366 1166 395 tum
1186 357 1421 395 admiramur
1454 355 1563 393 istam
1595 353 1790 392 scientiam
1822 363 1859 391 et

463 427 628 478 copiam.
676 424 870 477 Equidem
889 424 1005 461 etiam
1025 422 1100 461 hoc
1120 436 1183 461 me
1203 422 1410 460 afl‘ecutum
1444 430 1553 473 putO,
1585 421 1689 472 quod
1719 433 1861 472 magno

464 492 546 530 sum
579 492 721 529 levatus
753 504 890 534 errore,
922 499 959 527 et
992 489 1057 527 illa
1087 489 1340 526 admiratione
1366 489 1560 532 liberatus,
1592 487 1697 538 quod
1726 486 1860 524 multis

464 572 555 596 cum
575 558 658 595 aliis
680 557 823 609 semper
843 555 1020 593 admirari
1049 555 1230 599 solebam,
1265 555 1365 591 unde
1385 554 1472 591 efl’et
1501 553 1567 590 illa
1597 562 1699 590 tanta
1728 561 1793 590 tua
1822 552 1862 589 in

464 624 581 662 caufis
600 623 790 660 divinitas.
835 622 921 659 Nec
941 621 1045 658 enim
1067 630 1103 658 te
1132 620 1198 657 ista
1225 619 1387 671 attigiffe
1416 618 1634 662 arbitrabar,
1666 632 1750 670 quae
1773 617 1864 655 dili-

463 689 677 742 gentissime
709 686 897 739 cognoffe,
929 695 966 723 et
997 686 1167 737 undique
1187 685 1391 736 collegifi'e,
1423 684 1567 736 usuque
1597 684 1756 721 doctum
1775 697 1861 735 par-

467 757 539 793 tim
560 753 756 792 correxiffe
776 753 900 796 video,
930 752 1071 804 partim
1091 750 1364 804 comprobaffe.
1411 751 1551 802 Neque
1570 763 1615 787 eo
1635 749 1763 786 minus
1782 748 1863 786 elo-

467 822 665 874 quentiam
685 829 805 863 tuam,
837 828 875 856 et
910 817 1036 856 multo
1057 818 1179 870 magis
1200 818 1383 855 virtutem
1403 826 1441 854 et
1467 816 1710 868 diligentiam
1740 814 1864 852 admi-

469 901 530 925 ror
546 905 557 930 ;
600 895 638 923 et
668 885 778 922 fimul
808 884 966 937 gaudeo,
992 883 1189 935 judicium
1218 883 1337 920 animi
1367 883 1443 920 mei
1473 881 1730 933 comprobari,
1763 880 1867 932 quod

470 953 615 1004 semper
648 951 772 995 statui,
818 950 1012 987 neminem
1056 949 1244 1001 sapientiae
1273 948 1426 986 laudem
1468 957 1507 986 et
1534 948 1762 999 eloquentiae
1792 946 1868 984 fine

470 1019 622 1056 summo
652 1017 788 1060 studio,
819 1024 857 1053 et
886 1015 1026 1059 labore,
1057 1024 1095 1052 et
1124 1015 1307 1060 doctrina,
1339 1014 1521 1066 consequi
1552 1015 1665 1066 poffe.
1709 1012 1780 1051 Sed
1810 1021 1867 1050 ta-

472 1098 560 1123 men
590 1083 776 1136 quidnam
796 1082 848 1119 est
867 1081 920 1126 id,
943 1081 1047 1132 quod
1065 1081 1206 1125 dixisti,
1237 1080 1317 1118 fore
1346 1089 1389 1118 ut
1415 1080 1487 1118 tibi
1517 1079 1812 1131 ignoiceremu8‚
1842 1078 1870 1115 si

472 1149 751 1202 cognoffemus,
783 1162 867 1200 quae
888 1156 924 1185 te
950 1147 1058 1184 causa
1077 1147 1117 1184 in
1144 1145 1250 1184 hunc
1271 1146 1484 1183 sermonem
1505 1144 1741 1197 impulisset?
1774 1144 1871 1194 Qae

474 1217 526 1254 est
554 1217 659 1254 enim
690 1215 760 1252 alia
788 1213 908 1258 causa,
951 1214 1018 1251 nis1
1048 1213 1152 1265 quod
1182 1213 1307 1257 nobis,
1338 1222 1374 1250 et
1400 1211 1541 1250 horum
1571 1211 1872 1248 adolescentium

473 1283 610 1326 studio,
642 1281 709 1332 qui
730 1289 766 1317 te
785 1278 1030 1316 attentiffime
1045 1279 1258 1323 audierunt,
1290 1292 1440 1316 morem
1461 1291 1588 1330 gerere
1607 1277 1788 1315 voluisti?

530 1350 640 1386 Tum
660 1347 738 1391 ille,
769 1346 949 1390 adimere,
981 1346 1122 1397 inquit,
1153 1359 1309 1383 omnem
1344 1345 1618 1383 recusationem
1646 1343 1774 1381 Crasso
1803 1356 1872 1380 vo-

475 1414 545 1458 lui,
577 1426 694 1465 quem
714 1425 786 1463 ego
805 1411 920 1463 paulo
941 1410 1119 1455 sciebam,
1149 1411 1209 1448 vel
1236 1411 1456 1462 pudentius,
1487 1410 1546 1447 vel
1578 1409 1749 1452 invitius,
1783 1409 1873 1458 (no-

476 1481 515 1518 lo
535 1481 639 1517 enim
660 1479 784 1516 dicere
814 1478 860 1515 de
880 1486 959 1514 tam
981 1477 1081 1514 suavi
1102 1476 1276 1521 homine,
1304 1476 1546 1528 fastidiofius)
1579 1476 1624 1513 ad
1651 1475 1725 1513 hoc
1755 1488 1874 1527 genus

477 1546 661 1585 sermonis
687 1544 874 1581 accedere.
922 1543 1029 1593 Qid
1059 1543 1163 1579 enim
1194 1543 1334 1593 poterit
1369 1543 1524 1580 dicere?
1571 1541 1820 1579 Consularem
1841 1540 1876 1578 se

478 1611 547 1650 effe
563 1610 767 1648 hominem
785 1617 822 1646 et
844 1607 1071 1645 Censorium
1087 1608 1099 1644 ?
1122 1607 1254 1645 eadem
1275 1607 1396 1645 nostra
1415 1607 1523 1645 causa
1542 1606 1607 1645 est.
1642 1608 1703 1644 An
1725 1615 1875 1644 aetatem

479 1677 641 1716 afferet?
673 1675 922 1728 quadriennio
956 1675 1083 1712 minor
1103 1674 1167 1712 est.
1214 1675 1276 1712 An
1310 1674 1344 1711 se
1374 1674 1544 1711 nescire?
1576 1688 1660 1724 quae
1681 1687 1752 1725 ego
1783 1673 1876 1717 sero,

481 1759 565 1797 quae
585 1743 722 1780 cursim
743 1741 898 1793 arripui,
920 1755 1003 1792 quae
1025 1740 1222 1777 subsecivis
1243 1741 1380 1792 operis,
1400 1750 1441 1778 ut
1462 1741 1594 1783 aiunt;
1617 1739 1683 1777 iste
1704 1753 1724 1776 a
1744 1752 1876 1791 puero,

481 1811 633 1848 summo
653 1808 789 1852 studio,
812 1808 971 1844 summis
994 1806 1225 1844 doctoribus.
1269 1805 1385 1844 Nihil
1411 1806 1538 1843 dicam
1560 1807 1605 1842 de
1625 1806 1794 1857 ingenio,
1816 1804 1879 1842 cui

483 1890 548 1928 par
568 1889 682 1912 nemo
702 1874 791 1911 fuit.
825 1873 981 1911 Etenim
1003 1887 1065 1911 me
1086 1873 1277 1910 dicentem
1296 1873 1363 1924 qui
1384 1873 1558 1916 audierit,
1577 1885 1691 1909 nemo
1708 1884 1879 1923 unquam

486 1952 563 1979 tam
591 1930 645 1978 sui
680 1940 887 1992 despiciens
918 1938 1006 1983 fuit,
1043 1940 1137 1991 quin
1174 1939 1333 1991 speraret
1367 1948 1431 1976 aut
1466 1938 1618 1983 melius,
1650 1937 1879 1975 aut-eodem

485 2008 602 2046 modo
623 2007 657 2044 se
676 2006 776 2059 poss‘c
796 2006 918 2043 dicere
935 2021 942 2043 :
983 2005 1108 2043 Craffo
1124 2006 1288 2048 dicente,
1304 2018 1417 2041 nemo
1439 2014 1516 2041 tam
1536 2017 1724 2055 arrogans,
1747 2002 1878 2054 quisi-

485 2073 629 2111 militer
657 2073 691 2109 se
721 2085 893 2123 unquam
927 2071 1119 2108 dieturum
1153 2069 1223 2107 effe
1252 2069 1474 2107 confideret.
1521 2068 1801 2118 Qamobrem,
1834 2080 1881 2104 ne

485 2137 620 2176 frustra
640 2136 680 2174 hi
703 2137 793 2174 tales
816 2137 882 2173 viri
906 2137 1090 2179 venerint,
1114 2145 1149 2172 te
1168 2135 1386 2186 aliquando,
1409 2133 1546 2177 Craffe,
1569 2133 1783 2171 audiemus.

541 2204 630 2240 XC.
662 2203 770 2240 Tum
793 2202 871 2245 ille,
894 2211 935 2238 ut
956 2202 1007 2238 ita
1024 2200 1089 2238 ista
1110 2199 1179 2237 effe
1200 2199 1422 2244 concedam,
1453 2199 1594 2251 inquit,
1615 2199 1776 2243 Antoni,
1799 2212 1884 2250 quae
1912 2191 1915 2193 ’

489 2269 574 2307 sunt
593 2268 706 2320 longe
726 2268 842 2311 secus,
874 2267 968 2319 quid
988 2265 1086 2304 mihi
1109 2275 1149 2304 tu
1171 2266 1324 2304 tandem
1351 2264 1480 2310 hodie,
1513 2274 1577 2302 aut
1597 2265 1780 2317 cuiquam
1809 2264 1883 2302 ho-

489 2334 601 2380 mini,
633 2334 737 2387 quod
758 2334 831 2371 dici
854 2334 977 2386 pollit,
1011 2332 1221 2385 reliquisti?
1255 2333 1395 2370 Dicam
1416 2333 1521 2370 enim
1544 2346 1640 2377 vere,
1668 2331 1885 2370 amiciffimi

490 2400 681 2444 homines,
726 2400 829 2452 quod
865 2399 996 2436 sentio.
1047 2402 1149 2451 Saepe
1183 2412 1252 2450 ego
1286 2398 1416 2436 doeios
1448 2396 1639 2443 homines,
1672 2398 1766 2450 quid
1799 2397 1886 2435 dico

492 2466 615 2519 saepe?
647 2466 770 2503 immo
791 2477 1092 2516 nonnunquam:
1139 2463 1231 2516 saepe
1257 2464 1361 2501 enim
1394 2464 1461 2516 qui
1490 2465 1615 2517 potui,
1646 2464 1713 2516 qui
1735 2476 1827 2516 puer
1846 2462 1887 2499 in

489 2532 619 2572 forum
653 2533 836 2576 venerim,
871 2544 994 2583 neque
1029 2531 1117 2570 inde
1150 2543 1322 2584 unquam
1356 2530 1516 2576 diutius,
1547 2543 1665 2583 quam
1697 2528 1884 2580 Qaestor,
