2176 2912
458 197 537 251 366
801 196 933 236 DE
1047 195 1519 236 CLAnrs

454 289 626 329 naturale
660 289 857 343 quoddam
876 288 1002 343 stirpis
1036 283 1186 330 bonum
1219 289 1494 344 degeneravisse
1527 290 1621 328 vitio
1652 288 1860 343 depravatae

456 356 678 397 voluntatis.

509 424 642 475 Atque
662 422 799 461 eodem
828 432 1000 476 tempore
1019 422 1213 462 accusator
1247 424 1293 461 de
1319 423 1431 476 plebe
1452 423 1501 461 L.
1529 422 1747 461 Caesulenus
1767 422 1859 469 fuit,

453 503 574 543 quem
593 503 665 542 ego
685 490 813 527 audivi
828 491 911 542 jam
932 489 1074 535 senem,
1105 504 1198 528 cum
1227 490 1274 527 ab
1296 491 1344 528 L.
1369 489 1532 527 Sabellio
1561 490 1748 528 muletam
1777 490 1862 542 lege

455 555 618 608 Aquilia
636 556 682 593 de
701 555 840 607 injuria
858 555 1060 608 petivisset.
1108 555 1203 593 Non
1222 554 1394 593 feciffem
1416 554 1588 593 hominis
1609 569 1706 608 pene
1731 555 1861 593 infimi

452 622 708 666 mentionem,
740 621 809 659 nisi
831 621 1062 673 judicarem,
1094 622 1163 672 qui
1194 620 1430 673 suspiciosius
1451 630 1515 658 aut
1535 621 1775 660 criminosius
1798 622 1859 659 di-

454 697 570 733 ceret,
601 686 780 725 audiviffe
800 699 865 723 me
882 686 1098 724 neminem.

509 753 681 792 XXXV.
715 753 864 790 Doctus
895 752 1012 790 etiam
1032 752 1179 790 Graecis
1200 752 1253 791 T.
1276 752 1476 798 Albutius,
1510 752 1569 791 vel
1590 753 1731 805 potius,
1764 766 1861 806 pene

453 820 626 857 Graecus.
674 818 846 870 Loquor,
879 826 922 856 ut
952 818 1089 871 opinor
1104 836 1116 864 5
1149 818 1211 856 sed
1230 818 1323 857 licet
1342 831 1390 856 ex
1409 818 1645 857 orationibus
1669 818 1856 871 judicare.

450 886 545 924 Fuit
579 894 708 923 autem
738 883 904 923 Athenis
939 884 1154 923 adolescens
1173 903 1184 930 ς
1215 883 1404 937 perfectus
1440 885 1653 938 Epicureus
1684 884 1858 930 evaserat,

450 951 617 989 minime
637 961 773 1004 aptum
793 950 839 988 ad
859 950 1069 989 dicendum
1090 964 1226 1003 genus.

460 1064 461 1067 Ἰ
506 1019 594 1069 Jam
615 1017 870 1070 QCatulus,
907 1030 985 1055 non
1006 1018 1166 1070 antiquo
1186 1018 1255 1056 illo
1276 1031 1397 1063 more,
1426 1017 1488 1055 sed
1506 1016 1583 1055 hoc
1613 1017 1739 1055 nostro
1772 1004 1859 1068 (nisi

448 1084 546 1136 quid
566 1083 647 1121 fieri
664 1083 787 1136 potest
803 1081 1024 1135 perfectius)
1056 1083 1227 1121 eruditus
1244 1098 1252 1121 ε
1286 1084 1419 1121 multae
1440 1082 1582 1127 literae;
1615 1083 1765 1120 summa
1781 1096 1860 1120 non

448 1150 537 1188 vitae
557 1149 682 1187 solum
701 1158 815 1201 atque
830 1158 985 1194 naturae,
1003 1148 1065 1186 sed
1080 1149 1262 1187 orationis
1275 1149 1406 1193 etiam,
1428 1149 1590 1187 comitas
1604 1166 1615 1193 3
1637 1148 1860 1202 incorrupta

448 1214 625 1267 quaedam
646 1215 776 1252 Latini
792 1214 974 1253 sermonis
991 1215 1188 1267 integritas
1202 1233 1214 1260 3
1247 1228 1332 1267 quae
1352 1214 1513 1267 perspici
1535 1228 1627 1252 cum
1647 1227 1694 1252 ex
1714 1214 1858 1253 oratio-

449 1281 563 1318 nibus
585 1281 666 1332 ejus
686 1280 822 1333 potest,
851 1289 936 1318 tum
953 1277 1141 1318 facillime
1160 1294 1206 1319 ex
1226 1294 1271 1318 eo
1291 1280 1405 1326 libro,
1437 1294 1557 1333 quem
1575 1281 1622 1319 de
1642 1280 1857 1326 consulatu,

449 1355 488 1388 et
508 1346 554 1384 de
574 1346 687 1384 rebus
707 1346 820 1398 gestis
842 1346 915 1384 suis
936 1346 1201 1399 conscriptum
1222 1347 1334 1386 molli
1357 1356 1396 1385 et
1415 1345 1701 1400 Xenophonteo
1719 1359 1858 1400 genere

450 1412 647 1458 sermonis,
663 1413 766 1451 misit
779 1412 825 1450 ad
837 1414 888 1450 A.
905 1413 1084 1458 Furium,
1098 1423 1267 1466 poetam,
1282 1413 1513 1452 familiarem
1526 1413 1658 1458 suum,
1677 1414 1746 1465 qui
1758 1412 1858 1451 liber

448 1478 574 1517 nihilo
595 1480 722 1517 notior
741 1479 808 1524 est,
826 1493 943 1531 quam
964 1479 1023 1516 illi
1038 1488 1125 1524 tres,
1147 1480 1194 1518 de
1212 1480 1354 1532 quibus
1375 1490 1461 1519 ante
1477 1480 1571 1525 dixi,
1598 1480 1728 1518 Scauri
1748 1478 1855 1518 librI.

506 1546 616 1582 Tum
637 1546 792 1589 Brutus,
824 1543 933 1582 Mihi
961 1546 1120 1596 quidem
1150 1559 1220 1583 nec
1252 1546 1317 1584 iste
1337 1557 1450 1584 notus
1477 1546 1543 1590 est,
1575 1559 1645 1583 nec
1676 1546 1762 1584 illi:
1794 1545 1858 1583 sed

448 1624 519 1648 nec
541 1623 625 1648 mea
645 1609 758 1662 culpa
777 1609 828 1647 est
840 1628 852 1654 3
884 1623 1086 1661 nunquam
1106 1611 1211 1648 enim
1232 1611 1273 1648 in
1293 1625 1428 1649 manus
1449 1611 1681 1649 inciderunt.
1732 1610 1855 1649 Nunc

448 1686 579 1714 autem
599 1685 636 1714 et
655 1689 675 1714 a
695 1685 732 1713 te
747 1675 911 1720 sumam,
942 1684 979 1713 et
999 1676 1226 1727 conquiram
1246 1676 1314 1714 ista
1332 1675 1488 1729 posthac
1509 1676 1706 1714 curiosius.
1761 1676 1857 1714 Fuit

448 1742 568 1795 igitur
586 1742 627 1780 in
649 1742 790 1780 Catulo
809 1741 932 1779 sermo
949 1742 1110 1779 Latinus
1125 1760 1136 1786 ;
1169 1756 1254 1794 quae
1275 1743 1356 1781 laus
1378 1742 1530 1780 dicendi
1551 1756 1629 1780 non
1649 1742 1856 1780 mediocris

447 1811 495 1848 ab
525 1809 737 1847 oratoribus
758 1808 947 1861 plerisque
967 1808 1137 1861 neglecta
1155 1809 1222 1847 est.
1265 1810 1372 1848 Nam
1393 1809 1439 1847 de
1461 1809 1552 1847 sono
1571 1808 1690 1854 vocis,
1712 1818 1750 1847 et
1769 1808 1855 1846 sua-

447 1880 564 1917 vitate
580 1879 894 1932 appellandarum
914 1879 1125 1924 literarum,
1157 1880 1342 1931 quoniam
1363 1880 1491 1918 filium
1512 1879 1738 1932 cognovisti,
1774 1879 1855 1917 noli

447 1939 644 1997 expectare
664 1945 758 1997 quid
779 1945 918 1983 dicam.
952 1946 1189 1997 Qanquam
1208 1945 1311 1983 filius
1332 1945 1492 1998 quidem
1512 1959 1589 1983 non
1610 1943 1686 1982 fuit
1706 1945 1746 1982 in
1767 1958 1853 1982 ora-

447 2021 577 2050 torum
598 2026 772 2057 numero,
794 2011 857 2050 secl
876 2025 955 2050 non
975 2011 1101 2050 deerat
1121 2012 1155 2049 ei
1173 2021 1301 2050 tamen
1318 2012 1358 2049 in
1379 2012 1563 2050 sententia
1582 2010 1744 2048 dicenda
1759 2024 1852 2049 cum

445 2079 662 2130 prudentia,
695 2087 780 2116 tum
810 2078 959 2130 elegans
990 2078 1187 2130 quoddam
1220 2087 1258 2115 et
1289 2078 1485 2116 eruditum
1512 2077 1694 2115 orationis
1714 2090 1851 2129 genus.

447 2144 534 2182 Nec
553 2143 706 2181 habitus
727 2144 779 2181 est
801 2153 928 2182 tamen
949 2152 1053 2196 pater
1072 2143 1150 2196 ipse
1167 2143 1328 2181 Catulus
1345 2143 1522 2196 princeps
1539 2143 1579 2181 in
1596 2155 1761 2181 numero
1781 2156 1850 2195 pa-

448 2218 649 2247 tronorum
665 2227 676 2253 5
699 2209 759 2246 sed
775 2218 852 2246 erat
869 2209 968 2253 talis,
988 2218 1045 2253 ut,
1065 2222 1157 2246 cum
1175 2208 1359 2261 quosdam
1375 2209 1537 2254 audires,
1560 2208 1627 2261 qui
1646 2217 1731 2246 tum
1747 2217 1853 2247 erant

447 2275 677 2329 praestantes,
700 2275 890 2312 videretur
910 2275 980 2313 effe
1000 2273 1158 2312 inferior
1170 2293 1182 2319 ;
1205 2289 1297 2313 cum
1318 2284 1447 2313 autem
1466 2275 1592 2328 ipsum
1613 2275 1759 2312 audires
1776 2274 1853 2312 fine

448 2341 747 2394 comparatione,
777 2354 855 2379 non
887 2340 1005 2379 modo
1034 2350 1238 2379 contentus
1258 2340 1361 2386 effes,
1392 2341 1455 2380 sed
1473 2341 1614 2380 melius
1646 2354 1722 2379 non
1744 2354 1850 2393 quae-

449 2421 560 2446 reses.
1653 2404 1655 2407 ’

505 2472 768 2526 QMetellus
790 2474 1043 2519 Numidicus,
1065 2484 1103 2513 et
1122 2475 1203 2526 ejus
1225 2474 1371 2527 collega
1389 2474 1452 2513 M.
1476 2473 1639 2518 Silanus,
1671 2472 1849 2511 dicebant

447 2539 496 2579 de
527 2540 726 2593 republica
754 2541 859 2594 quod
891 2540 979 2580 effet
1005 2541 1082 2580 illis
1112 2541 1218 2587 viri&
1248 2550 1286 2581 et
1315 2540 1503 2581 consulari
1536 2539 1714 2592 dignitati
1747 2538 1847 2577 satis.
