2176 2912
532 204 823 245 VARIAE
910 197 1464 243 LECTIONES.

274 309 336 376 1:234
365 298 394 367 ,Ξ
416 347 473 367 rem
488 338 524 367 M
536 341 564 367 d.

356 392 397 400 —
417 387 467 406 nec
482 379 503 407 Β
519 379 542 406 L
555 378 590 406 M
602 381 624 412 θ,
639 390 656 405 ιι
670 376 740 405 nihil

374 418 394 446 6
414 418 629 456 expeditionem
643 417 664 445 B
680 417 703 445 L
717 430 734 445 κ
745 416 902 455 expeditione

356 472 397 479 —
417 458 452 485 ad
468 458 490 486 B
504 466 528 486 et
540 459 580 485 ad

353 511 396 519 —-
415 497 524 527 vocarit
538 497 573 525 M
587 499 698 525 vocavit

380 538 396 564 8
419 545 451 564 ac
466 537 487 565 B
503 538 526 565 L
542 538 576 565 M
591 550 607 565 x
620 545 644 566 et
658 548 677 565 a

357 591 400 598 —
419 576 474 604 hoc
488 577 510 605 B
524 590 541 605 ιι
555 578 607 605 hac

363 625 373 644 ι
383 625 393 644 1
419 616 552 645 omnibus
578 617 600 645 B
625 616 649 644 L
664 616 699 644 M
713 615 753 644 W
775 618 799 649 θ,
828 627 845 642 κ
869 614 980 643 omnibus

457 657 580 693 partibus

359 709 400 717 —
420 702 449 724 et
462 696 484 724 B
497 696 522 724 L
537 696 571 724 M
586 697 624 723 W
637 699 660 730 0,
673 708 690 724 κ
703 703 727 724 et
741 705 775 724 ex
789 695 902 724 omnibus

364 744 374 762 ι
383 744 397 772 3
419 735 446 763 ei
459 739 471 763 θ
484 737 514 765 d.

366 783 375 802 1
384 785 398 813 5
422 784 455 803 ac
470 775 494 803 L
509 789 525 804 x
538 782 587 805 aut

367 824 376 842 1
386 824 401 848 7
425 822 456 843 ut
469 819 480 842 θ
493 817 519 843 d.

369 855 403 882 18
425 855 485 891 ejus
499 860 510 883 Θ
524 857 552 885 d.

365 903 404 922 20
427 894 654 923 neceffitudinem
671 892 698 930 ψ
713 894 875 930 neccffi‘tatem

367 942 401 961 21
426 933 500 962 scisse
513 934 638 971 oscifflſs·

363 989 404 995 —
424 982 544 1012 negatur
557 974 584 1009 ψ
598 982 674 1012 negat

367 1023 404 1050 23
428 1013 487 1042 alto
502 1015 535 1042 M
550 1023 622 1041 mare

367 1063 404 1090 25
427 1053 499 1081 Casu
513 1067 529 1081 κ
542 1053 611 1090 Casu
622 1058 706 1080 autem

368 1092 405 1120 26
427 1094 473 1121 cui
487 1097 497 1120 θ
509 1097 533 1121 ei
638 1091 779 1120 immolari
793 1105 808 1119 κ
822 1091 948 1120 immolare

369 1142 407 1169 30
428 1131 516 1161 fecisti
531 1132 665 1171 &fecistis

369 1181 401 1209 3¹
427 1181 455 1199 es
471 1172 496 1207 ψ
510 1174 567 1209 esta
580 1187 661 1195 —
675 1171 775 1201 fecerit
789 1170 933 1208 abjecerint

371 1221 407 1249 32
429 1212 556 1241 nescierit
580 1212 607 1247 ψ
628 1213 759 1249 nescierint

477 1261 546 1280 mtne

371 1301 406 1329 33
430 1253 666 1321 dessonstrabitur
677 1296 687 1319 θ
702 1293 884 1329 demonstratur

372 1341 410 1369 34
430 1332 472 1360 vis
487 1346 503 1360 κ
517 1333 544 1361 d.
566 1335 612 1366 (in
625 1343 710 1370 marg.
719 1331 818 1367 scrib.)

374 1380 409 1409 35
432 1372 577 1409 quoddam
593 1372 627 1400 M
641 1378 738 1400 certum

297 1420 350 1451 ¹05
396 1420 412 1438 2
432 1413 521 1479 froepit
536 1414 658 1449 „incepit

373 1466 414 1472 —
465 1461 512 1479 um
528 1465 543 1479 κ
555 1463 609 1479 (um

395 1502 410 1529 3
432 1491 581 1520 commotis
597 1492 635 1519 W
649 1489 676 1526 ψ
692 1498 823 1519 commotus

373 1546 414 1552 —-
434 1531 457 1559 is
474 1531 506 1559 M
521 1532 547 1559 d.

371 1586 413 1592 —
433 1580 549 1608 propter
563 1585 578 1598 κ
586 1579 666 1609 prope

396 1620 412 1647 7
435 1610 540 1639 flumen
555 1611 714 1648 Mfiuvium

395 1659 413 1688 9
434 1650 608 1678 arceffierunt
623 1655 633 1678 θ
648 1649 804 1685 accerserunt
818 1660 835 1676 κ
847 1647 995 1684 arceffirunt

477 1690 504 1724 ψ
517 1691 682 1727 accersierunt

380 1739 416 1758 πο
437 1729 551 1757 suerunt
566 1743 581 1756 r.
591 1732 703 1769 fuerant

376 1784 418 1791 --
437 1769 473 1796 est
489 1770 509 1797 B
526 1769 550 1796 L
564 1771 591 1797 d.

378 1824 418 1830 -
439 1808 525 1836 Ratio
540 1822 556 1836 ιι
570 1808 649 1836 Ratio
663 1809 696 1845 est

383 1857 418 1876 12
439 1849 477 1876 est
491 1849 512 1876 B
529 1848 553 1876 L
566 1848 592 1877 d.

379 1903 420 1910 —
440 1889 552 1916 Tamen
568 1888 602 1916 M
616 1888 643 1915 d.

385 1937 418 1965 ¹3
442 1928 479 1956 est
493 1941 509 1955 κ
524 1929 548 1955 d.

385 1977 396 1996 1
405 1977 420 2006 ς
444 1967 548 2006 dignus
563 1966 585 1994 B
598 1967 718 2004 dignusm¹

387 2007 422 2036 16
444 2015 538 2036 autem
553 2020 569 2035 κ
583 2009 648 2034 enim

868 1211 936 1239 fitne
962 1208 989 1246 ψ

385 2057 420 2085 ¹9
441 2047 499 2075 alto
512 2051 524 2074 θ
537 2048 618 2075 altam

385 2096 418 2116 ιι
442 2085 532 2115 Navis
548 2086 680 2114 dominus
696 2090 781 2123 negat
795 2097 811 2112 x
825 2084 948 2112 Dominus
961 2092 1000 2112 no-

464 2147 468 2150 ·
479 2135 530 2165 ga!
545 2130 638 2155 navim

387 2175 422 2194 22
444 2165 615 2203 deprehensa
629 2165 665 2194 est
680 2165 714 2194 M
729 2164 880 2202 deprehensi:

387 2215 425 2244 29
446 2215 478 2233 ea
493 2219 509 2234 ιι
522 2215 548 2233 eo

311 2246 366 2275 106
409 2255 425 2274 2
445 2245 483 2273 est
498 2245 519 2273 B
536 2245 558 2272 L
574 2244 601 2272 d.

385 2301 426 2308 —
446 2284 572 2312 diffimile
588 2282 615 2317 ψ
630 2283 696 2320 quod
705 2283 819 2318 diffi'mile

409 2334 424 2362 3
447 2323 558 2352 facilius
573 2336 588 2349 x.
602 2322 783 2360 quodfacilius

407 2374 428 2401 4
448 2363 530 2391 vitari
545 2363 568 2390 L
583 2362 621 2388 W
636 2366 647 2389 6
661 2363 775 2391 devitari
791 2362 824 2391 M
837 2363 927 2390 vitari
941 2359 1010 2397 (vel

483 2401 621 2438 evitaris
636 2401 670 2438 Ι.)

1122 294 1143 322 1.

1032 315 1088 363 u'afi
1132 343 1146 372 5
1170 334 1314 372 provideri
1328 349 1344 363 κ
1353 335 1492 373 providere
1506 333 1534 370 ψ
1542 334 1690 372 previdere*

1109 388 1149 397 -
1170 374 1557 412 nifiBLMWO,xnefic

1131 423 1148 451 7
1171 413 1331 444 fatuitatem
1344 418 1531 453 efirtuitatem

1130 463 1149 490 9
1171 453 1260 492 Siqua
1273 453 1301 490 ψ
1315 456 1422 493 Siquam

1115 502 1151 522 ιο
1172 493 1396 530 implicationem
1411 509 1428 523 z
1441 493 1660 532 amplficationcm

1116 542 1152 568 ¹4
1172 532 1227 561 hoc
1239 546 1257 560 κ
1271 535 1299 563 d.
1322 538 1368 569 (in
1382 533 1573 571 marg.firib.)

1114 582 1125 602 ι
1134 572 1152 600 6
1172 570 1318 611 opdrtebit
1331 574 1353 602 B
1367 573 1452 602 licebit
1466 572 1603 611 (oportebit
1610 572 1636 606 s.
1649 570 1681 603 l.)

1117 622 1151 650 ¹7
1174 613 1356 642 contentione
1371 613 1392 641 B
1416 613 1560 642 contendere
1581 612 1615 640 M
1636 619 1733 639 conten-

1213 655 1279 681 tione
1292 652 1487 689 (contenderes.
1498 652 1533 687 Ι.)

1116 700 1150 729 23
1174 693 1396 721 commorabitur
1410 693 1442 721 M
1455 690 1633 720 immorabitur

1117 741 1155 767 24
1176 731 1344 771 adaugenda
1358 733 1393 760 M
1407 733 1525 771 augenda
1538 735 1550 759 θ
1563 732 1591 759 d.

1113 786 1154 793 ·—-
1174 771 1316 801 voluntati
1342 776 1354 800 θ
1380 773 1527 801 voluntatis
1552 770 1580 807 ψ
1602 770 1736 799 voluntati

1207 812 1270 846 fitae

1118 860 1155 889 29
1177 860 1271 880 autem
1299 853 1321 881 B
1346 853 1399 881 hiis
1424 862 1558 881 communes
1586 863 1604 879 κ
1631 851 1661 878 hi
1673 849 1738 885 fient

1217 903 1351 921 communes

1121 940 1158 969 30
1181 941 1252 960 unus
1268 933 1289 960 B
1305 933 1338 960 M
1350 932 1388 958 W
1403 934 1414 958 θ
1427 932 1454 959 d.
1476 934 1603 968 „primus

1118 986 1158 993 —
1178 971 1344 1000 confeffione
1358 971 1392 998 M
1406 971 1570 1009 confiffionem

1118 1026 1159 1033 --
1179 1018 1205 1038 et
1220 1011 1292 1040 alter
1306 1013 1326 1039 B
1340 1016 1352 1039 8
1367 1013 1394 1039 d.
1416 1011 1450 1038 M
1467 1011 1502 1038 W
1516 1018 1540 1039 et
1554 1024 1571 1038 κ
1584 1008 1651 1038 alius

1123 1060 1157 1087 32
1180 1058 1274 1079 autem
1289 1055 1311 1083 θ,
1326 1064 1342 1078 κ
1356 1051 1383 1078 d.

1118 1105 1158 1111 —
1180 1091 1343 1127 conquestio
1359 1091 1379 1118 B
1396 1090 1419 1117 L
1433 1089 1469 1117 M
1483 1090 1522 1116 W
1535 1093 1558 1123 θ,
1575 1103 1592 1117 ,ι
1606 1089 1740 1127 conquestio

1219 1132 1252 1167 est

1043 1179 1098 1207 ¹07
1144 1178 1154 1197 ι
1179 1169 1354 1198 confiderent
1368 1169 1401 1197 M
1415 1170 1443 1198 d.
1463 1173 1474 1197 θ
1488 1170 1642 1207 corfiderane

1141 1219 1157 1245 7
1180 1217 1208 1238 et
1222 1209 1244 1236 Β
1259 1211 1287 1238 d.

1121 1264 1162 1270 —
1182 1249 1311 1287 quaedam
1328 1267 1340 1272 -
1356 1267 1368 1273 -
1384 1267 1394 1272 -
1409 1249 1549 1277 assumunt
1563 1248 1583 1276 B
1596 1250 1622 1276 d.

1126 1298 1163 1326 ¹4
1182 1289 1433 1318 confiderationem
1445 1289 1623 1317 intendemus
1633 1288 1654 1315 B
1666 1288 1744 1315 aciem

1220 1330 1344 1358 teudemus

1126 1378 1163 1398 20
1183 1377 1216 1396 eo
1229 1369 1253 1397 L
1267 1370 1306 1396 W
1319 1373 1342 1403 θ,
1355 1382 1371 1397 κ
1385 1371 1434 1404 (in
1447 1369 1544 1407 marg.)
1569 1379 1595 1397 eo
1614 1376 1642 1396 ut
1656 1369 1745 1405 depre-

1226 1419 1290 1437 (ΒΓΙῙ

1124 1463 1164 1470 -
1182 1448 1355 1477 constitueris
1378 1447 1405 1484 ψ
1428 1449 1583 1486 constitueris
1608 1455 1636 1476 ut
1658 1447 1745 1484 depre-

1225 1499 1290 1518 ΠΥΙῙ

1129 1536 1160 1556 21
1187 1527 1240 1556 fint
1254 1542 1271 1556 ιι
1284 1529 1313 1557 d.

1128 1577 1164 1595 zz
1185 1567 1290 1596 dixeris
1318 1568 1340 1596 B
1364 1569 1446 1596 dicere
1470 1567 1504 1595 M
1531 1568 1611 1595 dicere
1636 1565 1749 1604 (dicerix

1130 1655 1168 1682 24
1188 1609 1289 1675 hziguit
1304 1647 1338 1675 M
1352 1646 1474 1675 babuerit

1130 1686 1167 1714 26
1190 1693 1281 1714 tamen
1297 1687 1318 1714 Β
1333 1695 1393 1714 tunc
1406 1686 1430 1713 L
1443 1687 1474 1714 M
1488 1686 1526 1712 W
1536 1689 1558 1717 θ,
1573 1697 1600 1717 κ,
1615 1683 1642 1719 ψ
1655 1692 1710 1712 tam

1127 1740 1168 1748 —
1189 1725 1410 1758 mansuetudine,
1432 1725 1552 1763 dignum
1572 1725 1611 1751 W
1633 1722 1660 1759 ψ
1673 1735 1747 1752 man-

1221 1766 1359 1803 ficetudae'ne
1371 1777 1445 1803 quam
1460 1767 1563 1803 dignum
1583 1768 1605 1797 θ,
1623 1777 1639 1792 κ,
1652 1763 1749 1801 confice·

1230 1807 1327 1837 tudine,
1348 1816 1426 1844 quam
1440 1806 1543 1843 dignum

1134 1854 1170 1882 29
1191 1844 1294 1873 ducere
1309 1845 1330 1872 B
1341 1846 1476 1883 perducere
1490 1845 1515 1873 L
1529 1843 1556 1879 ψ
1569 1845 1688 1873 deducere

1134 1894 1166 1922 3¹
1192 1895 1255 1922 pars
1270 1885 1292 1912 B
1306 1893 1372 1922 pars
1386 1885 1442 1913 haec

1058 1926 1111 1954 ιο8
1158 1933 1167 1951 ι
1192 1924 1299 1953 dietum
1315 1929 1337 1958 o,
1352 1937 1368 1952 κ
1383 1925 1484 1952 dunum

1133 1978 1172 1985 —
1195 1964 1224 1992 in
1239 1964 1293 1992 hoe
1308 1965 1342 1992 M
1358 1977 1374 1991 κ
1389 1966 1415 1991 d.

1155 2013 1168 2041 5
1192 2003 1382 2041 ignosceretur
1396 2007 1407 2029 ι’
1422 2000 1605 2040 cognfficretur

1139 2054 1148 2072 ι
1158 2053 1173 2072 2
1196 2043 1287 2071 feciffe
1301 2043 1469 2082 Lfeciffist·

1134 2099 1174 2106 —-
1196 2082 1241 2111 sed
1254 2087 1266 2110 θ
1274 2085 1300 2118 fi

1138 2132 1174 2160 ¹4
1195 2130 1312 2160 peccato
1335 2123 1370 2151 M
1390 2129 1491 2159 peccalo
1519 2119 1611 2158 (pallo
1626 2120 1655 2156 ſs
1681 2119 1713 2156 1.)
1739 2134 1756 2149 n

1252 2166 1308 2191 αέῖο

1141 2213 1149 2230 1
1159 2212 1172 2241 5
1196 2170 1358 2240 iggoverint
1379 2205 1392 2230 θ
1405 2201 1461 2240 fibi
1474 2203 1601 2230 nocuerint
1619 2214 1636 2229 ιι
1649 2201 1756 2238 ignosce-

1235 2250 1290 2270 rent

1141 2282 1175 2311 16
1196 2281 1361 2310 abfuturum
1375 2281 1409 2309 M
1423 2289 1524 2309 cautum
1536 2282 1677 2317 affuturum

1141 2332 1151 2350 1
1160 2325 1175 2350 8
1197 2321 1438 2359 consanguineum
1453 2334 1469 2348 ιι
1483 2321 1689 2358 consanguineum
1701 2319 1745 2354 effi

1137 2376 1178 2386 —
1199 2369 1247 2390 aut
1257 2361 1318 2397 jam
1331 2365 1354 2393 θ,
1368 2375 1384 2389 κ
1407 2363 1434 2389 d.
1452 2373 1533 2382 ——
1547 2359 1575 2387 in
1591 2357 1689 2397 primis
1703 2361 1726 2392 θ,
1740 2369 1758 2385 ι

1238 2409 1284 2430 aar
1298 2403 1389 2439 primis

1320 2439 1488 2468 Ddddz
