2176 2912
377 189 452 229 208
705 189 820 228 DE
908 191 1452 231 ORATORE

431 284 522 321 Hoc
554 282 653 327 loco,
690 296 737 321 ne
771 297 845 336 qua
876 284 920 322 fit
950 284 1165 330 admiratio,
1197 286 1223 323 fi
1252 294 1323 331 tot,
1355 294 1625 339 tantarumque
1645 300 1773 327 rerum

377 348 482 385 nulla
501 362 521 385 a
541 362 603 386 me
623 358 810 401 praecepta
829 358 1032 401 ponentur,
1064 351 1114 388 fic
1144 351 1277 396 statuo,
1310 353 1367 389 Ut
1382 352 1422 389 in
1449 354 1593 390 caeteris
1612 353 1772 399 artibus,

374 428 467 452 cum
490 414 624 453 tradita
644 414 730 453 sunt
748 416 931 468 cujusque
961 417 1050 454 artis
1070 417 1315 462 difficillima,
1343 418 1502 471 reliqua,
1521 420 1611 471 quia
1630 428 1694 457 aut
1714 419 1772 457 fa-

376 480 520 525 ciliora,
544 490 607 518 aut
628 481 764 519 similia
783 481 868 526 fint,
897 482 992 519 tradi
1013 496 1090 520 non
1111 483 1252 522 neceffe
1272 482 1341 520 effe
1359 498 1368 522 t
1401 493 1444 522 ut
1464 485 1503 522 in
1524 485 1683 537 pictura,
1706 485 1774 537 qui

374 544 549 585 hominis
583 546 747 599 speciem
782 548 938 599 pingere
972 548 1231 600 perdidicerit,
1266 548 1366 600 posse
1396 563 1486 588 eum
1518 550 1682 602 cujusvis
1714 550 1774 588 vel

376 610 525 657 formae,
556 613 614 650 vel
646 613 779 657 aetatis,
810 613 955 650 etiamfi
986 626 1065 650 non
1100 613 1290 658 didicerit,
1322 615 1505 666 pingere,
1550 629 1674 667 neque
1704 615 1776 653 effe

376 678 609 730 periculum,
641 678 709 730 qui
730 678 882 716 leonem
903 687 967 715 aut
989 687 1141 715 taurum
1163 679 1297 730 pingat
1327 680 1490 731 egregie,
1523 693 1571 717 ne
1599 681 1704 718 idem
1734 681 1775 718 in

374 753 414 776 m
422 739 510 776 ultis
524 739 606 776 aliis
623 738 934 790 quadrupedibus
950 737 1070 776 facere
1087 752 1164 776 non
1184 739 1318 791 poffit:
1341 740 1483 793 (neque
1498 741 1604 779 enim
1620 741 1671 779 est
1686 755 1774 779 om-

376 805 468 841 nino
486 818 541 841 ars
563 805 653 848 ulla,
675 805 715 842 in
735 818 810 856 qua
827 805 971 850 omnia,
993 819 1077 857 quae
1096 805 1162 842 illa
1191 814 1268 843 arte
1285 806 1385 844 effici
1405 806 1572 859 poffunt,
1595 820 1615 844 a
1640 806 1775 846 docto-

375 883 413 906 re
444 869 637 907 tradantur
651 888 663 914 ς
695 869 758 907 sed
777 870 845 922 qui
865 870 1080 922 primarum
1110 879 1148 908 et
1175 880 1364 909 certarum
1397 883 1524 909 rerum
1545 885 1681 924 genera
1700 872 1776 925 ipsa

375 935 606 980 didicerunt,
639 935 784 988 reliqua
814 950 892 974 non
924 936 1174 974 incommode
1193 937 1487 989 persequuntur)
1511 938 1685 976 fimiliter
1714 952 1774 976 ar-

376 1002 512 1046 bitror,
533 1002 573 1039 in
592 1000 663 1039 hac
691 1001 764 1040 five
794 1002 952 1047 ratione,
984 1002 1056 1041 five
1083 1003 1353 1041 exercitatione
1372 1004 1540 1048 dicendi,
1577 1004 1645 1056 qui
1665 1004 1776 1043 illam

375 1067 457 1105 vim
489 1067 648 1119 adeptus
670 1067 728 1112 fit,
765 1078 808 1105 ut
837 1081 972 1108 eorum
1004 1078 1167 1113 mentes,
1199 1070 1267 1121 qui
1297 1078 1363 1108 aut
1395 1069 1440 1107 de
1472 1070 1681 1122 republica,
1712 1079 1776 1108 aut

375 1133 421 1170 de
453 1133 566 1185 ipsius
588 1134 715 1177 rebus,
747 1142 812 1171 aut
845 1134 891 1172 de
923 1135 983 1179 iis,
1014 1144 1146 1173 contra
1166 1148 1277 1186 quos,
1308 1142 1372 1172 aut
1391 1148 1460 1187 pro
1484 1135 1627 1186 quibus
1658 1134 1774 1179 dicat,

374 1212 467 1237 cum
488 1199 615 1251 aliqua
634 1199 821 1237 statuendi
841 1200 1023 1252 potestate
1043 1199 1212 1244 audiant,
1243 1200 1289 1238 ad
1320 1200 1433 1238 suum
1462 1200 1667 1238 arbitrium
1686 1214 1775 1239 mo-

374 1278 460 1302 vere
482 1264 605 1316 possit,
642 1263 748 1302 hunc
776 1265 823 1302 de
843 1274 925 1303 toto
945 1265 1014 1303 illo
1034 1279 1169 1318 genere
1191 1266 1427 1318 reliquarum
1458 1267 1678 1306 orationum
1698 1280 1776 1305 non

374 1331 460 1383 plus
493 1330 741 1382 quaefiturum
772 1330 844 1368 effe
864 1331 957 1383 quid
978 1331 1092 1376 dicat,
1115 1345 1233 1384 quam
1259 1332 1501 1383 Polycletum
1522 1332 1651 1376 illum,
1683 1345 1775 1370 cum

374 1397 589 1435 Herculem
603 1396 783 1449 fingebat,
803 1398 1135 1449 quemadmodum
1155 1399 1313 1451 pellem,
1335 1408 1400 1436 aut
1419 1398 1582 1451 hydram
1601 1398 1774 1451 fingeret,

374 1463 519 1501 etiamsi
540 1461 621 1500 haec
643 1476 843 1514 nunquam
864 1463 1063 1516 separatim
1084 1463 1205 1502 facere
1225 1464 1425 1516 didicisset.

431 1529 564 1566 XVII.
597 1529 707 1566 Tum
729 1528 917 1572 Catulu83
943 1529 1118 1581 praeclare
1139 1529 1238 1567 mihi
1259 1531 1411 1575 videris,
1433 1531 1595 1575 Antoni,
1619 1531 1776 1584 posuiffe

375 1604 461 1632 ante
481 1594 627 1638 oculos,
649 1593 744 1645 quid
761 1593 901 1630 discere
921 1603 1111 1646 oporteret
1131 1609 1236 1640 eum,
1258 1596 1325 1647 qui
1341 1606 1465 1634 orator
1485 1596 1573 1634 effet
1593 1595 1746 1635 futurus
1761 1615 1773 1641 ς

375 1660 483 1712 quid,
514 1659 659 1697 etiamsi
680 1673 757 1698 non
788 1659 988 1704 didicisset,
1025 1674 1072 1698 ex
1092 1674 1150 1705 eo,
1187 1662 1292 1713 quod
1325 1662 1527 1707 didiciffet,
1559 1662 1773 1702 assumeret.

375 1725 581 1764 Deduxisti
601 1725 706 1764 enim
728 1734 855 1763 totum
876 1724 1078 1764 hominem
1099 1727 1138 1764 in
1160 1726 1236 1765 duo
1256 1727 1379 1766 solum
1399 1742 1536 1780 genera
1552 1728 1748 1766 causarum
1761 1746 1773 1773 ;

375 1801 508 1830 caetera
529 1791 823 1829 innumerabilia
842 1791 1118 1837 exercitationi,
1140 1801 1178 1830 et
1198 1792 1441 1830 similitudini
1462 1794 1660 1845 reliquisti.
1704 1795 1776 1832 Sed

376 1858 518 1901 videto,
541 1870 587 1894 ne
609 1858 647 1894 in
668 1856 745 1894 istis
767 1857 917 1895 duobus
938 1859 1139 1910 generibus
1160 1857 1279 1910 hydra
1300 1859 1372 1897 tibi
1391 1860 1436 1897 fit
1451 1869 1487 1898 et
1503 1860 1638 1912 pellis;
1668 1861 1774 1899 Her-

376 1923 479 1961 cules
501 1931 644 1966 autem,
675 1931 713 1960 et
743 1922 815 1960 alia
833 1936 945 1975 opera
976 1924 1130 1976 majora,
1164 1938 1211 1962 ne
1232 1925 1271 1962 in
1293 1924 1370 1962 illis
1398 1926 1523 1970 rebus,
1555 1939 1647 1977 quas
1677 1939 1774 1978 prae-

374 1990 572 2034 termittis,
595 1988 873 2041 relinquantur.
914 1990 1009 2028 Non
1030 1990 1134 2028 enim
1152 1990 1251 2028 mihi
1272 1992 1400 2028 minus
1421 1992 1544 2044 operis
1560 1992 1711 2029 videtur
1729 1992 1776 2030 de

376 2056 556 2095 universis
578 2055 780 2107 generibus
802 2069 942 2101 rerum,
974 2070 1091 2108 quam
1112 2056 1157 2093 de
1178 2057 1416 2109 fingulorum
1437 2057 1567 2102 caufis,
1604 2071 1645 2095 ac
1667 2058 1773 2096 mul-

375 2130 418 2159 to
438 2122 554 2159 etiam
589 2122 710 2173 majus
733 2121 778 2159 de
799 2131 930 2161 natura
950 2123 1125 2167 deorum,
1153 2136 1269 2175 quam
1301 2123 1347 2161 de
1380 2122 1588 2162 hominum
1623 2124 1773 2169 litibus,

376 2187 514 2225 dicere.

432 2255 526 2293 Non
548 2254 599 2291 est
621 2255 683 2299 ita,
720 2256 847 2307 inquit
868 2256 1076 2294 Antonius.
1110 2257 1251 2295 Dicam
1273 2257 1377 2295 enim
1399 2257 1485 2301 tibi,
1509 2257 1660 2302 Catule,
1697 2271 1773 2296 non

376 2329 456 2358 tam
478 2321 625 2364 doctus,
648 2334 764 2371 quam
788 2321 844 2372 (id
864 2322 968 2374 quod
988 2322 1040 2359 est
1060 2324 1200 2375 majus)
1223 2332 1412 2375 expertus.
1447 2324 1642 2361 Omnium
1659 2332 1773 2361 caete-

377 2399 504 2423 rarum
537 2399 664 2423 rerum
695 2387 828 2431 oratio,
857 2386 1101 2433 mihicrede,
1133 2388 1245 2425 ludus
1274 2388 1325 2426 est
1356 2387 1508 2426 homini
1529 2402 1605 2427 non
1627 2387 1771 2434 hebeti,

378 2465 501 2503 neque
523 2452 784 2497 inexercitato,
822 2467 944 2505 neque
970 2454 1242 2492 communium
1274 2455 1483 2499 literarum,
1513 2464 1549 2492 et
1583 2454 1772 2507 politioris

376 2516 627 2556 humanitatis
659 2519 818 2572 experti.
879 2520 925 2558 In
945 2520 1140 2559 causarum
1161 2521 1472 2560 contentionibus
1500 2534 1687 2573 magnum
1721 2519 1773 2558 est
