<?xml version="1.0" encoding="UTF-8"?>
<!DOCTYPE html PUBLIC "-//W3C//DTD XHTML 1.0 Transitional//EN"
    "http://www.w3.org/TR/xhtml1/DTD/xhtml1-transitional.dtd">
<html xmlns="http://www.w3.org/1999/xhtml" xml:lang="en" lang="en">
 <head>
  <title>
</title>
<meta http-equiv="Content-Type" content="text/html;charset=utf-8" />
  <meta name='ocr-system' content='tesseract 3.04.00' />
  <meta name='ocr-capabilities' content='ocr_page ocr_carea ocr_par ocr_line ocrx_word'/>
</head>
<body>
  <div class='ocr_page' id='page_1' title='image "./operacumindicibu01ciceuoft_0066.png"; bbox 0 0 2176 2912; ppageno 0'>
   <div class='ocr_carea' id='block_1_1' title="bbox 435 246 1587 302">
    <p class='ocr_par' dir='ltr' id='par_1_1' title="bbox 435 246 1587 302">
     <span class='ocr_line' id='line_1_1' title="bbox 435 246 1587 302; baseline -0.001 -16"><span class='ocrx_word' id='word_1_1' title='bbox 435 249 485 302; x_wconf 78' lang='lat'>56</span> <span class='ocrx_word' id='word_1_2' title='bbox 685 246 1587 286; x_wconf 90' lang='lat' dir='ltr'>DEINVENTIONE</span> 
     </span>
    </p>
   </div>
   <div class='ocr_carea' id='block_1_2' title="bbox 430 339 1896 2635">
    <p class='ocr_par' dir='ltr' id='par_1_2' title="bbox 432 339 1834 706">
     <span class='ocr_line' id='line_1_2' title="bbox 432 339 1830 393; baseline 0 -14"><span class='ocrx_word' id='word_1_3' title='bbox 432 341 578 393; x_wconf 83' lang='lat' dir='ltr'>indiget</span> <span class='ocrx_word' id='word_1_4' title='bbox 603 339 884 393; x_wconf 87' lang='lat' dir='ltr'>approbatione.</span> <span class='ocrx_word' id='word_1_5' title='bbox 924 340 1030 379; x_wconf 89' lang='lat' dir='ltr'>Nam</span> <span class='ocrx_word' id='word_1_6' title='bbox 1051 339 1120 377; x_wconf 89' lang='lat' dir='ltr'>esse</span> <span class='ocrx_word' id='word_1_7' title='bbox 1135 340 1294 392; x_wconf 88' lang='lat' dir='ltr'>quidem</span> <span class='ocrx_word' id='word_1_8' title='bbox 1315 339 1520 392; x_wconf 87' lang='lat' dir='ltr'>quandam,</span> <span class='ocrx_word' id='word_1_9' title='bbox 1550 353 1634 392; x_wconf 85' lang='lat' dir='ltr'>quae</span> <span class='ocrx_word' id='word_1_10' title='bbox 1650 339 1830 393; x_wconf 85' lang='lat' dir='ltr'>indigeat,</span> 
     </span>
     <span class='ocr_line' id='line_1_3' title="bbox 433 404 1833 458; baseline 0 -14"><span class='ocrx_word' id='word_1_11' title='bbox 433 406 527 458; x_wconf 90' lang='lat' dir='ltr'>quid</span> <span class='ocrx_word' id='word_1_12' title='bbox 548 406 682 444; x_wconf 85' lang='lat' dir='ltr'>attinet</span> <span class='ocrx_word' id='word_1_13' title='bbox 701 405 903 450; x_wconf 89' lang='lat' dir='ltr'>ostendere,</span> <span class='ocrx_word' id='word_1_14' title='bbox 937 405 1041 457; x_wconf 89' lang='lat' dir='ltr'>quod</span> <span class='ocrx_word' id='word_1_15' title='bbox 1060 405 1181 443; x_wconf 89' lang='lat' dir='ltr'>cuivis</span> <span class='ocrx_word' id='word_1_16' title='bbox 1201 404 1314 443; x_wconf 85' lang='lat' dir='ltr'>facile</span> <span class='ocrx_word' id='word_1_17' title='bbox 1333 406 1576 458; x_wconf 90' lang='lat' dir='ltr'>perspicuum</span> <span class='ocrx_word' id='word_1_18' title='bbox 1592 405 1670 443; x_wconf 87' lang='lat' dir='ltr'>est?</span> <span class='ocrx_word' id='word_1_19' title='bbox 1715 406 1833 457; x_wconf 81' lang='lat' dir='ltr'>Qod</span> 
     </span>
     <span class='ocr_line' id='line_1_4' title="bbox 435 470 1831 524; baseline -0.001 -13"><span class='ocrx_word' id='word_1_20' title='bbox 435 472 458 511; x_wconf 91' lang='lat' dir='ltr'>fi</span> <span class='ocrx_word' id='word_1_21' title='bbox 481 473 533 510; x_wconf 91' lang='lat' dir='ltr'>ita</span> <span class='ocrx_word' id='word_1_22' title='bbox 560 472 624 516; x_wconf 88' lang='lat' dir='ltr'>est,</span> <span class='ocrx_word' id='word_1_23' title='bbox 656 485 701 509; x_wconf 84' lang='lat' dir='ltr'>ex</span> <span class='ocrx_word' id='word_1_24' title='bbox 721 470 795 510; x_wconf 88' lang='lat' dir='ltr'>hoc</span> <span class='ocrx_word' id='word_1_25' title='bbox 814 481 851 509; x_wconf 90' lang='lat' dir='ltr'>et</span> <span class='ocrx_word' id='word_1_26' title='bbox 869 485 915 510; x_wconf 82' lang='lat' dir='ltr'>ex</span> <span class='ocrx_word' id='word_1_27' title='bbox 935 485 992 516; x_wconf 89' lang='lat' dir='ltr'>eo,</span> <span class='ocrx_word' id='word_1_28' title='bbox 1025 472 1129 523; x_wconf 91' lang='lat' dir='ltr'>quod</span> <span class='ocrx_word' id='word_1_29' title='bbox 1152 472 1478 524; x_wconf 85' lang='lat' dir='ltr'>proposueramus,</span> <span class='ocrx_word' id='word_1_30' title='bbox 1510 471 1584 510; x_wconf 93' lang='lat' dir='ltr'>hoc</span> <span class='ocrx_word' id='word_1_31' title='bbox 1615 471 1831 516; x_wconf 89' lang='lat' dir='ltr'>conficitur,</span> 
     </span>
     <span class='ocr_line' id='line_1_5' title="bbox 433 537 1834 591; baseline 0 -15"><span class='ocrx_word' id='word_1_32' title='bbox 433 538 643 590; x_wconf 85' lang='lat' dir='ltr'>separatum</span> <span class='ocrx_word' id='word_1_33' title='bbox 663 537 732 575; x_wconf 90' lang='lat' dir='ltr'>esse</span> <span class='ocrx_word' id='word_1_34' title='bbox 752 537 936 589; x_wconf 86' lang='lat' dir='ltr'>quiddam</span> <span class='ocrx_word' id='word_1_35' title='bbox 957 551 976 575; x_wconf 93' lang='lat' dir='ltr'>a</span> <span class='ocrx_word' id='word_1_36' title='bbox 996 537 1250 590; x_wconf 77' lang='lat' dir='ltr'>propositione</span> <span class='ocrx_word' id='word_1_37' title='bbox 1266 538 1593 591; x_wconf 87' lang='lat' dir='ltr'>approbationem.</span> <span class='ocrx_word' id='word_1_38' title='bbox 1646 538 1685 576; x_wconf 90' lang='lat' dir='ltr'>Si</span> <span class='ocrx_word' id='word_1_39' title='bbox 1705 547 1834 576; x_wconf 88' lang='lat' dir='ltr'>autem</span> 
     </span>
     <span class='ocr_line' id='line_1_6' title="bbox 434 602 1829 657; baseline 0 -15"><span class='ocrx_word' id='word_1_40' title='bbox 434 605 485 642; x_wconf 85' lang='lat' dir='ltr'>ita</span> <span class='ocrx_word' id='word_1_41' title='bbox 504 603 569 648; x_wconf 91' lang='lat' dir='ltr'>est,</span> <span class='ocrx_word' id='word_1_42' title='bbox 601 602 738 641; x_wconf 78' lang='lat' dir='ltr'>falsum</span> <span class='ocrx_word' id='word_1_43' title='bbox 759 603 823 648; x_wconf 86' lang='lat' dir='ltr'>est,</span> <span class='ocrx_word' id='word_1_44' title='bbox 846 617 923 642; x_wconf 90' lang='lat' dir='ltr'>non</span> <span class='ocrx_word' id='word_1_45' title='bbox 943 603 1012 642; x_wconf 89' lang='lat' dir='ltr'>esse</span> <span class='ocrx_word' id='word_1_46' title='bbox 1032 604 1117 656; x_wconf 89' lang='lat' dir='ltr'>plus</span> <span class='ocrx_word' id='word_1_47' title='bbox 1139 617 1256 655; x_wconf 91' lang='lat' dir='ltr'>quam</span> <span class='ocrx_word' id='word_1_48' title='bbox 1276 605 1506 657; x_wconf 86' lang='lat' dir='ltr'>tripartitam</span> <span class='ocrx_word' id='word_1_49' title='bbox 1526 605 1829 657; x_wconf 81' lang='lat' dir='ltr'>argumentatio-</span> 
     </span>
     <span class='ocr_line' id='line_1_7' title="bbox 434 683 536 706; baseline 0 0"><span class='ocrx_word' id='word_1_50' title='bbox 434 683 536 706; x_wconf 87' lang='lat' dir='ltr'>nem.</span> 
     </span>
    </p>

    <p class='ocr_par' dir='ltr' id='par_1_3' title="bbox 431 733 1836 1314">
     <span class='ocr_line' id='line_1_8' title="bbox 488 733 1832 788; baseline 0.001 -16"><span class='ocrx_word' id='word_1_51' title='bbox 488 734 614 772; x_wconf 85' lang='lat' dir='ltr'>Simili</span> <span class='ocrx_word' id='word_1_52' title='bbox 636 734 752 772; x_wconf 92' lang='lat' dir='ltr'>modo</span> <span class='ocrx_word' id='word_1_53' title='bbox 783 734 904 786; x_wconf 88' lang='lat' dir='ltr'>liquet</span> <span class='ocrx_word' id='word_1_54' title='bbox 934 733 1089 772; x_wconf 88' lang='lat' dir='ltr'>alteram</span> <span class='ocrx_word' id='word_1_55' title='bbox 1110 747 1266 786; x_wconf 91' lang='lat' dir='ltr'>quoque</span> <span class='ocrx_word' id='word_1_56' title='bbox 1292 735 1607 787; x_wconf 86' lang='lat' dir='ltr'>approbationem</span> <span class='ocrx_word' id='word_1_57' title='bbox 1626 734 1832 788; x_wconf 88' lang='lat' dir='ltr'>separatam</span> 
     </span>
     <span class='ocr_line' id='line_1_9' title="bbox 432 799 1833 852; baseline 0.001 -14"><span class='ocrx_word' id='word_1_58' title='bbox 432 800 501 838; x_wconf 89' lang='lat' dir='ltr'>esse</span> <span class='ocrx_word' id='word_1_59' title='bbox 521 801 567 838; x_wconf 92' lang='lat' dir='ltr'>ab</span> <span class='ocrx_word' id='word_1_60' title='bbox 588 799 851 852; x_wconf 75' lang='lat' dir='ltr'>assumptione.</span> <span class='ocrx_word' id='word_1_61' title='bbox 896 800 1003 838; x_wconf 88' lang='lat' dir='ltr'>Nam</span> <span class='ocrx_word' id='word_1_62' title='bbox 1023 799 1049 838; x_wconf 91' lang='lat' dir='ltr'><strong>fi</strong></span> <span class='ocrx_word' id='word_1_63' title='bbox 1071 799 1235 852; x_wconf 88' lang='lat' dir='ltr'>quadam</span> <span class='ocrx_word' id='word_1_64' title='bbox 1256 801 1296 838; x_wconf 93' lang='lat' dir='ltr'>in</span> <span class='ocrx_word' id='word_1_65' title='bbox 1327 800 1655 852; x_wconf 86' lang='lat' dir='ltr'>argumentatione</span> <span class='ocrx_word' id='word_1_66' title='bbox 1675 801 1760 839; x_wconf 86' lang='lat' dir='ltr'>satis</span> <span class='ocrx_word' id='word_1_67' title='bbox 1780 801 1833 839; x_wconf 91' lang='lat' dir='ltr'>est</span> 
     </span>
     <span class='ocr_line' id='line_1_10' title="bbox 434 866 1832 919; baseline 0.001 -15"><span class='ocrx_word' id='word_1_68' title='bbox 434 867 490 904; x_wconf 90' lang='lat' dir='ltr'>uti</span> <span class='ocrx_word' id='word_1_69' title='bbox 511 866 775 918; x_wconf 73' lang='lat' dir='ltr'>assumptione,</span> <span class='ocrx_word' id='word_1_70' title='bbox 806 876 843 904; x_wconf 90' lang='lat' dir='ltr'>et</span> <span class='ocrx_word' id='word_1_71' title='bbox 864 879 940 904; x_wconf 92' lang='lat' dir='ltr'>non</span> <span class='ocrx_word' id='word_1_72' title='bbox 959 875 1109 919; x_wconf 88' lang='lat' dir='ltr'>oportet</span> <span class='ocrx_word' id='word_1_73' title='bbox 1128 866 1332 918; x_wconf 87' lang='lat' dir='ltr'>adjungere</span> <span class='ocrx_word' id='word_1_74' title='bbox 1359 866 1673 918; x_wconf 87' lang='lat' dir='ltr'>approbationem</span> <span class='ocrx_word' id='word_1_75' title='bbox 1691 866 1832 905; x_wconf 90' lang='lat' dir='ltr'>assum-</span> 
     </span>
     <span class='ocr_line' id='line_1_11' title="bbox 431 931 1832 985; baseline 0.001 -16"><span class='ocrx_word' id='word_1_76' title='bbox 431 932 555 984; x_wconf 89' lang='lat' dir='ltr'>ptioni</span> <span class='ocrx_word' id='word_1_77' title='bbox 572 950 582 975; x_wconf 78' lang='lat'>3</span> <span class='ocrx_word' id='word_1_78' title='bbox 615 932 779 983; x_wconf 88' lang='lat' dir='ltr'>quadam</span> <span class='ocrx_word' id='word_1_79' title='bbox 800 941 927 969; x_wconf 88' lang='lat' dir='ltr'>autem</span> <span class='ocrx_word' id='word_1_80' title='bbox 949 932 988 969; x_wconf 89' lang='lat' dir='ltr'>in</span> <span class='ocrx_word' id='word_1_81' title='bbox 1009 933 1336 984; x_wconf 85' lang='lat' dir='ltr'>argumentatione</span> <span class='ocrx_word' id='word_1_82' title='bbox 1366 931 1521 970; x_wconf 88' lang='lat' dir='ltr'>infirma</span> <span class='ocrx_word' id='word_1_83' title='bbox 1538 931 1590 969; x_wconf 91' lang='lat' dir='ltr'>est</span> <span class='ocrx_word' id='word_1_84' title='bbox 1616 932 1832 985; x_wconf 87' lang='lat' dir='ltr'>assumptio,</span> 
     </span>
     <span class='ocr_line' id='line_1_12' title="bbox 433 998 1833 1051; baseline 0.001 -16"><span class='ocrx_word' id='word_1_85' title='bbox 433 998 500 1035; x_wconf 88' lang='lat' dir='ltr'>nisi</span> <span class='ocrx_word' id='word_1_86' title='bbox 522 998 697 1050; x_wconf 61' lang='lat' dir='ltr'>adjundta</span> <span class='ocrx_word' id='word_1_87' title='bbox 716 999 760 1036; x_wconf 90' lang='lat' dir='ltr'>fit</span> <span class='ocrx_word' id='word_1_88' title='bbox 786 998 1021 1050; x_wconf 84' lang='lat' dir='ltr'>approbatio,</span> <span class='ocrx_word' id='word_1_89' title='bbox 1052 998 1262 1051; x_wconf 87' lang='lat' dir='ltr'>separatum</span> <span class='ocrx_word' id='word_1_90' title='bbox 1281 998 1467 1050; x_wconf 89' lang='lat' dir='ltr'>quiddam</span> <span class='ocrx_word' id='word_1_91' title='bbox 1489 999 1541 1036; x_wconf 91' lang='lat' dir='ltr'>est</span> <span class='ocrx_word' id='word_1_92' title='bbox 1564 1008 1669 1036; x_wconf 84' lang='lat' dir='ltr'>extra</span> <span class='ocrx_word' id='word_1_93' title='bbox 1691 999 1833 1037; x_wconf 90' lang='lat' dir='ltr'>assum-</span> 
     </span>
     <span class='ocr_line' id='line_1_13' title="bbox 431 1064 1836 1117; baseline 0.001 -17"><span class='ocrx_word' id='word_1_94' title='bbox 431 1064 604 1116; x_wconf 87' lang='lat' dir='ltr'>ptionem</span> <span class='ocrx_word' id='word_1_95' title='bbox 624 1064 860 1117; x_wconf 87' lang='lat' dir='ltr'>approbatio.</span> <span class='ocrx_word' id='word_1_96' title='bbox 920 1064 987 1101; x_wconf 85' lang='lat' dir='ltr'>Est</span> <span class='ocrx_word' id='word_1_97' title='bbox 1012 1073 1139 1102; x_wconf 90' lang='lat' dir='ltr'>autem</span> <span class='ocrx_word' id='word_1_98' title='bbox 1160 1065 1439 1116; x_wconf 84' lang='lat' dir='ltr'>argumentatio</span> <span class='ocrx_word' id='word_1_99' title='bbox 1465 1065 1654 1116; x_wconf 88' lang='lat' dir='ltr'>quaedam,</span> <span class='ocrx_word' id='word_1_100' title='bbox 1692 1066 1732 1102; x_wconf 87' lang='lat' dir='ltr'>in</span> <span class='ocrx_word' id='word_1_101' title='bbox 1760 1078 1836 1116; x_wconf 82' lang='lat' dir='ltr'>qua</span> 
     </span>
     <span class='ocr_line' id='line_1_14' title="bbox 432 1129 1834 1183; baseline 0.001 -17"><span class='ocrx_word' id='word_1_102' title='bbox 432 1129 635 1182; x_wconf 87' lang='lat' dir='ltr'>assumptio</span> <span class='ocrx_word' id='word_1_103' title='bbox 666 1143 742 1167; x_wconf 91' lang='lat' dir='ltr'>non</span> <span class='ocrx_word' id='word_1_104' title='bbox 773 1131 919 1182; x_wconf 85' lang='lat' dir='ltr'>indiget</span> <span class='ocrx_word' id='word_1_105' title='bbox 951 1131 1233 1183; x_wconf 86' lang='lat' dir='ltr'>approbationis</span> <span class='ocrx_word' id='word_1_106' title='bbox 1250 1149 1261 1175; x_wconf 79' lang='lat'>3</span> <span class='ocrx_word' id='word_1_107' title='bbox 1300 1131 1475 1182; x_wconf 87' lang='lat' dir='ltr'>quaedam</span> <span class='ocrx_word' id='word_1_108' title='bbox 1507 1139 1650 1174; x_wconf 88' lang='lat' dir='ltr'>autem,</span> <span class='ocrx_word' id='word_1_109' title='bbox 1684 1132 1723 1168; x_wconf 92' lang='lat' dir='ltr'>in</span> <span class='ocrx_word' id='word_1_110' title='bbox 1759 1144 1834 1182; x_wconf 90' lang='lat' dir='ltr'>qua</span> 
     </span>
     <span class='ocr_line' id='line_1_15' title="bbox 432 1194 1835 1249; baseline 0.001 -17"><span class='ocrx_word' id='word_1_111' title='bbox 432 1194 530 1233; x_wconf 89' lang='lat' dir='ltr'>nihil</span> <span class='ocrx_word' id='word_1_112' title='bbox 551 1196 648 1233; x_wconf 89' lang='lat' dir='ltr'>valet</span> <span class='ocrx_word' id='word_1_113' title='bbox 669 1196 744 1233; x_wconf 88' lang='lat' dir='ltr'>fine</span> <span class='ocrx_word' id='word_1_114' title='bbox 763 1196 1045 1248; x_wconf 86' lang='lat' dir='ltr'>approbatione,</span> <span class='ocrx_word' id='word_1_115' title='bbox 1071 1206 1120 1235; x_wconf 78' lang='lat' dir='ltr'>ut</span> <span class='ocrx_word' id='word_1_116' title='bbox 1140 1196 1393 1235; x_wconf 83' lang='lat' dir='ltr'>ostendemus.</span> <span class='ocrx_word' id='word_1_117' title='bbox 1455 1198 1627 1249; x_wconf 89' lang='lat' dir='ltr'>Separata</span> <span class='ocrx_word' id='word_1_118' title='bbox 1645 1196 1697 1234; x_wconf 88' lang='lat' dir='ltr'>est</span> <span class='ocrx_word' id='word_1_119' title='bbox 1716 1197 1835 1249; x_wconf 88' lang='lat' dir='ltr'>igitur</span> 
     </span>
     <span class='ocr_line' id='line_1_16' title="bbox 433 1260 1005 1314; baseline 0.003 -16"><span class='ocrx_word' id='word_1_120' title='bbox 433 1261 480 1299; x_wconf 90' lang='lat' dir='ltr'>ab</span> <span class='ocrx_word' id='word_1_121' title='bbox 499 1260 750 1314; x_wconf 86' lang='lat' dir='ltr'>assumptione</span> <span class='ocrx_word' id='word_1_122' title='bbox 769 1262 1005 1314; x_wconf 88' lang='lat' dir='ltr'>approbatio.</span> 
     </span>
    </p>

    <p class='ocr_par' dir='ltr' id='par_1_4' title="bbox 430 1324 1896 2236">
     <span class='ocr_line' id='line_1_17' title="bbox 494 1324 1836 1379; baseline 0.001 -16"><span class='ocrx_word' id='word_1_123' title='bbox 494 1326 749 1364; x_wconf 85' lang='lat' dir='ltr'>Ostendemus</span> <span class='ocrx_word' id='word_1_124' title='bbox 767 1337 894 1364; x_wconf 89' lang='lat' dir='ltr'>autem</span> <span class='ocrx_word' id='word_1_125' title='bbox 916 1327 954 1364; x_wconf 92' lang='lat' dir='ltr'>id</span> <span class='ocrx_word' id='word_1_126' title='bbox 981 1327 1084 1379; x_wconf 89' lang='lat' dir='ltr'>quod</span> <span class='ocrx_word' id='word_1_127' title='bbox 1106 1326 1272 1378; x_wconf 87' lang='lat' dir='ltr'>polliciti</span> <span class='ocrx_word' id='word_1_128' title='bbox 1296 1325 1441 1370; x_wconf 90' lang='lat' dir='ltr'>sumus,</span> <span class='ocrx_word' id='word_1_129' title='bbox 1463 1324 1538 1364; x_wconf 92' lang='lat' dir='ltr'>hoc</span> <span class='ocrx_word' id='word_1_130' title='bbox 1559 1326 1703 1371; x_wconf 66' lang='lat' dir='ltr'>modo,</span> <span class='ocrx_word' id='word_1_131' title='bbox 1738 1327 1836 1378; x_wconf 84' lang='lat' dir='ltr'>Qae</span> 
     </span>
     <span class='ocr_line' id='line_1_18' title="bbox 430 1390 1836 1445; baseline 0.002 -17"><span class='ocrx_word' id='word_1_132' title='bbox 430 1391 666 1444; x_wconf 86' lang='lat' dir='ltr'>perspicuam</span> <span class='ocrx_word' id='word_1_133' title='bbox 687 1393 868 1430; x_wconf 86' lang='lat' dir='ltr'>omnibus</span> <span class='ocrx_word' id='word_1_134' title='bbox 890 1394 1086 1430; x_wconf 88' lang='lat' dir='ltr'>veritatem</span> <span class='ocrx_word' id='word_1_135' title='bbox 1113 1395 1285 1430; x_wconf 85' lang='lat' dir='ltr'>continet</span> <span class='ocrx_word' id='word_1_136' title='bbox 1312 1392 1530 1444; x_wconf 87' lang='lat' dir='ltr'>assumptio,</span> <span class='ocrx_word' id='word_1_137' title='bbox 1562 1390 1661 1429; x_wconf 88' lang='lat' dir='ltr'>nihil</span> <span class='ocrx_word' id='word_1_138' title='bbox 1688 1392 1836 1445; x_wconf 86' lang='lat' dir='ltr'>indiget</span> 
     </span>
     <span class='ocr_line' id='line_1_19' title="bbox 434 1457 1833 1511; baseline 0.001 -16"><span class='ocrx_word' id='word_1_139' title='bbox 434 1458 731 1509; x_wconf 84' lang='lat' dir='ltr'>approbationis.</span> <span class='ocrx_word' id='word_1_140' title='bbox 793 1459 849 1495; x_wconf 90' lang='lat' dir='ltr'>Ea</span> <span class='ocrx_word' id='word_1_141' title='bbox 869 1459 920 1496; x_wconf 89' lang='lat' dir='ltr'>est</span> <span class='ocrx_word' id='word_1_142' title='bbox 946 1457 1167 1510; x_wconf 88' lang='lat' dir='ltr'>hujusmodi</span> <span class='ocrx_word' id='word_1_143' title='bbox 1186 1477 1196 1503; x_wconf 73' lang='lat'>5</span> <span class='ocrx_word' id='word_1_144' title='bbox 1231 1460 1267 1497; x_wconf 89' lang='lat' dir='ltr'>Si</span> <span class='ocrx_word' id='word_1_145' title='bbox 1294 1467 1444 1510; x_wconf 90' lang='lat' dir='ltr'>oportet</span> <span class='ocrx_word' id='word_1_146' title='bbox 1468 1458 1606 1511; x_wconf 88' lang='lat' dir='ltr'>sapere,</span> <span class='ocrx_word' id='word_1_147' title='bbox 1637 1458 1722 1496; x_wconf 88' lang='lat' dir='ltr'>dare</span> <span class='ocrx_word' id='word_1_148' title='bbox 1740 1472 1833 1511; x_wconf 92' lang='lat' dir='ltr'>ope-</span> 
     </span>
     <span class='ocr_line' id='line_1_20' title="bbox 432 1522 1833 1576; baseline 0.001 -16"><span class='ocrx_word' id='word_1_149' title='bbox 432 1537 513 1560; x_wconf 88' lang='lat' dir='ltr'>ram</span> <span class='ocrx_word' id='word_1_150' title='bbox 534 1522 788 1575; x_wconf 85' lang='lat' dir='ltr'>Philosophiae</span> <span class='ocrx_word' id='word_1_151' title='bbox 820 1525 1010 1561; x_wconf 89' lang='lat' dir='ltr'>convenit.</span> <span class='ocrx_word' id='word_1_152' title='bbox 1062 1525 1159 1562; x_wconf 82' lang='lat' dir='ltr'>Haec</span> <span class='ocrx_word' id='word_1_153' title='bbox 1181 1524 1399 1576; x_wconf 53' lang='lat' dir='ltr'>proposit‘io&#39;</span> <span class='ocrx_word' id='word_1_154' title='bbox 1416 1524 1563 1576; x_wconf 82' lang='lat' dir='ltr'>indiget</span> <span class='ocrx_word' id='word_1_155' title='bbox 1589 1524 1833 1576; x_wconf 86' lang='lat' dir='ltr'>approbatio-</span> 
     </span>
     <span class='ocr_line' id='line_1_21' title="bbox 432 1588 1833 1642; baseline 0.001 -17"><span class='ocrx_word' id='word_1_156' title='bbox 432 1588 504 1626; x_wconf 89' lang='lat' dir='ltr'>nis.</span> <span class='ocrx_word' id='word_1_157' title='bbox 555 1588 648 1625; x_wconf 89' lang='lat' dir='ltr'>Non</span> <span class='ocrx_word' id='word_1_158' title='bbox 673 1589 778 1626; x_wconf 84' lang='lat' dir='ltr'>enim</span> <span class='ocrx_word' id='word_1_159' title='bbox 800 1589 993 1641; x_wconf 87' lang='lat' dir='ltr'>perspicua</span> <span class='ocrx_word' id='word_1_160' title='bbox 1013 1589 1076 1633; x_wconf 87' lang='lat' dir='ltr'>est,</span> <span class='ocrx_word' id='word_1_161' title='bbox 1110 1602 1231 1640; x_wconf 90' lang='lat' dir='ltr'>neque</span> <span class='ocrx_word' id='word_1_162' title='bbox 1251 1588 1393 1627; x_wconf 89' lang='lat' dir='ltr'>constat</span> <span class='ocrx_word' id='word_1_163' title='bbox 1416 1589 1515 1626; x_wconf 87' lang='lat' dir='ltr'>inter</span> <span class='ocrx_word' id='word_1_164' title='bbox 1533 1603 1681 1634; x_wconf 87' lang='lat' dir='ltr'>omnes,</span> <span class='ocrx_word' id='word_1_165' title='bbox 1714 1603 1833 1642; x_wconf 91' lang='lat' dir='ltr'>prop-</span> 
     </span>
     <span class='ocr_line' id='line_1_22' title="bbox 434 1650 1834 1715; baseline 0.002 -24"><span class='ocrx_word' id='word_1_166' title='bbox 434 1663 531 1691; x_wconf 89' lang='lat' dir='ltr'>terea</span> <span class='ocrx_word' id='word_1_167' title='bbox 564 1655 667 1706; x_wconf 91' lang='lat' dir='ltr'>quod</span> <span class='ocrx_word' id='word_1_168' title='bbox 699 1655 813 1693; x_wconf 86' lang='lat' dir='ltr'>multi</span> <span class='ocrx_word' id='word_1_169' title='bbox 846 1655 943 1693; x_wconf 89' lang='lat' dir='ltr'>nihil</span> <span class='ocrx_word' id='word_1_170' title='bbox 980 1656 1144 1708; x_wconf 84' lang='lat' dir='ltr'>prodesse</span> <span class='ocrx_word' id='word_1_171' title='bbox 1178 1650 1476 1708; x_wconf 86' lang='lat' dir='ltr'>philosophiam,</span> <span class='ocrx_word' id='word_1_172' title='bbox 1514 1656 1685 1715; x_wconf 72' lang='lat' dir='ltr'>plerique</span> <span class='ocrx_word' id='word_1_173' title='bbox 1718 1657 1834 1694; x_wconf 87' lang='lat' dir='ltr'>etiam</span> 
     </span>
     <span class='ocr_line' id='line_1_23' title="bbox 434 1719 1835 1775; baseline 0.001 -16"><span class='ocrx_word' id='word_1_174' title='bbox 434 1721 572 1765; x_wconf 87' lang='lat' dir='ltr'>obesse,</span> <span class='ocrx_word' id='word_1_175' title='bbox 590 1721 834 1760; x_wconf 87' lang='lat' dir='ltr'>arbitrantur.</span> <span class='ocrx_word' id='word_1_176' title='bbox 866 1722 1088 1775; x_wconf 79' lang='lat' dir='ltr'>Assumptio</span> <span class='ocrx_word' id='word_1_177' title='bbox 1103 1723 1298 1775; x_wconf 90' lang='lat' dir='ltr'>perspicua</span> <span class='ocrx_word' id='word_1_178' title='bbox 1311 1722 1363 1759; x_wconf 90' lang='lat' dir='ltr'>est</span> <span class='ocrx_word' id='word_1_179' title='bbox 1383 1721 1465 1759; x_wconf 85' lang='lat' dir='ltr'>haec</span> <span class='ocrx_word' id='word_1_180' title='bbox 1480 1740 1490 1766; x_wconf 90' lang='lat'>;</span> <span class='ocrx_word' id='word_1_181' title='bbox 1515 1719 1682 1774; x_wconf 77' lang='lat' dir='ltr'>O&#39;portet</span> <span class='ocrx_word' id='word_1_182' title='bbox 1704 1732 1835 1761; x_wconf 91' lang='lat' dir='ltr'>autem</span> 
     </span>
     <span class='ocr_line' id='line_1_24' title="bbox 434 1786 1836 1840; baseline 0.003 -17"><span class='ocrx_word' id='word_1_183' title='bbox 434 1786 571 1838; x_wconf 85' lang='lat' dir='ltr'>sapere.</span> <span class='ocrx_word' id='word_1_184' title='bbox 624 1788 715 1825; x_wconf 93' lang='lat' dir='ltr'>Hoc</span> <span class='ocrx_word' id='word_1_185' title='bbox 736 1797 880 1831; x_wconf 86' lang='lat' dir='ltr'>autem,</span> <span class='ocrx_word' id='word_1_186' title='bbox 913 1789 1003 1840; x_wconf 87' lang='lat' dir='ltr'>quia</span> <span class='ocrx_word' id='word_1_187' title='bbox 1024 1789 1148 1840; x_wconf 88' lang='lat' dir='ltr'>ipsum</span> <span class='ocrx_word' id='word_1_188' title='bbox 1176 1802 1221 1826; x_wconf 87' lang='lat' dir='ltr'>ex</span> <span class='ocrx_word' id='word_1_189' title='bbox 1243 1801 1281 1826; x_wconf 92' lang='lat' dir='ltr'>re</span> <span class='ocrx_word' id='word_1_190' title='bbox 1302 1787 1528 1840; x_wconf 88' lang='lat' dir='ltr'>perspicitur</span> <span class='ocrx_word' id='word_1_191' title='bbox 1548 1797 1586 1825; x_wconf 92' lang='lat' dir='ltr'>et</span> <span class='ocrx_word' id='word_1_192' title='bbox 1611 1802 1745 1826; x_wconf 89' lang='lat' dir='ltr'>verum</span> <span class='ocrx_word' id='word_1_193' title='bbox 1765 1789 1836 1827; x_wconf 86' lang='lat' dir='ltr'>esse</span> 
     </span>
     <span class='ocr_line' id='line_1_25' title="bbox 433 1853 1837 1907; baseline 0.002 -18"><span class='ocrx_word' id='word_1_194' title='bbox 433 1853 682 1905; x_wconf 82' lang='lat' dir='ltr'>intelligitur,</span> <span class='ocrx_word' id='word_1_195' title='bbox 714 1853 810 1892; x_wconf 88' lang='lat' dir='ltr'>nihil</span> <span class='ocrx_word' id='word_1_196' title='bbox 835 1855 971 1892; x_wconf 89' lang='lat' dir='ltr'>attinet</span> <span class='ocrx_word' id='word_1_197' title='bbox 1001 1855 1213 1907; x_wconf 85' lang='lat' dir='ltr'>approbari.</span> <span class='ocrx_word' id='word_1_198' title='bbox 1266 1856 1395 1905; x_wconf 85' lang='lat' dir='ltr'>Qare</span> <span class='ocrx_word' id='word_1_199' title='bbox 1422 1854 1548 1892; x_wconf 85' lang='lat' dir='ltr'>statim</span> <span class='ocrx_word' id='word_1_200' title='bbox 1569 1855 1837 1893; x_wconf 86' lang='lat' dir='ltr'>concludenda</span> 
     </span>
     <span class='ocr_line' id='line_1_26' title="bbox 434 1919 1837 1973; baseline 0.004 -18"><span class='ocrx_word' id='word_1_201' title='bbox 434 1919 486 1956; x_wconf 85' lang='lat' dir='ltr'>est</span> <span class='ocrx_word' id='word_1_202' title='bbox 507 1921 811 1971; x_wconf 68' lang='lat' dir='ltr'>argumentatio,</span> <span class='ocrx_word' id='word_1_203' title='bbox 846 1921 965 1972; x_wconf 87' lang='lat' dir='ltr'>igitur</span> <span class='ocrx_word' id='word_1_204' title='bbox 984 1920 1070 1958; x_wconf 88' lang='lat' dir='ltr'>dare</span> <span class='ocrx_word' id='word_1_205' title='bbox 1090 1933 1245 1973; x_wconf 88' lang='lat' dir='ltr'>operam</span> <span class='ocrx_word' id='word_1_206' title='bbox 1266 1919 1520 1972; x_wconf 79' lang='lat' dir='ltr'>philosophiae</span> <span class='ocrx_word' id='word_1_207' title='bbox 1540 1921 1735 1959; x_wconf 89' lang='lat' dir='ltr'>convenit.</span> <span class='ocrx_word' id='word_1_208' title='bbox 1769 1921 1837 1960; x_wconf 87' lang='lat' dir='ltr'>Est</span> 
     </span>
     <span class='ocr_line' id='line_1_27' title="bbox 438 1981 1835 2041; baseline 0.002 -20"><span class='ocrx_word' id='word_1_209' title='bbox 438 1998 528 2037; x_wconf 88' lang='lat' dir='ltr'>ergo</span> <span class='ocrx_word' id='word_1_210' title='bbox 555 1981 758 2039; x_wconf 75' lang='lat' dir='ltr'>assumptio</span> <span class='ocrx_word' id='word_1_211' title='bbox 790 1987 979 2038; x_wconf 62' lang='lat' dir='ltr'>quaedam,</span> <span class='ocrx_word' id='word_1_212' title='bbox 1011 2000 1096 2039; x_wconf 85' lang='lat' dir='ltr'>quae</span> <span class='ocrx_word' id='word_1_213' title='bbox 1122 1987 1407 2041; x_wconf 86' lang='lat' dir='ltr'>approbationis</span> <span class='ocrx_word' id='word_1_214' title='bbox 1434 2001 1510 2025; x_wconf 90' lang='lat' dir='ltr'>non</span> <span class='ocrx_word' id='word_1_215' title='bbox 1543 1987 1713 2039; x_wconf 84' lang='lat' dir='ltr'>indiget:</span> <span class='ocrx_word' id='word_1_216' title='bbox 1746 2000 1835 2025; x_wconf 88' lang='lat' dir='ltr'>nam</span> 
     </span>
     <span class='ocr_line' id='line_1_28' title="bbox 434 2052 1833 2106; baseline 0.002 -18"><span class='ocrx_word' id='word_1_217' title='bbox 434 2052 626 2102; x_wconf 81' lang='lat' dir='ltr'>quandam</span> <span class='ocrx_word' id='word_1_218' title='bbox 649 2053 818 2105; x_wconf 86' lang='lat' dir='ltr'>indigere</span> <span class='ocrx_word' id='word_1_219' title='bbox 838 2053 1083 2106; x_wconf 89' lang='lat' dir='ltr'>perspicuum</span> <span class='ocrx_word' id='word_1_220' title='bbox 1103 2053 1168 2090; x_wconf 91' lang='lat' dir='ltr'>est.</span> <span class='ocrx_word' id='word_1_221' title='bbox 1218 2056 1391 2105; x_wconf 86' lang='lat' dir='ltr'>Separata</span> <span class='ocrx_word' id='word_1_222' title='bbox 1410 2052 1462 2089; x_wconf 87' lang='lat' dir='ltr'>est</span> <span class='ocrx_word' id='word_1_223' title='bbox 1484 2054 1602 2104; x_wconf 88' lang='lat' dir='ltr'>igitur</span> <span class='ocrx_word' id='word_1_224' title='bbox 1622 2053 1669 2090; x_wconf 85' lang='lat' dir='ltr'>ab</span> <span class='ocrx_word' id='word_1_225' title='bbox 1691 2053 1833 2091; x_wconf 87' lang='lat' dir='ltr'>assum-</span> 
     </span>
     <span class='ocr_line' id='line_1_29' title="bbox 435 2117 1834 2171; baseline 0.002 -18"><span class='ocrx_word' id='word_1_226' title='bbox 435 2118 565 2168; x_wconf 88' lang='lat' dir='ltr'>ptione</span> <span class='ocrx_word' id='word_1_227' title='bbox 585 2119 822 2170; x_wconf 85' lang='lat' dir='ltr'>approbatio.</span> <span class='ocrx_word' id='word_1_228' title='bbox 868 2119 1023 2156; x_wconf 88' lang='lat' dir='ltr'>Falsum</span> <span class='ocrx_word' id='word_1_229' title='bbox 1044 2132 1133 2170; x_wconf 89' lang='lat' dir='ltr'>ergo</span> <span class='ocrx_word' id='word_1_230' title='bbox 1154 2117 1219 2162; x_wconf 92' lang='lat' dir='ltr'>est,</span> <span class='ocrx_word' id='word_1_231' title='bbox 1252 2131 1329 2155; x_wconf 91' lang='lat' dir='ltr'>non</span> <span class='ocrx_word' id='word_1_232' title='bbox 1350 2117 1419 2155; x_wconf 89' lang='lat' dir='ltr'>esse</span> <span class='ocrx_word' id='word_1_233' title='bbox 1445 2118 1533 2171; x_wconf 91' lang='lat' dir='ltr'>plus</span> <span class='ocrx_word' id='word_1_234' title='bbox 1555 2131 1670 2170; x_wconf 89' lang='lat' dir='ltr'>quam</span> <span class='ocrx_word' id='word_1_235' title='bbox 1696 2119 1834 2171; x_wconf 85' lang='lat' dir='ltr'>tripar-</span> 
     </span>
     <span class='ocr_line' id='line_1_30' title="bbox 437 2184 1896 2236; baseline 0.007 -18"><span class='ocrx_word' id='word_1_236' title='bbox 437 2184 545 2220; x_wconf 86' lang='lat' dir='ltr'>titam</span> <span class='ocrx_word' id='word_1_237' title='bbox 564 2185 951 2236; x_wconf 84' lang='lat' dir='ltr'>argumentationem.</span> <span class='ocrx_word' id='word_1_238' title='bbox 1892 2229 1896 2232; x_wconf 66' lang='grc'>,</span> 
     </span>
    </p>

    <p class='ocr_par' dir='ltr' id='par_1_5' title="bbox 434 2249 1836 2635">
     <span class='ocr_line' id='line_1_31' title="bbox 481 2249 1834 2302; baseline 0.002 -17"><span class='ocrx_word' id='word_1_239' title='bbox 481 2249 691 2287; x_wconf 86' lang='lat' dir='ltr'>XXXVII.</span> <span class='ocrx_word' id='word_1_240' title='bbox 707 2251 839 2302; x_wconf 82' lang='lat' dir='ltr'>Atque</span> <span class='ocrx_word' id='word_1_241' title='bbox 859 2264 904 2287; x_wconf 88' lang='lat' dir='ltr'>ex</span> <span class='ocrx_word' id='word_1_242' title='bbox 920 2249 979 2287; x_wconf 84' lang='lat' dir='ltr'>his</span> <span class='ocrx_word' id='word_1_243' title='bbox 999 2249 1095 2287; x_wconf 89' lang='lat' dir='ltr'>illud</span> <span class='ocrx_word' id='word_1_244' title='bbox 1111 2251 1193 2301; x_wconf 88' lang='lat' dir='ltr'>jam</span> <span class='ocrx_word' id='word_1_245' title='bbox 1215 2249 1460 2302; x_wconf 89' lang='lat' dir='ltr'>perspicuum</span> <span class='ocrx_word' id='word_1_246' title='bbox 1475 2249 1541 2293; x_wconf 90' lang='lat' dir='ltr'>est,</span> <span class='ocrx_word' id='word_1_247' title='bbox 1558 2249 1628 2288; x_wconf 86' lang='lat' dir='ltr'>esse</span> <span class='ocrx_word' id='word_1_248' title='bbox 1642 2250 1834 2301; x_wconf 83' lang='lat' dir='ltr'>quandam</span> 
     </span>
     <span class='ocr_line' id='line_1_32' title="bbox 434 2316 1832 2369; baseline 0.002 -18"><span class='ocrx_word' id='word_1_249' title='bbox 434 2316 820 2368; x_wconf 83' lang='lat' dir='ltr'>argumentationem,</span> <span class='ocrx_word' id='word_1_250' title='bbox 841 2316 879 2353; x_wconf 92' lang='lat' dir='ltr'>in</span> <span class='ocrx_word' id='word_1_251' title='bbox 899 2330 973 2368; x_wconf 90' lang='lat' dir='ltr'>qua</span> <span class='ocrx_word' id='word_1_252' title='bbox 991 2330 1113 2368; x_wconf 88' lang='lat' dir='ltr'>neque</span> <span class='ocrx_word' id='word_1_253' title='bbox 1135 2316 1342 2369; x_wconf 84' lang='lat' dir='ltr'>propositio</span> <span class='ocrx_word' id='word_1_254' title='bbox 1360 2329 1483 2368; x_wconf 89' lang='lat' dir='ltr'>neque</span> <span class='ocrx_word' id='word_1_255' title='bbox 1503 2316 1707 2369; x_wconf 88' lang='lat' dir='ltr'>assumptio</span> <span class='ocrx_word' id='word_1_256' title='bbox 1728 2317 1832 2354; x_wconf 86' lang='lat' dir='ltr'>indi-</span> 
     </span>
     <span class='ocr_line' id='line_1_33' title="bbox 434 2381 1833 2433; baseline 0.002 -16"><span class='ocrx_word' id='word_1_257' title='bbox 434 2389 520 2432; x_wconf 86' lang='lat' dir='ltr'>geat</span> <span class='ocrx_word' id='word_1_258' title='bbox 533 2381 828 2432; x_wconf 82' lang='lat' dir='ltr'>approbationis.</span> <span class='ocrx_word' id='word_1_259' title='bbox 852 2382 933 2433; x_wconf 89' lang='lat' dir='ltr'>Huj</span> <span class='ocrx_word' id='word_1_260' title='bbox 942 2381 1104 2426; x_wconf 88' lang='lat' dir='ltr'>usmodi,</span> <span class='ocrx_word' id='word_1_261' title='bbox 1128 2391 1170 2419; x_wconf 90' lang='lat' dir='ltr'>ut</span> <span class='ocrx_word' id='word_1_262' title='bbox 1191 2391 1339 2419; x_wconf 90' lang='lat' dir='ltr'>certum</span> <span class='ocrx_word' id='word_1_263' title='bbox 1357 2381 1542 2433; x_wconf 91' lang='lat' dir='ltr'>quiddam</span> <span class='ocrx_word' id='word_1_264' title='bbox 1563 2391 1600 2419; x_wconf 93' lang='lat' dir='ltr'>et</span> <span class='ocrx_word' id='word_1_265' title='bbox 1621 2382 1745 2426; x_wconf 89' lang='lat' dir='ltr'>breve,</span> <span class='ocrx_word' id='word_1_266' title='bbox 1764 2396 1833 2420; x_wconf 83' lang='lat' dir='ltr'>ex-</span> 
     </span>
     <span class='ocr_line' id='line_1_34' title="bbox 434 2447 1830 2500; baseline 0.001 -16"><span class='ocrx_word' id='word_1_267' title='bbox 434 2447 553 2499; x_wconf 83' lang='lat' dir='ltr'>empli</span> <span class='ocrx_word' id='word_1_268' title='bbox 568 2447 687 2490; x_wconf 82' lang='lat' dir='ltr'>causa,</span> <span class='ocrx_word' id='word_1_269' title='bbox 710 2461 923 2499; x_wconf 67' lang='lat' dir='ltr'>ponamus,</span> <span class='ocrx_word' id='word_1_270' title='bbox 948 2449 984 2486; x_wconf 89' lang='lat' dir='ltr'>Si</span> <span class='ocrx_word' id='word_1_271' title='bbox 999 2448 1241 2500; x_wconf 88' lang='lat' dir='ltr'>summopere</span> <span class='ocrx_word' id='word_1_272' title='bbox 1262 2448 1441 2500; x_wconf 88' lang='lat' dir='ltr'>sapientia</span> <span class='ocrx_word' id='word_1_273' title='bbox 1461 2448 1620 2500; x_wconf 88' lang='lat' dir='ltr'>petenda</span> <span class='ocrx_word' id='word_1_274' title='bbox 1636 2449 1702 2493; x_wconf 89' lang='lat' dir='ltr'>est,</span> <span class='ocrx_word' id='word_1_275' title='bbox 1724 2449 1830 2487; x_wconf 88' lang='lat' dir='ltr'>sum-</span> 
     </span>
     <span class='ocr_line' id='line_1_35' title="bbox 435 2513 1834 2568; baseline 0.001 -17"><span class='ocrx_word' id='word_1_276' title='bbox 435 2526 588 2565; x_wconf 86' lang='lat' dir='ltr'>mopere</span> <span class='ocrx_word' id='word_1_277' title='bbox 610 2513 769 2552; x_wconf 90' lang='lat' dir='ltr'>stultitia</span> <span class='ocrx_word' id='word_1_278' title='bbox 786 2514 935 2552; x_wconf 87' lang='lat' dir='ltr'>vitanda</span> <span class='ocrx_word' id='word_1_279' title='bbox 955 2515 1018 2553; x_wconf 86' lang='lat' dir='ltr'>est.</span> <span class='ocrx_word' id='word_1_280' title='bbox 1053 2516 1216 2553; x_wconf 90' lang='lat' dir='ltr'>Summo</span> <span class='ocrx_word' id='word_1_281' title='bbox 1237 2524 1364 2552; x_wconf 91' lang='lat' dir='ltr'>autem</span> <span class='ocrx_word' id='word_1_282' title='bbox 1381 2528 1493 2566; x_wconf 84' lang='lat' dir='ltr'>opere</span> <span class='ocrx_word' id='word_1_283' title='bbox 1507 2514 1686 2567; x_wconf 84' lang='lat' dir='ltr'>sapientia</span> <span class='ocrx_word' id='word_1_284' title='bbox 1699 2525 1834 2568; x_wconf 89' lang='lat' dir='ltr'>peten-</span> 
     </span>
     <span class='ocr_line' id='line_1_36' title="bbox 434 2578 1836 2635; baseline 0.003 -18"><span class='ocrx_word' id='word_1_285' title='bbox 434 2579 481 2617; x_wconf 86' lang='lat' dir='ltr'>da</span> <span class='ocrx_word' id='word_1_286' title='bbox 500 2580 552 2618; x_wconf 86' lang='lat' dir='ltr'>est</span> <span class='ocrx_word' id='word_1_287' title='bbox 568 2594 576 2618; x_wconf 76' lang='lat' dir='ltr'><em>z</em></span> <span class='ocrx_word' id='word_1_288' title='bbox 601 2578 753 2619; x_wconf 88' lang='lat' dir='ltr'>summo</span> <span class='ocrx_word' id='word_1_289' title='bbox 766 2580 884 2633; x_wconf 85' lang='lat' dir='ltr'>igitur</span> <span class='ocrx_word' id='word_1_290' title='bbox 903 2595 1016 2634; x_wconf 85' lang='lat' dir='ltr'>opere</span> <span class='ocrx_word' id='word_1_291' title='bbox 1034 2580 1192 2619; x_wconf 86' lang='lat' dir='ltr'>stultitia</span> <span class='ocrx_word' id='word_1_292' title='bbox 1213 2580 1365 2619; x_wconf 87' lang='lat' dir='ltr'>vitanda</span> <span class='ocrx_word' id='word_1_293' title='bbox 1380 2581 1445 2620; x_wconf 87' lang='lat' dir='ltr'>est.</span> <span class='ocrx_word' id='word_1_294' title='bbox 1478 2581 1558 2620; x_wconf 86' lang='lat' dir='ltr'>Hic</span> <span class='ocrx_word' id='word_1_295' title='bbox 1579 2591 1616 2621; x_wconf 86' lang='lat' dir='ltr'>et</span> <span class='ocrx_word' id='word_1_296' title='bbox 1632 2582 1836 2635; x_wconf 87' lang='lat' dir='ltr'>assumptio</span> 
     </span>
    </p>
   </div>
  </div>
 </body>
</html>
