2176 2912
402 160 480 201 252
754 147 869 186 DE
945 145 1449 186 ORATORE

456 241 518 279 Ex
543 240 727 294 ambiguo
756 241 868 286 dicta,
899 241 958 278 vel
979 240 1211 293 argutissima
1229 249 1425 293 putantur,
1456 238 1517 276 sed
1546 250 1625 277 non
1646 237 1795 291 semper

400 306 442 345 in
455 308 560 359 joco,
592 308 685 360 saepe
704 308 819 345 etiam
844 308 883 344 in
903 308 1097 359 gravitate,
1121 306 1325 344 versantur.
1357 305 1542 343 Africano
1562 304 1619 342 illi
1639 304 1796 356 majori,

400 387 581 411 coronam
602 373 671 411 fibi
700 374 740 410 in
774 373 950 411 convivio
980 374 1026 410 ad
1044 382 1157 425 caput
1186 371 1508 416 accommodanti,
1539 384 1630 408 cum
1656 383 1698 407 ea
1722 369 1790 407 sae-

401 441 486 492 pius
506 449 758 493 rumperetur,
790 441 832 477 P.
855 439 1030 477 Licinius
1052 440 1189 484 Varus,
1218 439 1308 477 Noli
1323 438 1465 483 mirari,
1497 437 1638 488 inquit,
1654 436 1698 487 fi
1721 449 1790 474 non

398 506 576 544 convenit.
637 506 759 558 Caput
783 505 871 543 enim
895 519 1061 557 magnum
1090 504 1133 557 est
1149 521 1161 542 :
1192 504 1380 541 laudabile
1399 512 1437 541 et
1466 501 1683 540 honestum.
1732 502 1790 539 At

397 583 446 609 ex
465 571 599 609 eodem
614 584 750 623 genere
765 569 817 607 est
828 588 839 613 ς
864 571 1001 607 Calvus
1004 569 1158 622 fhtisest
1173 587 1184 613 ;
1216 568 1309 621 quod
1322 568 1408 606 dicit
1419 576 1568 620 parum.
1599 567 1663 605 Ne
1679 564 1786 603 mul—

399 646 459 675 ta:
491 637 645 675 nullum
674 649 793 688 genus
827 635 878 672 est
902 635 996 686 joci,
1028 648 1105 686 quo
1135 648 1213 672 non
1232 648 1278 672 ex
1308 634 1443 672 eodem
1462 633 1583 670 severa
1607 641 1645 669 et
1663 631 1788 683 gravia

398 703 610 741 sumantur.

452 772 582 821 Atque
602 768 677 806 hoc
708 769 823 806 etiam
843 766 1236 811 animadvertendum,
1268 780 1345 804 non
1378 765 1448 804 effe
1477 764 1608 803 omnia
1626 761 1788 802 ridicula

398 835 528 874 faceta.
575 835 682 886 Qid
702 835 805 872 enirn
825 834 945 887 potest
964 833 1034 872 effe
1055 843 1132 871 tam
1154 834 1376 877 ridiculum,
1409 846 1526 884 quarn
1547 831 1685 869 Sannio
1704 829 1784 867 est?

397 903 466 940 Sed
487 916 562 947 ore,
582 902 706 946 vultu,
738 901 934 938 imitandis
955 900 1141 944 moribus,
1172 913 1277 943 voce,
1306 899 1471 950 denique
1502 898 1583 950 ipso
1613 908 1784 948 corpore,

394 967 549 1005 ridetur.
583 966 728 1005 Salsum
747 965 851 1004 hunc
872 965 1021 1018 possum
1041 964 1178 1009 dicere,
1209 974 1322 1017 atque
1341 965 1406 1009 ita,
1437 977 1515 1002 non
1535 972 1578 1001 ut
1598 959 1785 1014 ejusmodi

394 1042 584 1070 oratorem
602 1031 672 1070 effe
691 1031 821 1075 velim,
852 1031 913 1068 sed
934 1040 977 1068 ut
996 1031 1180 1068 mimum.

447 1099 579 1137 LXII.
618 1099 746 1150 Qare
774 1098 946 1150 primum
979 1110 1098 1149 genus
1123 1095 1213 1140 hoc,
1245 1096 1348 1148 quod
1379 1095 1497 1133 risum
1530 1094 1590 1131 vel
1617 1092 1789 1130 maxime

391 1174 536 1209 movet,
566 1178 643 1203 non
661 1164 714 1203 est
732 1164 917 1207 nostrum,
948 1163 1158 1207 morosum,
1189 1161 1501 1214 superstitiosum,
1522 1158 1783 1212 suspiciosum,

390 1231 613 1283 gloriosum,
644 1230 820 1268 stultum.
878 1230 1036 1267 Naturae
1065 1229 1234 1266 ridentur
1260 1228 1361 1280 ipfae,
1392 1240 1484 1279 quas
1507 1226 1679 1278 personas
1699 1224 1782 1277 agi-

390 1307 468 1334 tare
487 1297 666 1340 solemus,
698 1310 773 1334 non
794 1295 986 1333 sustinere.
1045 1294 1226 1332 Alterum
1245 1307 1365 1346 genus
1395 1293 1447 1330 est
1467 1291 1681 1330 imitatione
1713 1290 1781 1327 ad-

391 1363 554 1401 modum
584 1362 808 1407 ridiculum,
839 1361 899 1399 sed
924 1361 1037 1399 nobis
1070 1370 1220 1398 tanturn
1250 1360 1341 1398 licet
1373 1359 1525 1403 furtim,
1556 1357 1581 1396 fi
1613 1357 1783 1409 quando,

387 1438 428 1467 et
447 1429 612 1467 curfim:
644 1429 751 1466 aliter
767 1428 872 1466 enim
902 1427 1066 1465 minime
1091 1426 1142 1464 est
1162 1427 1331 1464 liberale.
1382 1425 1575 1469 Tertium,
1603 1424 1677 1461 oris
1710 1423 1779 1460 de-

387 1496 569 1547 pravatio,
600 1508 677 1532 non
707 1494 821 1546 digna
851 1493 976 1531 nobis.
1036 1494 1243 1543 Qartum,
1275 1492 1515 1535 obscoenitas,
1546 1503 1623 1528 non
1653 1489 1781 1527 solum

389 1575 465 1599 non
486 1560 570 1599 foro
590 1561 719 1613 digna,
750 1560 810 1597 sed
829 1560 893 1596 vix
913 1558 1089 1596 convivio
1109 1558 1333 1596 liberorum.
1372 1556 1562 1595 Detractis
1583 1556 1701 1608 igitur
1721 1563 1780 1592 tot

387 1627 499 1665 rebus
523 1641 569 1665 ex
588 1626 663 1665 hoc
683 1626 847 1664 oratorio
866 1625 968 1668 lom,
996 1622 1140 1661 facetiae
1160 1624 1313 1676 reliquae
1334 1623 1433 1667 sunt,
1465 1637 1547 1675 quae
1577 1631 1641 1659 aut
1661 1622 1700 1659 in
1722 1634 1776 1666 re,

387 1703 431 1732 ut
461 1704 548 1731 ante
583 1692 704 1737 divifi,
734 1692 860 1745 pofitae
890 1690 1066 1728 videntur
1085 1689 1168 1735 effe,
1199 1700 1263 1728 aut
1291 1691 1330 1727 in
1352 1690 1479 1727 verbo.
1531 1689 1637 1726 Nam
1657 1688 1778 1740 quod,

385 1760 695 1812 quibuscumque
715 1758 836 1796 verbis
864 1757 1015 1801 dixeris,
1047 1755 1217 1794 facetum
1238 1766 1365 1794 tamen
1385 1756 1450 1800 est,
1473 1768 1511 1793 re
1531 1755 1749 1792 continetur
1763 1769 1775 1793 :

385 1826 490 1877 quod
508 1826 665 1864 mutatis
691 1824 814 1862 verbis
835 1823 950 1861 salem
969 1823 1126 1867 amittit,
1158 1823 1197 1860 in
1219 1822 1341 1860 verbis
1361 1820 1476 1860 habet
1495 1820 1665 1874 leporem
1687 1833 1774 1859 om-

383 1904 489 1930 nem.
599 1936 602 1939 .

438 1958 637 2011 Ambigua
663 1957 748 1995 sunt
767 1957 806 1995 in
834 1956 968 2009 primis
989 1965 1110 2000 acuta,
1141 1964 1254 2007 atque
1269 1956 1309 1992 in
1329 1954 1444 1992 verbo
1464 1953 1594 2006 posita,
1625 1966 1701 1990 non
1733 1952 1774 1990 in

383 2038 422 2063 re
440 2043 451 2069 3
482 2024 544 2062 sed
563 2038 639 2062 non
660 2024 753 2077 saepe
773 2036 958 2075 magnum
979 2022 1096 2059 risum
1117 2030 1296 2059 movent:
1328 2019 1524 2072 magisque
1544 2028 1587 2056 ut
1615 2018 1714 2055 belle
1734 2027 1772 2055 et

381 2091 528 2128 literate
549 2091 647 2128 dic‘ta
666 2090 891 2128 laudantur:
924 2098 967 2126 ut
996 2089 1036 2125 in
1063 2087 1177 2124 illum
1197 2086 1368 2130 Titium,
1400 2085 1580 2136 quicum
1610 2083 1771 2121 studiose

379 2157 458 2210 pila
476 2156 638 2201 luderet,
669 2165 705 2194 et
737 2156 840 2194 idem
861 2154 963 2207 figna
982 2154 1079 2191 sacra
1106 2154 1221 2191 noctu
1247 2151 1418 2204 frangere
1438 2159 1645 2203 putaretur,
1681 2164 1769 2202 gre-

376 2222 554 2275 galesque
573 2235 677 2266 eum,
707 2234 799 2258 cum
819 2220 859 2257 in
880 2232 1062 2271 campum
1093 2232 1170 2256 non
1189 2216 1357 2261 vcniffet,
1380 2216 1626 2268 requirerent,
1649 2228 1769 2253 excu-

377 2289 469 2328 savit
491 2288 612 2341 Vespa
631 2288 851 2331 Terentius,
881 2285 987 2338 quod
1011 2298 1101 2323 eum
1131 2284 1315 2323 brachium
1329 2282 1479 2337 freggffi’
1506 2283 1662 2320 diceret.
1712 2283 1769 2320 Ut

378 2354 475 2392 illud
495 2353 684 2398 Africani,
715 2353 819 2405 quod
839 2352 891 2390 est
910 2351 1010 2403 apud
1031 2350 1254 2389 Lucilium:

513 2419 639 2472 Qid?
668 2419 817 2463 Decius,
839 2417 1019 2456 Nuculam
1037 2431 1084 2455 cm
1103 2416 1273 2468 corfixum
1288 2416 1345 2454 vis
1358 2416 1489 2468 fizcere
1505 2415 1524 2454 ἓ
1552 2414 1682 2467 inquit.

378 2488 432 2525 Ut
445 2495 533 2525 tuus
549 2486 709 2531 amicus,
727 2483 865 2529 Crasse,
888 2483 1070 2529 Granius,
1085 2496 1153 2523 non
1166 2481 1424 2536 fffi’xtantis.
1456 2481 1522 2528 Et,
1539 2480 1565 2520 fi
1582 2478 1765 2533 quaeritiS,
