2176 2912
641 184 960 223 LIBER
1035 182 1522 224 TERTIUS.

1709 200 1784 240 325

385 278 495 316 laude
515 286 692 330 ponetur.
724 276 831 315 Nam
848 276 873 314 fi
894 275 997 314 rudis
1017 284 1054 314 et
1075 275 1227 313 indo&a
1242 276 1410 328 putanda
1426 277 1478 314 est
1493 277 1558 314 illa
1575 278 1648 316 fine
1664 279 1786 318 inter-

383 344 491 382 vallis
512 343 719 394 loquacitas
740 343 915 395 perennis
936 352 973 380 et
993 342 1201 395 profluens,
1232 342 1327 394 quid
1347 342 1398 379 est
1429 343 1533 381 aliud
1552 345 1682 390 causae,
1718 360 1788 384 cur

383 409 616 463 repudietur,
647 408 715 446 nifi
737 408 841 460 quod
872 407 1081 446 hominum
1101 421 1207 446 aures
1229 422 1363 446 vocem
1385 408 1519 446 natura
1537 411 1788 451 modulantur

381 473 491 526 ipsa?
521 474 626 526 quod
647 473 741 519 fieri,
764 473 832 512 nisi
854 474 949 511 inest
969 487 1152 512 numerus
1174 474 1214 512 in
1235 487 1342 518 voce,
1365 488 1443 512 non
1464 475 1602 528 potest.

436 540 638 579 Numerus
671 549 800 578 autem
826 540 867 577 in
898 539 1188 578 continuatione
1220 540 1350 577 nullus
1371 540 1436 579 est.
1497 541 1719 587 Distinc‘tio,
1750 553 1788 581 et

381 606 602 658 aequalium,
633 616 671 644 et
691 606 784 658 saepe
814 606 1007 644 variorum
1028 606 1319 644 intervallorum
1346 606 1547 659 percuffio,
1580 622 1788 647 numerum

380 671 563 716 conficit3
587 685 704 723 quem
724 672 762 709 in
783 671 1006 709 cadentibus
1031 672 1166 724 guttis,
1189 672 1294 724 quod
1310 672 1519 711 intervallis
1541 673 1788 726 distinguun-

381 746 458 781 tur,
478 746 607 775 notare
627 736 849 790 poffumus;
874 738 912 775 in
933 738 1039 774 amni
1061 737 1321 790 praecipitante
1343 752 1419 776 non
1433 738 1644 791 possumus.
1667 740 1788 792 Qod

381 802 407 840 fi
424 803 664 840 continuatio
682 803 890 840 verborum
907 801 988 839 haec
1009 802 1130 840 soluta
1146 803 1274 841 multo
1295 803 1347 841 est
1367 804 1490 856 aptior
1510 814 1624 856 atque
1639 806 1786 856 jucun-

381 868 479 912 dior,
514 868 540 905 fi
566 867 618 905 est
644 868 816 905 articulis
847 867 1110 919 membrisque
1143 868 1330 913 distincta,
1362 883 1480 920 quam
1507 870 1532 907 fi
1565 871 1789 908 continuata

380 947 423 971 ac
450 934 647 986 prodiista,
679 934 853 972 membra
879 934 945 972 illa
975 934 1197 972 modificata
1225 934 1298 972 effe
1328 935 1552 980 debebunt;
1585 951 1668 988 quae
1690 937 1715 974 fi
1746 937 1787 974 in

380 1009 553 1038 extremo
573 1000 744 1038 breviora
764 1000 864 1045 sunt,
896 999 1122 1053 infringitur
1148 1001 1213 1038 ille
1235 1000 1339 1053 quafi
1359 1001 1562 1039 verborum
1587 1003 1755 1040 ambitus
1776 1018 1783 1040 :

381 1066 431 1103 fic
452 1066 558 1104 enim
578 1064 645 1104 has
666 1067 847 1104 orationis
879 1067 1138 1105 conversiones
1160 1067 1289 1105 Graeci
1310 1068 1528 1106 nominant.
1573 1069 1702 1119 Qare
1723 1078 1787 1106 aut

380 1132 484 1184 paria
514 1131 585 1169 effe
616 1132 756 1170 debent
787 1132 991 1184 posteriora
1018 1132 1290 1185 superioribu8‚
1323 1143 1494 1172 extrema
1525 1134 1675 1186 primis,
1707 1145 1785 1179 aut,

382 1198 487 1249 quod
508 1198 623 1235 etiam
645 1197 697 1235 est
716 1198 855 1236 melius
875 1207 913 1236 et
927 1199 1154 1250 jucundius,
1177 1199 1364 1251 longiora.

436 1264 586 1302 XLIX.
610 1266 740 1316 Atque
756 1263 836 1302 haec
853 1264 1012 1317 quidem
1033 1265 1078 1302 ab
1100 1265 1145 1302 iis
1164 1264 1421 1318 Philosophis,
1440 1279 1536 1318 quos
1554 1276 1595 1304 tu
1616 1266 1788 1304 maxime

381 1329 525 1382 diligis,
547 1330 701 1375 Catule,
723 1331 822 1369 dieta
851 1331 961 1369 sunt:
995 1331 1099 1383 quod
1119 1345 1163 1369 eo
1183 1331 1314 1384 saepius
1337 1331 1528 1376 testificor,
1557 1340 1599 1370 ut
1619 1332 1786 1370 auetori-

381 1396 452 1434 bus
472 1396 669 1435 laudandis
690 1397 923 1450 ineptiarum
942 1397 1089 1434 crimen
1110 1397 1309 1450 effugiam.

436 1464 614 1515 Qarum
635 1464 804 1507 tandem,
836 1463 964 1515 inquit
986 1463 1182 1501 Catulus?
1214 1472 1278 1501 aut
1310 1464 1406 1516 quid
1432 1463 1689 1516 disputatione
1719 1464 1787 1502 ista

379 1527 504 1566 afferri
524 1529 646 1581 potest
665 1529 888 1581 elegantius,
911 1538 975 1565 aut
995 1529 1157 1566 omnino
1177 1529 1255 1566 dici
1276 1529 1453 1566 subtilius
1470 1530 1482 1566 ?
1515 1531 1570 1567 At
1590 1530 1697 1566 enim
1718 1542 1785 1566 ve-

380 1608 475 1640 reor,
507 1595 636 1647 inquit
663 1593 828 1639 Crassus,
860 1607 906 1632 ne
927 1593 1008 1632 haec
1038 1603 1103 1632 aut
1124 1594 1343 1633 difficiliora
1373 1594 1451 1632 istis
1481 1595 1527 1632 ad
1555 1594 1785 1647 persequen-

380 1660 476 1698 dum
496 1660 566 1699 effe
586 1660 798 1705 videantur,
830 1670 909 1705 aut,
938 1661 1028 1712 quia
1049 1674 1126 1698 non
1149 1660 1350 1699 traduntur
1378 1661 1419 1698 in
1439 1661 1590 1713 vulgari
1620 1661 1688 1698 ista
1707 1660 1784 1698 dis-

380 1726 537 1779 ciplina,
579 1740 647 1765 nos
678 1740 721 1764 ea
753 1728 911 1778 majora,
955 1740 997 1763 ac
1029 1727 1246 1765 difficiliora
1281 1727 1401 1765 videri
1436 1727 1534 1764 velle
1569 1727 1786 1765 videamur.

380 1793 491 1830 Tum
513 1792 688 1836 Catulus,
709 1805 821 1837 erras,
848 1792 990 1844 inquit,
1015 1792 1152 1837 Craffe,
1175 1793 1201 1830 fi
1221 1802 1285 1830 aut
1306 1807 1383 1838 me,
1411 1803 1476 1831 aut
1495 1791 1638 1831 horum
1659 1805 1784 1844 quen-

380 1871 497 1909 quam
517 1867 627 1911 putas
644 1871 663 1895 a
683 1867 720 1895 te
740 1856 822 1896 haec
843 1871 955 1909 opera
970 1858 1205 1912 quotidiana,
1223 1868 1260 1895 et
1281 1872 1440 1910 pervaga
1455 1861 1663 1911 expestare.
1698 1857 1785 1904 Ista,

380 1937 464 1975 quae
484 1924 595 1968 dicis,
618 1923 695 1961 dici
716 1924 896 1961 volumus
914 1942 924 1967 ³
955 1936 1078 1975 neque
1100 1932 1178 1960 tam
1199 1923 1290 1967 dici,
1313 1937 1430 1975 quam
1452 1924 1520 1961 isto
1542 1924 1618 1962 dici
1639 1923 1782 1969 modo,

379 2002 504 2041 neque
525 1990 597 2027 tibi
617 1988 692 2027 hoc
712 2003 782 2042 pro
802 2003 864 2027 me
885 1989 1024 2034 solum,
1058 1989 1118 2027 sed
1139 2003 1208 2041 pro
1228 1988 1288 2027 his
1309 1990 1493 2028 omnibus
1514 1990 1591 2027 fine
1613 1989 1690 2027 ulla
1709 1989 1784 2027 du-

379 2055 564 2093 bitatione
584 2055 804 2108 respondeo.
853 2056 939 2107 Ego
960 2068 1060 2099 vero,
1084 2055 1210 2107 inquit
1231 2055 1440 2100 Antonius,
1463 2056 1593 2092 inveni
1614 2054 1783 2100 tandem,

379 2134 496 2173 quem
517 2135 696 2174 negaram
723 2121 764 2160 in
790 2135 849 2166 eo,
881 2135 998 2174 quem
1025 2121 1166 2173 scripfi,
1199 2121 1346 2166 libello,
1378 2134 1441 2158 me
1473 2121 1675 2166 inveniffe,
1699 2122 1782 2159 elo-

378 2197 578 2238 quentem.
639 2187 710 2225 Sed
743 2186 788 2225 eb
810 2196 859 2232 te,
891 2202 938 2225 ne
969 2187 1148 2225 laudandi
1185 2187 1345 2239 quidem
1375 2187 1495 2232 causa,
1527 2187 1781 2239 interpellavi,

380 2265 427 2290 ne
447 2252 542 2304 quid
562 2252 608 2289 de
626 2251 701 2290 hoc
723 2262 802 2292 tam
822 2253 964 2306 exiguo
985 2253 1168 2292 sermonis
1191 2254 1247 2291 tui
1269 2263 1441 2306 tempore
1458 2253 1575 2292 verbo
1596 2267 1673 2292 uno
1693 2265 1782 2290 meo

381 2317 671 2355 diminueretur.

435 2383 550 2421 Hanc
578 2383 709 2435 igitur,
755 2383 905 2423 Craffus
948 2386 1090 2437 inquit,
1135 2385 1180 2422 ad
1212 2386 1339 2438 legem
1366 2384 1457 2424 cum
1493 2383 1778 2426 exercitatione,

383 2456 468 2488 tum
488 2448 597 2502 stylo,
628 2449 695 2503 qui
716 2457 753 2487 ct
773 2449 858 2495 alia,
879 2460 916 2489 et
937 2451 1012 2491 hoc
1035 2452 1218 2496 maxime,
1241 2461 1349 2491 ornat
1369 2465 1411 2489 ac
1433 2452 1558 2497 limat,
1580 2448 1782 2488 formanda
