2176 2912
550 177 868 218 LIBER
941 175 1517 214 SECUNDUS.
1661 191 1736 229 249

333 272 388 317 vi,
411 284 528 324 quam
548 269 716 313 ridiculi,
737 268 927 307 vulnerari
948 268 1107 306 volunt:
1140 267 1294 306 miseros
1315 267 1430 306 illudi
1450 269 1602 314 nolunt,
1625 270 1692 307 nisi
1711 271 1735 307 s1

337 337 373 374 se
392 335 489 374 forte
503 336 660 387 jactant.
694 333 934 372 Parcendum
954 332 1006 370 est
1020 342 1147 370 autem
1163 333 1333 371 maxime
1352 333 1497 371 caritati
1511 333 1735 378 hominum,

336 414 385 440 ne
405 411 546 439 temere
565 401 606 439 in
626 413 688 438 eos
709 400 826 444 dicas,
856 399 923 451 qui
945 399 1174 451 diliguntur.

391 468 502 506 LIX.
524 468 622 506 Haec
634 467 753 520 igitur
772 465 987 504 adhibenda
1006 466 1059 504 est
1075 466 1247 519 primum
1267 465 1308 503 in
1322 465 1490 517 jocando
1510 465 1735 504 moderatio.

336 534 473 586 Itaque
503 547 545 571 ea
574 532 761 571 facillime
789 532 991 577 luduntur,
1036 546 1121 584 quae
1152 545 1276 585 neque
1302 532 1391 570 odio
1418 545 1572 584 magno,
1615 544 1739 582 neque

337 600 596 638 misericordia
615 600 798 644 maxima,
829 599 944 651 digna
964 598 1065 636 sunt.
1112 598 1379 649 Qamobrem
1409 598 1585 635 materies
1616 597 1743 634 omnis

339 665 594 704 ridiculorum
613 665 666 704 est
685 666 724 703 in
746 665 823 703 istis
840 665 960 709 vitiis,
991 678 1076 716 quae
1096 663 1184 702 sunt
1214 665 1254 701 in
1274 664 1352 702 vita
1380 662 1590 702 hominum
1617 675 1741 714 neque

339 746 530 777 carorum,
553 746 676 785 neque
696 731 1020 776 calamitosorum,
1054 744 1176 783 neque
1196 726 1345 775 eorum,
1367 730 1435 782 qui
1455 730 1505 767 ob
1527 729 1674 768 facinus
1695 727 1741 767 ad

339 798 574 852 supplicium
593 797 763 850 rapiendi
782 797 961 834 videntur
975 814 986 841 ς
1018 809 1137 848 caque
1157 796 1256 834 belle
1275 797 1413 848 agitata
1429 795 1615 834 ridentur.

395 864 463 902 Est
483 864 600 901 etiam
626 861 896 907 deformitatis,
927 871 965 899 et
986 862 1156 915 corporis
1178 861 1363 899 vitiorum
1384 861 1469 899 satis
1496 861 1597 899 bella
1616 869 1740 899 mate-

340 930 412 968 ries
444 929 490 967 ad
514 928 742 982 jocandum.
788 929 860 968 Sed
881 929 1089 981 quaerimus
1110 928 1229 972 idem,
1261 928 1366 979 quod
1392 927 1432 965 in
1459 928 1602 965 caeteris
1630 927 1744 965 rebus

341 997 510 1034 maxime
544 996 794 1048 quaerendum
821 995 887 1040 est,
928 1004 1130 1047 quatenus.
1192 995 1237 1034 In
1271 1008 1349 1047 quo
1385 1007 1462 1032 non
1495 993 1613 1032 modo
1645 991 1744 1031 illud

340 1062 574 1114 praecipitur,
596 1062 661 1100 Ne
677 1062 771 1114 quid
786 1061 923 1101 insulse
935 1080 947 1107 ;
980 1061 1040 1100 sed
1059 1062 1190 1106 etiam,
1210 1061 1235 1100 fi
1252 1061 1347 1113 quid
1368 1059 1596 1114 perridicule
1615 1058 1743 1112 poffis.

342 1127 559 1165 Vitandum
588 1126 639 1164 est
669 1127 809 1165 oratori
841 1136 1065 1179 utrumque,
1097 1141 1145 1165 ne
1175 1137 1240 1165 aut
1260 1126 1425 1165 scurrilis
1454 1126 1566 1178 jocus
1587 1125 1645 1169 fit,
1679 1132 1745 1162 aut

343 1194 541 1232 mimicus.
589 1194 687 1245 Qae
718 1193 934 1246 cujusmodi
954 1193 1040 1239 sint,
1071 1192 1222 1232 facilius
1237 1195 1320 1246 jam
1342 1192 1619 1245 intelllgemus‚
1651 1204 1745 1230 cum

342 1260 389 1297 ad
409 1260 487 1313 ipsa
506 1260 759 1298 ridiculorum
779 1274 916 1313 genera
934 1261 1166 1299 venerimus.

399 1326 493 1364 Duo
512 1327 617 1364 enim
638 1325 725 1364 sunt
744 1340 882 1379 genera
900 1325 1141 1371 facetiarum,
1172 1337 1341 1378 quorum
1365 1324 1530 1362 alterum
1550 1337 1589 1362 re
1609 1324 1746 1362 traua-

344 1399 421 1436 tur,
451 1391 615 1430 alterum
636 1392 752 1431 dieto.
791 1393 864 1437 Re,
887 1392 912 1430 s1
933 1392 1086 1444 quando
1106 1392 1214 1444 quid,
1244 1401 1429 1444 tanquam
1446 1390 1574 1442 aiiqua
1593 1388 1747 1433 fabella,

345 1467 516 1496 narratur
531 1476 542 1502 ;
575 1467 618 1496 ut
638 1458 735 1496 olim
756 1468 813 1503 tu,
836 1458 974 1502 Crafl'e,
1006 1459 1046 1495 in
1067 1457 1327 1501 Memmium,
1349 1455 1516 1509 comedzffi
1535 1470 1611 1494 eum
1630 1456 1746 1494 lacer-

346 1533 422 1563 tum
442 1525 591 1577 Largii,
609 1538 701 1562 cum
717 1525 806 1563 esset
822 1538 913 1562 cum
934 1537 978 1561 eo
991 1524 1207 1562 Tarracinae
1228 1523 1274 1561 de
1291 1522 1458 1560 amicula
1473 1522 1631 1560 rixatus.
1666 1521 1747 1560 Sal-

347 1590 382 1628 sa
401 1599 494 1635 tota,
512 1604 553 1628 ac
571 1600 699 1629 tamen
720 1604 739 1627 a
757 1591 876 1643 teipso
891 1589 991 1635 ficta,
1013 1590 1189 1628 narratio.
1222 1588 1415 1627 Addidisti
1428 1588 1649 1632 clausulam,
1668 1587 1750 1625 tota

347 1657 556 1694 Tarracina
583 1666 669 1694 tum
699 1657 882 1695 omnibus
916 1658 955 1694 in
991 1656 1199 1708 parietibus
1233 1655 1430 1708 inscriptas
1462 1653 1571 1692 fuiffe
1605 1653 1748 1697 literas,

347 1722 419 1760 tria
448 1723 485 1760 L
507 1724 544 1761 L
566 1724 618 1768 L,
650 1723 727 1760 duo
757 1724 887 1761 MM.
940 1723 1044 1760 Cum
1078 1735 1261 1773 quaereres
1293 1722 1332 1760 id
1356 1721 1450 1774 quid
1481 1720 1583 1765 effet,
1620 1721 1750 1758 senem

349 1789 421 1826 tibi
443 1789 633 1840 quendam
654 1789 892 1841 oppidanum
913 1787 1059 1832 dixisse,
1079 1789 1242 1827 Lacerat
1262 1789 1462 1827 Lacertum
1484 1788 1622 1841 Las-gii
1638 1788 1750 1826 Mor-

348 1854 420 1893 dax
440 1855 642 1893 Memmius.
690 1855 918 1907 Perspicitis,
954 1853 1029 1891 hoc
1063 1867 1181 1906 genus
1215 1867 1330 1906 quam
1352 1854 1397 1891 fit
1416 1852 1600 1897 facetum,
1632 1865 1750 1904 quam

349 1920 515 1972 eleganS,
547 1933 665 1971 quam
689 1920 911 1964 oratorium,
944 1919 1016 1956 five
1036 1918 1188 1963 habeas,
1224 1932 1309 1955 vere
1330 1918 1435 1970 quod
1455 1931 1601 1955 narrare
1622 1917 1749 1970 possiS,

349 1986 455 2039 quod
476 1997 602 2024 tamen
637 1986 688 2024 est
709 1986 1039 2025 mendaciunculis
1061 1985 1352 2038 aspergendum,
1385 1984 1458 2022 five
1489 1984 1623 2036 fingas.
1685 1983 1752 2021 Est

350 2062 480 2091 autem
500 2052 582 2091 haec
600 2052 716 2106 hujus
737 2053 884 2106 generis
905 2053 1039 2095 virtus,
1059 2061 1100 2089 ut
1122 2053 1173 2089 ita
1187 2051 1283 2089 fucta
1302 2051 1548 2093 demonstro&
1570 2060 1611 2088 ut
1628 2063 1751 2088 mores

350 2120 446 2171 ejuS,
475 2119 523 2156 de
543 2133 621 2171 quo
653 2133 790 2163 narres,
822 2130 865 2156 ut
886 2118 1020 2162 sermo,
1053 2129 1095 2155 ut
1116 2118 1245 2156 vultus
1276 2130 1425 2161 omnes,
1456 2117 1750 2170 exprimantur,

351 2194 395 2222 ut
415 2185 476 2229 iis,
498 2186 566 2237 qui
586 2186 759 2230 audiunt,
790 2195 878 2223 tum
899 2186 978 2237 geri
999 2185 1064 2222 illa
1083 2184 1243 2236 fierique
1264 2184 1475 2221 videantur.

408 2252 453 2288 In
487 2264 524 2288 re
544 2251 596 2289 est
621 2252 715 2289 item
737 2252 960 2296 ridiculum,
992 2251 1096 2303 quod
1127 2265 1173 2288 ex
1201 2251 1365 2303 quadam
1393 2250 1591 2302 depravata
1621 2248 1753 2287 imita-

354 2318 458 2355 tione
479 2316 576 2355 sumi
598 2318 690 2355 solet
706 2336 717 2362 ;
750 2327 792 2355 ut
813 2318 916 2356 idem
939 2317 1102 2361 Cmffim,
1127 2317 1202 2355 Per
1221 2328 1321 2355 tuam
1341 2317 1571 2360 mbih‘sasem,
1586 2324 1655 2366 per
1674 2314 1753 2367 ves-

355 2392 452 2422 tram
468 2382 665 2434 familiam.
717 2383 825 2434 Qid
845 2384 949 2421 aliud
970 2382 1058 2426 fuit,
1095 2383 1133 2419 in
1156 2397 1233 2434 quo
1254 2383 1390 2420 concio
1412 2382 1561 2424 rideret,
1595 2380 1661 2417 nisi
1690 2378 1755 2415 illa

354 2448 484 2487 vultus
515 2457 552 2485 et
583 2449 685 2486 vocis
717 2449 910 2488 imitatio?
955 2450 1032 2487 Per
1063 2449 1308 2501 tuasqllatuczs
1339 2461 1427 2485 vcro
1458 2460 1549 2485 cum
1577 2445 1688 2488 dixit,
1719 2451 1756 2480 ct

438 2516 582 2554 Tom.
617 2515 646 2552 I.
1291 2515 1318 2562 J
1349 2514 1361 2549 i.
