2176 2912
746 152 1456 201 ORATORIBUS.
1721 185 1798 225 359

440 240 551 278 Alter
570 251 698 280 autem
720 244 768 281 C.
788 245 972 290 Fannius,
990 247 1054 285 M.
1074 247 1191 293 filius,
1211 251 1258 288 C.
1277 252 1387 290 Laelii
1403 266 1532 306 gener,
1554 267 1592 296 et
1608 262 1796 311 moribus,

396 315 434 343 et
453 306 533 358 ipso
552 321 689 359 genere
708 308 859 348 dicendi
881 311 1024 351 durior.
1085 315 1121 351 Is
1153 315 1269 354 soceri
1300 318 1487 366 instituto,
1523 323 1671 375 (quem,
1707 331 1798 381 quia

394 381 594 422 cooptatus
615 373 655 410 in
676 387 865 426 augurum
896 377 1106 430 collegium
1137 395 1214 419 non
1241 393 1332 428 erat,
1364 399 1442 423 non
1469 388 1678 431 admodum
1703 395 1794 433 dili-

391 435 519 487 gebat,
548 438 756 490 praesertim
776 455 867 480 cum
887 443 953 481 ille
974 446 1260 497 QScaevolam
1292 449 1360 488 fibi
1387 453 1580 493 minorem
1608 469 1697 496 natu
1725 476 1793 514 ge-

387 514 528 553 ·nerum
559 505 807 555 praetulifl‘et3
840 509 904 545 cui
925 518 1053 548 tamen
1077 512 1218 551 Laelius
1250 514 1285 551 se
1317 518 1513 563 excusans,
1553 535 1630 559 non
1654 538 1795 575 genero

390 567 533 606 minori
553 569 652 609 dixit
672 571 707 609 se
725 573 836 619 illud,
859 575 920 613 sed
940 578 1076 629 majori
1097 578 1186 617 filiae
1205 581 1394 635 detuliffe)
1416 586 1448 622 is
1469 587 1597 625 tamen
1618 590 1792 630 instituto

388 633 500 672 Laelii
522 636 735 676 Panaetium
755 640 958 680 audiverat.
1011 645 1106 696 Ejus
1140 648 1268 685 omnis
1299 649 1339 686 in
1371 650 1535 691 dicendo
1554 653 1714 694 facultas
1745 673 1791 697 ex

387 697 540 739 historIa
560 703 673 755 ipsius
695 719 770 744 non
792 707 1021 761 ineleganter
1040 711 1178 764 scripta
1202 715 1363 768 perspici
1382 719 1528 770 potest,
1560 735 1645 773 quae
1665 738 1790 777 neque

385 766 501 805 nimis
522 769 573 806 est
591 770 730 816 infans,
761 786 886 825 neque
904 775 1069 827 perfecte
1090 779 1236 818 diserta.

438 834 600 873 Mucius
633 846 763 876 autem
797 853 932 892 augur,
963 845 1068 894 quod
1101 859 1170 897 pro
1197 847 1232 884 se
1265 862 1361 901 opus
1388 861 1479 895 erat,
1512 853 1588 906 ipse
1620 856 1784 903 dicebat,

382 907 426 936 ut
446 899 491 936 de
510 903 684 951 pecuniis
705 906 923 956 repetundis
944 918 1078 947 contra
1098 911 1150 948 T.
1175 913 1405 954 Albucium.
1457 919 1492 955 Is
1521 930 1716 961 oratorum
1744 925 1785 963 in

380 977 542 1004 numero
563 981 640 1005 non
661 968 762 1008 fuit:
789 972 887 1023 juris
909 974 1034 1013 civilis
1055 976 1324 1031 intelligentia,
1348 991 1463 1034 atque
1483 987 1592 1024 omni
1614 990 1783 1039 pruden-

378 1030 440 1068 tiae
460 1045 596 1083 genere
615 1035 801 1086 praestitit.
850 1039 898 1077 L.
921 1041 1061 1080 Caelius
1083 1045 1301 1098 Antipater,
1320 1048 1480 1102 scriptor
1509 1052 1782 1104 (quemadmo-

378 1096 473 1135 dum
504 1099 658 1153 videtis)
690 1101 780 1148 fuit,
814 1115 857 1143 ut
888 1110 1128 1161 temporibus
1160 1112 1251 1158 illis,
1284 1114 1519 1163 luculentus,
1544 1120 1642 1171 juris
1673 1123 1783 1162 valde

375 1163 532 1215 peritus,
565 1167 782 1207 multorum
802 1171 932 1217 etiam,
956 1182 998 1212 ut
1018 1176 1066 1213 L.
1091 1177 1222 1223 Craffi,
1241 1181 1432 1232 magister.

421 1231 594 1272 XXVII.
619 1235 782 1274 Utinam
802 1237 842 1275 in
859 1239 953 1277 Tib.
975 1241 1168 1289 Graccho,
1187 1246 1359 1299 Caioque
1377 1249 1554 1289 Carbone
1568 1253 1651 1291 talis
1668 1269 1778 1295 mens

372 1296 420 1334 ad
440 1300 722 1351 rempublicam
743 1303 838 1342 bene
857 1307 1062 1358 gerendam
1081 1308 1222 1357 fuiflet,
1254 1314 1366 1365 quale
1386 1315 1587 1368 ingenium
1608 1320 1652 1358 ad
1681 1322 1778 1361 bene

371 1362 581 1404 dicendum
600 1366 675 1406 fuit
695 1369 701 1405 !
736 1370 913 1411 Profecto
943 1388 1058 1414 nemo
1085 1375 1144 1416 his
1164 1379 1254 1417 viris
1274 1380 1395 1432 gloria
1414 1383 1652 1435 praestitiffet.
1703 1390 1775 1428 Sed

370 1440 506 1469 eorum
522 1433 616 1471 alter
630 1445 786 1488 propter
802 1439 1171 1482 turbulentiffimum
1185 1446 1442 1494 tribunatum,
1455 1450 1502 1487 ad
1517 1465 1635 1502 quern
1647 1467 1694 1492 ex
1710 1455 1773 1493 in-

369 1496 470 1534 vidia
487 1497 640 1538 foederis
668 1503 906 1542 Numantini
928 1507 1038 1545 bonis
1060 1509 1176 1547 iratus
1203 1512 1414 1559 accesserat,
1445 1516 1492 1553 ab
1522 1517 1601 1570 ipsa
1627 1522 1772 1573 repub-

367 1561 440 1601 lica
460 1565 512 1602 est
532 1566 752 1606 interfectus
772 1585 780 1608 ε
813 1571 921 1616 alter,
950 1584 1106 1627 propter
1124 1587 1348 1629 perpetuam
1368 1581 1408 1619 in
1429 1583 1605 1635 populari
1625 1587 1772 1627 ratione

367 1627 576 1677 levitatem,
608 1644 732 1672 morte
767 1637 981 1676 voluntaria
1009 1641 1044 1678 se
1075 1655 1094 1678 a
1122 1642 1314 1683 severitate
1343 1648 1525 1698 judicum
1546 1651 1767 1694 vindicavit.

366 1693 439 1732 Sed
469 1695 545 1735 fuit
579 1708 739 1751 uterque
766 1702 940 1742 summus
974 1715 1112 1752 orator,
1143 1719 1256 1761 atque
1284 1710 1360 1750 hoc
1394 1716 1581 1754 memoria
1612 1728 1768 1771 patrum

365 1759 457 1796 teste
477 1761 657 1802 dicimus.
696 1766 801 1803 Nam
822 1777 859 1805 et
882 1770 1084 1816 Carbonis,
1107 1782 1144 1810 et
1165 1775 1335 1814 Gracchi
1354 1776 1540 1818 habemus
1561 1784 1765 1830 orationes,

364 1826 539 1865 nondum
565 1828 650 1866 satis
683 1830 892 1882 splendidas
924 1836 1062 1882 verbis,
1094 1838 1154 1876 sed
1188 1851 1329 1887 acutas,
1360 1845 1649 1900 prudentiaeque
1678 1851 1764 1903 ple-

362 1890 542 1931 niffimas.
576 1895 668 1933 Fuit
690 1897 890 1936 Gracchus
915 1900 1115 1954 diligentia
1135 1906 1323 1945 Cornelia?
1341 1911 1472 1949 matris
1489 1925 1508 1949 a
1526 1927 1646 1964 puero
1666 1916 1761 1954 doc-

360 1965 436 2002 tus,
469 1968 507 1996 et
529 1960 672 1999 Graecis
694 1963 812 2002 literis
833 1967 1017 2006 eruditus.
1069 1970 1174 2009 Nam
1196 1972 1342 2026 semper
1360 1975 1495 2015 habuit
1516 1981 1720 2031 exquifitos
1741 1997 1762 2022 e

359 2023 510 2062 Graecia
541 2027 738 2079 magistros
755 2048 766 2074 3
810 2031 849 2069 in
880 2033 931 2069 eis
960 2035 1043 2086 jam
1072 2037 1287 2077 adolescens
1324 2041 1571 2095 Diophanem
1594 2047 1759 2099 Mityle-

359 2101 500 2134 naeum,
533 2091 704 2139 Graeciae,
738 2099 975 2149 temporibus
996 2101 1088 2147 illis,
1118 2103 1415 2146 disertiffimum.
1477 2110 1548 2147 Sed
1578 2121 1615 2149 et
1647 2114 1760 2152 breve

357 2161 509 2206 tempus
541 2157 687 2209 ingenii
708 2164 872 2214 angendi
901 2174 937 2202 et
967 2166 1179 2206 declarandi
1210 2170 1298 2209 fuit.
1348 2174 1489 2220 Carbo,
1522 2178 1647 2228 quoad
1681 2181 1757 2219 vita

356 2218 623 2271 suppeditavit,
645 2225 696 2263 cst
716 2227 754 2264 in
775 2229 1092 2283 rnulfisjudiciis,
1111 2236 1300 2288 causisque
1317 2242 1509 2291 cognitus.
1546 2244 1667 2282 Hunc
1688 2247 1755 2297 qui

355 2285 549 2325 audierant
568 2290 772 2340 prudentes
793 2293 984 2342 homines,
1003 2299 1041 2336 in
1063 2301 1204 2352 quibus
1224 2302 1423 2344 familiaris
1446 2307 1569 2346 noster
1586 2311 1632 2348 L.
1654 2312 1752 2348 Gel-

354 2350 442 2396 lius,
475 2354 542 2404 qui
573 2355 607 2391 se
636 2356 693 2394 illi
724 2362 1038 2402 contubernalem
1067 2367 1106 2403 in
1134 2369 1332 2408 consulatu
1352 2371 1459 2411 fuisse
1480 2376 1664 2421 narrabat,
1687 2391 1749 2414 ca-

353 2430 492 2455 norum
524 2430 723 2468 oratorem,
755 2435 791 2463 et
824 2428 1048 2476 volubilem,
1080 2443 1117 2470 et
1149 2434 1232 2472 satis
1268 2450 1407 2483 acrem,
1439 2450 1553 2492 atque
1582 2442 1748 2481 eundem

348 2492 391 2524 et
424 2483 708 2536 vehementem,
739 2500 776 2530 et
803 2493 908 2533 valde
929 2497 1098 2544 dulcem,
1131 2509 1167 2538 et
1187 2501 1423 2556 perfacetum
1444 2505 1551 2544 fuiffe
1582 2507 1746 2548 dicebat.
