2176 2912
589 167 909 213 LIBER
979 166 1398 214 PR1MU·S,
1628 169 1702 224 167

301 272 341 313 in
357 270 443 322 jure
474 265 580 305 civili
601 265 687 304 satis
713 265 776 309 rilli
807 265 878 309 arti
898 262 1021 306 facere
1040 263 1155 317 poffe,
1184 264 1254 302 nifi
1274 264 1428 302 dicendi
1460 264 1612 317 copiam
1646 266 1703 304 as-

301 332 510 387 sumpsisset
522 350 535 376 3
570 331 694 384 (quod
724 330 885 384 quidem
918 329 998 376 hic,
1031 331 1100 383 qui
1119 342 1278 369 mecum
1299 329 1445 368 Consul
1479 329 1569 375 fuit,
1602 331 1705 370 filius

299 403 332 454 ej
341 414 382 439 us
402 399 454 437 est
473 397 718 450 consecutus)
741 411 866 450 neque
885 396 919 435 se
939 407 1026 435 ante
1042 395 1166 435 causas
1183 396 1400 435 amicorum
1417 398 1572 434 tractare
1592 407 1707 450 atque

298 480 405 520 agere
425 463 592 518 coepiffe,
623 477 740 517 quam
756 465 820 516 jus
841 464 954 502 civile
975 463 1175 501 didiciffet.

357 531 465 583 Qiid
485 544 574 569 vero
593 530 659 574 ille
679 531 741 569 M.
763 530 888 568 Cato?
912 543 1040 568 nonne
1061 538 1099 567 et
1114 528 1335 581 eloquentia
1350 527 1456 566 tanta
1469 526 1562 572 fuit,
1583 541 1707 580 quan-2

298 608 382 642 tam
402 597 468 636 illa
487 607 673 650 tempora,
706 606 821 648 atque
841 596 907 634 illa
926 605 1012 635 aetas
1043 596 1085 634 in
1105 595 1177 634 hac
1198 595 1353 634 civitate
1372 592 1469 633 ferre
1489 594 1705 633 maximam

302 665 444 718 potuit,
465 672 503 701 et
517 664 615 717 juris
636 663 760 705 civilis
781 663 962 703 omnium
983 662 1229 715 peritiffimus
1246 662 1259 700 ?
1290 660 1555 700 Verecundius
1571 659 1645 698 hac
1662 660 1709 698 de

302 745 341 769 re
357 730 592 784 jamdudum
612 730 765 783 loquor,
796 729 901 782 quod
921 729 1020 768 adest
1040 730 1097 767 vir
1127 730 1168 767 in
1194 728 1358 767 dicendo
1375 728 1568 772 summus,
1590 740 1709 779 quem

303 810 375 850 ego
395 810 519 835 unum
539 806 728 838 oratorem
749 796 920 834 maxime
940 796 1132 834 admiror:
1155 795 1218 834 sed
1238 804 1368 834 tamen
1384 794 1489 832 idem
1509 792 1586 832 hoc
1606 793 1708 831 sem-

301 876 369 916 per
383 864 447 915 jus
467 862 581 900 civile
599 861 843 914 contempfit.
864 883 871 888 -
889 862 1052 906 Verum,
1071 862 1256 914 quoniam
1273 861 1467 900 sententiae
1485 869 1600 912 atque
1620 859 1708 912 opi-

302 929 429 974 nionis
454 941 549 966 meae
579 928 750 966 voluistis
781 926 851 967 effe
870 928 1088 980 participes,
1124 927 1223 965 nihil
1243 927 1476 971 occultabo,
1508 935 1560 971 et,
1582 925 1709 978 quoad

304 1003 450 1046 potero,
472 993 581 1031 vobis
602 1007 808 1046 exponam,
831 993 926 1045 quid
947 993 992 1031 de
1013 1007 1164 1046 quaque
1185 1007 1224 1030 re
1242 992 1415 1030 sentiam.

359 1060 593 1098 XXXVIII.
625 1060 789 1103 Antonii
810 1059 1047 1098 incredibilis
1069 1060 1259 1112 quaedam,
1291 1068 1329 1096 et
1355 1072 1473 1112 prope
1493 1056 1707 1110 singularis,

305 1133 342 1162 et
363 1125 491 1162 divina
510 1125 565 1162 vis
587 1125 734 1179 ingenii
753 1125 918 1171 videtur,
940 1126 1084 1164 etiamsi
1110 1124 1181 1164 hac
1202 1125 1358 1164 scientia
1371 1124 1470 1176 juris
1490 1123 1632 1162 nudata
1650 1122 1709 1167 fit,

301 1189 406 1242 rpoffe
426 1189 538 1228 facile
557 1191 701 1228 caeteris
721 1191 836 1229 armis
856 1191 1067 1244 prudentiae
1087 1190 1212 1230 causas
1241 1190 1337 1229 tueri
1358 1199 1471 1242 atque
1492 1187 1708 1228 defendere.

307 1256 575 1307 Qamobrem
607 1255 672 1295 hic
702 1257 814 1295 nobis
835 1257 879 1295 fit
899 1266 1080 1310 exceptus
1098 1272 1107 1296 :
1139 1266 1294 1296 caeteros
1315 1269 1404 1294 vero
1425 1269 1503 1294 non
1524 1254 1711 1293 dubitabo

306 1323 480 1376 primum
501 1323 645 1360 inertiae
665 1323 918 1362 condemnare
939 1323 1124 1362 sententia
1143 1337 1240 1367 mea,
1264 1322 1346 1376 post
1361 1322 1479 1360 etiam
1499 1320 1710 1374 impuden-

309 1389 384 1426 tiae.
419 1389 526 1428 Nam
546 1389 704 1427 volitare
718 1391 757 1428 in
778 1389 874 1434 foro,
891 1388 1032 1428 haerere
1052 1390 1091 1428 in
1107 1390 1194 1442 jure
1213 1403 1255 1427 ac
1278 1390 1489 1427 Praetorum
1510 1386 1715 1425 tribunali-

309 1457 395 1502 bus,
402 1457 549 1509 judicia
567 1457 712 1509 privata
727 1470 955 1509 magnarum
972 1470 1100 1494 rerum
1117 1456 1237 1500 obire,
1251 1456 1291 1493 in
1308 1454 1450 1507 quibus
1465 1453 1558 1506 saepe
1572 1466 1649 1491 non
1663 1452 1710 1491 de

303 1522 423 1568 facto,
446 1523 506 1561 sed
526 1524 572 1561 de
592 1525 770 1576 aequitate
790 1525 929 1576 acjure
944 1524 1273 1574 certetur‚ja6tare
1289 1521 1323 1560 se
1341 1522 1381 1559 in
1397 1520 1513 1558 causls
1530 1529 1711 1558 centum-

308 1590 502 1635 viralibus,
525 1590 565 1627 in
582 1590 723 1642 quibus
741 1589 1032 1641 usucapionum‚
1056 1589 1279 1632 tutelarum,
1293 1586 1572 1639 gentilitatum,
1594 1598 1709 1639 agna-

309 1656 476 1700 tionum,
498 1655 752 1700 alluvionum,
784 1655 1154 1699 circumluvionum,
1185 1666 1388 1697 nexorum,
1411 1652 1710 1704 mancipiorum,
1730 1669 1738 1676 -

310 1723 513 1774 parietum,
533 1722 746 1767 luminum,
768 1721 1068 1765 stillicidiorum,
1087 1720 1402 1759 testamentorum
1424 1727 1627 1770 ruptorum
1647 1726 1713 1755 aut

312 1798 495 1833 rarorum,
525 1797 823 1841 caeterarumque
854 1801 983 1826 rerum
1014 1786 1360 1826 innumerabilium
1384 1785 1472 1837 jura
1503 1783 1711 1828 versentur,

313 1869 405 1893 cum
435 1855 612 1899 omnino,
643 1855 738 1907 quid
770 1854 895 1897 suum,
933 1854 1026 1905 quid
1058 1853 1243 1897 alienum,
1275 1865 1391 1906 quare
1421 1851 1587 1903 denique
1617 1850 1710 1888 civis

307 1934 358 1966 ,an
381 1920 614 1972 peregrinus,
646 1919 770 1958 servus
791 1933 838 1957 an
865 1919 963 1958 liber
982 1918 1173 1972 quispiam
1194 1918 1252 1963 s1t,
1286 1919 1450 1970 ignoret,
1486 1916 1642 1968 insignis
1663 1913 1715 1954 est

312 1986 576 2039 impudentiae.
627 1985 698 2023 Illa
732 1999 820 2023 vero
851 1984 1055 2023 deridenda
1085 1984 1298 2037 arrogantia
1328 1983 1393 2027 est,
1426 1982 1465 2020 in
1497 1981 1713 2020 minoribus

314 2052 475 2105 navigiis
496 2052 630 2089 rudem
650 2051 720 2090 effe
742 2051 776 2089 se
806 2050 1008 2096 confiteri3
1041 2051 1353 2103 quinqueremeS,
1386 2057 1450 2086 aut
1480 2048 1598 2086 etiam
1630 2059 1715 2089 ma·

308 2119 424 2171 jores,
445 2118 656 2170 gubernare
675 2116 859 2158 didicisse.
906 2118 972 2156 Tu
990 2115 1089 2155 mihi
1105 2129 1198 2154 cum
1214 2115 1254 2153 in
1275 2113 1421 2153 circulo
1441 2113 1628 2166 decipiare
1647 2112 1714 2152 ad-

314 2184 461 2222 versarii
478 2184 812 2236 stipulatiuncula;
835 2193 872 2221 et
889 2197 982 2221 cum
998 2182 1172 2236 obsignes
1191 2181 1346 2220 tabellas
1363 2179 1516 2219 clientis
1538 2179 1609 2223 tui,
1624 2177 1714 2231 qui-

318 2250 390 2288 bus
412 2251 451 2288 in
475 2250 623 2288 tabellis
643 2250 682 2287 id
703 2250 747 2288 fit
774 2249 974 2303 scriptum,
996 2262 1074 2302 quo
1094 2249 1160 2286 ille
1181 2248 1378 2301 capiatur3
1410 2259 1481 2298 ego
1502 2245 1574 2283 tibi
1594 2245 1715 2283 ullam

315 2315 467 2354 causam
488 2315 672 2367 majorem
702 2315 1025 2353 committendam
1052 2314 1215 2367 putem?
1248 2313 1375 2351 Citius
1407 2311 1562 2349 hercule
1580 2311 1625 2355 is,
1648 2307 1716 2361 qui

316 2382 486 2420 duorum
506 2381 735 2419 scalmorum
755 2380 969 2418 naviculam
985 2381 1024 2417 in
1038 2389 1153 2433 portu
1168 2379 1357 2424 everterit,
1371 2378 1412 2417 iu
1425 2376 1581 2415 Euxino
1597 2382 1716 2430 ponto

316 2449 631 2499 Argonautarum
653 2459 787 2485 navem
809 2446 1043 2498 gubernarit.
