2176 2912
450 234 526 287 306
803 237 916 276 DE
995 237 1498 277 ORATORE

448 326 632 378 quoniam
653 329 697 366 de
719 329 840 368 nostra
870 329 1086 384 poffeffione
1116 330 1275 384 depulsi,
1306 330 1346 368 in
1366 343 1494 382 parvo,
1525 337 1563 367 et
1588 341 1632 367 eo
1658 328 1839 383 litigioso,

448 394 631 445 praediolo
651 395 770 433 relieti
787 395 930 440 sumus,
955 406 993 433 et
1012 396 1175 434 aliorum
1191 396 1341 448 patroni
1361 395 1483 433 nostra
1502 405 1641 440 tenere,
1664 395 1842 447 tuerique

450 471 527 496 non
545 459 771 512 potuimus;
805 461 851 498 ab
873 461 932 506 iis,
958 460 1080 512 (quod
1100 461 1407 513 indigniffimum
1428 460 1496 513 est)
1520 461 1590 513 qui
1610 461 1649 498 in
1670 461 1841 498 nostrum

449 525 729 576 patrimonium
749 527 979 579 irruperunt,
1000 527 1105 578 quod
1124 541 1219 579 opus
1241 527 1293 565 est
1313 527 1439 571 nobis,
1461 537 1701 565 mutuemur.

503 591 697 630 XXVIII.
730 592 881 630 Dicunt
913 593 1032 645 igitur
1062 605 1164 630 nunc
1191 592 1352 643 quidem
1383 592 1456 637 illi,
1479 593 1548 644 qui
1579 606 1625 631 ex
1656 590 1842 645 particula

448 669 560 709 parva
580 657 684 696 urbis
705 671 747 695 ac
767 658 843 695 loci
868 671 1010 696 nomen
1029 657 1185 702 habent,
1203 665 1239 695 et
1256 656 1500 709 Peripatetici
1519 657 1756 710 philosophi,
1777 669 1843 695 aut

450 723 675 761 Academici
706 723 954 761 nominantur
965 740 976 767 ;
1008 722 1105 760 olim
1135 731 1279 767 autem,
1310 731 1466 775 propter
1497 722 1682 761 eximiam
1713 735 1840 760 rerum

450 789 709 827 maximarum
743 788 941 826 scientiam
975 801 996 826 a
1026 789 1172 826 Graecis
1205 788 1361 827 Politici
1391 786 1613 841 philosophi
1645 788 1841 841 appellati,

449 854 709 893 universarum
741 867 868 892 rerum
904 854 1148 906 publicarum
1183 854 1341 892 nomine
1369 854 1627 899 vocabantur;
1667 855 1843 892 Omnem

447 920 605 959 Civilem
625 919 838 959 orationem
857 920 898 957 in
918 918 1061 957 horum
1080 919 1261 959 alterutro
1280 932 1416 972 genere
1436 918 1584 964 versari,
1605 929 1670 957 aut
1686 919 1843 957 definita

448 985 698 1025 controverfia
730 985 842 1023 c'ertis
877 984 1116 1037 temporibus
1138 998 1179 1022 ac
1211 985 1297 1030 reis,
1331 984 1407 1023 hoc
1428 983 1558 1030 modo,
1590 982 1789 1023 Placeatne
1822 998 1842 1022 a

449 1048 811 1105 Carthaginenfibus
833 1051 1002 1104 captivos
1025 1050 1182 1096 nostros,
1210 1048 1366 1089 redditis
1388 1051 1478 1095 suis,
1506 1051 1716 1103 recuperari
1735 1065 1744 1089 :
1774 1058 1842 1088 aut

447 1116 599 1157 infinite
619 1118 666 1157 de
695 1116 868 1156 universo
901 1131 1037 1170 genere
1058 1118 1276 1169 quaerentis,
1308 1117 1416 1169 Qid
1436 1117 1598 1155 omnino
1623 1117 1669 1154 de
1689 1116 1841 1169 captivo

445 1183 690 1223 statuendum
709 1197 752 1222 ac
779 1182 1020 1222 sentiendum
1050 1183 1107 1221 fit.
1140 1184 1272 1235 Atque
1292 1182 1433 1221 horum
1454 1183 1625 1236 superius
1646 1178 1746 1220 illud
1771 1195 1840 1234 ge-

447 1253 519 1289 nus
541 1250 705 1295 causam,
735 1259 800 1288 aut
819 1248 1125 1295 co‘ntroverfiam,
1152 1249 1372 1302 appellant;
1404 1261 1568 1302 eamque
1588 1249 1725 1294 tribus,
1751 1248 1840 1300 lite,

445 1322 513 1355 aut
542 1312 829 1361 deliberatione,
861 1325 927 1354 aut
959 1315 1190 1362 laudatione,
1220 1315 1435 1355 definiunt:
1467 1314 1548 1354 haec
1568 1315 1697 1353 autem
1727 1313 1842 1352 altera

446 1380 604 1436 quaestio
624 1381 788 1427 infinita,
816 1391 854 1420 et
880 1381 983 1434 quafi
1010 1382 1212 1436 proposita,
1243 1379 1471 1421 consultatio
1500 1378 1744 1421 nominatur:
1780 1388 1840 1419 at-

445 1461 521 1502 que
540 1448 723 1488 haetenus
743 1449 971 1501 loquuntur.

500 1515 632 1553 Etiam
652 1513 724 1552 hac
744 1512 977 1552 instituendo
997 1514 1179 1553 divifione
1199 1512 1375 1560 utuntur,
1411 1514 1473 1553 sed
1499 1514 1564 1559 ita,
1599 1527 1674 1552 non
1696 1522 1737 1552 ut
1752 1513 1841 1565 jure

445 1582 511 1618 aut
535 1576 700 1633 judicio,
735 1588 779 1618 ut
812 1577 979 1631 denique
1013 1592 1230 1631 recuperare
1265 1580 1435 1618 amissam
1470 1580 1745 1632 poffeffionem,
1777 1577 1840 1616 sed

446 1654 490 1684 ut
509 1659 556 1684 ex
570 1647 657 1698 jure
677 1645 798 1690 civili,
820 1642 970 1682 surculo
991 1642 1256 1697 defringendo,
1274 1644 1453 1698 usurpare
1471 1643 1684 1683 videantur.
1731 1643 1838 1683 Nam

444 1711 544 1750 illud
564 1708 727 1750 alterum
747 1717 883 1763 genus,
916 1708 1021 1762 quod
1041 1709 1094 1747 est
1113 1707 1368 1762 temporibus,
1393 1711 1502 1756 locis,
1525 1711 1596 1748 reis
1617 1709 1839 1755 definitum,

444 1777 636 1822 obtinent,
671 1786 785 1829 atque
806 1775 974 1829 idipsum
996 1774 1146 1813 lacinia.
1207 1776 1327 1815 Nunc
1357 1777 1463 1814 enim
1494 1776 1594 1829 apud
1616 1774 1837 1820 Philonem,

444 1848 559 1896 quem
584 1843 627 1880 in
640 1841 850 1880 Academia
870 1841 1038 1880 maxime
1059 1842 1185 1894 vigere
1206 1841 1332 1887 audio,
1355 1843 1470 1880 etiam
1491 1841 1628 1880 harum
1643 1843 1725 1894 jam
1746 1854 1839 1879 cau—

445 1907 775 1961 sarumcognstio,
809 1908 1109 1960 exercitatioque
1136 1907 1361 1946 celebratur.
1422 1909 1601 1946 Alterum
1633 1921 1722 1946 vero
1753 1917 1839 1945 tan-

445 1975 649 2013 tummodo
681 1976 719 2012 in
755 1974 879 2026 prima
912 1983 989 2013 arte
1025 1973 1203 2013 tradenda
1240 1975 1455 2018 nominant,
1497 1984 1534 2012 et
1572 1974 1729 2011 oratoris
1768 1971 1839 2010 effe

445 2040 606 2079 dicunt:
639 2040 701 2079 sed
735 2054 860 2092 neque
891 2041 987 2085 vim,
1024 2053 1147 2092 neque
1170 2049 1343 2077 naturam
1378 2041 1474 2090 ejus,
1505 2052 1573 2076 nec
1593 2048 1731 2091 partes,
1768 2051 1837 2077 nec

444 2117 579 2158 genera
599 2115 818 2159 proponunt
837 2123 848 2150 ς
881 2115 923 2143 ut
956 2106 1136 2158 praeteriri
1167 2102 1328 2142 omnino
1348 2102 1463 2142 fuerit
1484 2104 1609 2147 satius,
1641 2117 1759 2156 quam
1779 2113 1836 2141 at-

445 2180 634 2209 tentatum
657 2171 786 2209 deseri.
830 2172 949 2210 Nunc
970 2172 1075 2208 enim
1097 2171 1225 2223 inopia
1255 2171 1410 2208 reticere
1431 2169 1714 2223 intelliguntur,
1751 2179 1837 2209 tum

441 2237 592 2290 judicio
612 2238 843 2275 viderentur.

500 2296 653 2341 XXIX.
687 2303 830 2341 Omnis
866 2303 983 2354 igitur
1014 2315 1070 2341 res
1091 2303 1249 2340 eandem
1270 2301 1383 2340 habet
1406 2311 1578 2340 naturam
1599 2302 1836 2354 ambigendi,

446 2369 493 2408 de
513 2383 588 2423 qua
603 2369 719 2422 quaeri
739 2379 776 2407 et
792 2368 988 2422 disceptari
1004 2368 1138 2422 potest,
1160 2369 1232 2406 five
1254 2368 1293 2406 in
1313 2367 1473 2407 infinitis
1494 2368 1837 2407 consultationibus

447 2435 689 2488 disceptatur,
705 2434 776 2472 five
794 2434 832 2472 in
854 2435 900 2472 iis
921 2435 1052 2480 caufis,
1068 2447 1151 2486 quae
1172 2434 1211 2471 in
1232 2433 1398 2479 civitate,
1412 2443 1450 2472 et
1470 2435 1510 2471 in
1530 2433 1666 2473 forensi
1687 2433 1836 2486 discep-

448 2500 590 2540 tatione
609 2500 801 2540 versantur
820 2515 828 2539 :
861 2513 983 2553 neque
1004 2500 1056 2538 est
1076 2500 1167 2545 ulla,
1200 2513 1284 2552 quae
1315 2513 1392 2538 non
1419 2509 1483 2538 aut
1504 2500 1549 2537 ad
1569 2498 1836 2552 cognoscendi,

448 2577 512 2606 aut
531 2568 576 2606 ad
596 2568 731 2622 agendi
751 2568 833 2606 vim
853 2567 1117 2620 rationemque
1132 2565 1328 2606 referatur.
1360 2567 1466 2606 Nam
1486 2576 1550 2606 aut
1570 2565 1647 2618 ipsa
1665 2564 1838 2618 cognitio
