2176 2912
777 177 1305 218 ORATOR.
1666 198 1745 240 455

342 272 562 325 seponerent
578 290 589 316 ;
621 270 684 309 sed
714 271 850 309 eodem
882 280 1055 323 tempore
1083 265 1125 307 ‘et
1153 269 1387 309 discentibus
1408 271 1676 322 satisfacerent,
1708 288 1746 317 et

341 337 642 376 consulentibus.
703 337 828 375 Alteri
858 350 950 374 cum
971 335 1226 374 domesticum
1262 345 1416 389 tempus
1438 339 1477 376 in
1508 343 1744 393 cognoscen-

339 403 411 447 dis,
448 402 800 455 componendisque
829 402 961 447 caufis,
1006 401 1154 439 forense
1187 403 1227 439 in
1262 403 1431 454 agendis,
1476 405 1670 458 reliquum
1703 410 1745 448 in

337 468 460 521 seipsis
481 468 695 507 reficiendis
711 483 828 507 omne
845 469 1136 513 consumerent5
1160 482 1278 520 quem
1298 467 1490 508 habebant
1506 471 1742 522 instituendi,

336 544 401 572 aut
417 536 579 573 docendi
600 535 760 574 locum?
783 538 917 588 Atque
936 534 1039 573 haud
1060 535 1150 580 scio,
1167 548 1214 573 an
1230 535 1404 588 plerique
1426 537 1641 578 nostrorum
1658 555 1743 580 ora-

336 610 465 639 torum
487 602 643 654 ingenio
663 602 750 654 plus
770 602 973 646 valuerint,
995 615 1113 654 quarn
1134 601 1318 639 doetrina.
1369 603 1504 655 Itaque
1534 605 1593 642 illi
1620 606 1744 646 dicere

335 668 490 714 melius,
512 683 630 721 quam
652 669 882 721 praecipere3
916 682 983 706 nos
1005 667 1138 706 contra
1158 667 1307 707 fortaffe
1324 669 1535 721 possumus.

390 737 446 772 At
479 735 709 787 dignitatem
741 735 875 773 docere
906 749 983 773 non
1015 734 1144 773 habet.
1205 736 1332 780 Certe,
1364 736 1390 774 fi
1420 737 1523 788 quasi
1555 738 1594 776 in
1619 740 1738 780 ludo:

334 800 397 838 sed
424 801 449 838 fi
476 802 685 846 monendo,
717 802 742 839 fi
777 801 1030 846 cohortando,
1076 801 1102 839 fi
1134 802 1409 853 percontando,
1453 803 1478 840 fi
1514 808 1740 846 communi-

333 867 468 912 cando,
499 868 525 905 fi
558 867 754 905 interdum
785 868 901 905 etiam
933 882 1008 905 una
1034 867 1210 919 legendo,
1253 869 1440 906 audiendo
1457 888 1469 914 3
1515 872 1640 910 nescio
1672 887 1740 913 cur

331 946 411 971 non
432 933 606 971 docendo
639 933 755 971 etiam
787 934 934 986 aliquid
964 933 1184 986 aliquando,
1216 933 1240 970 fi
1262 934 1374 985 poffis
1402 936 1578 975 meliores
1600 937 1736 986 facere,

331 1012 401 1036 cur
431 999 561 1037 nolis?
607 1000 686 1044 An,
723 1000 865 1051 quibus
897 999 1021 1037 verbis
1057 999 1248 1037 sacrorum
1278 999 1455 1039 alienatio
1482 1001 1561 1047 fiat,
1604 1005 1738 1044 docere

332 1063 538 1103 honestum
567 1065 633 1110 est,
665 1074 709 1103 ut
729 1065 780 1102 est
795 1083 807 1110 ς
844 1066 985 1117 quibus
1006 1065 1084 1117 ipsa
1103 1065 1203 1103 sacra
1223 1066 1376 1104 retineri
1397 1066 1627 1122 defendique
1646 1071 1736 1124 pos-

330 1131 404 1168 fint
424 1145 503 1169 non
522 1130 726 1169 honestum
747 1132 799 1169 est
818 1132 830 1168 ?

385 1199 441 1235 At
455 1199 519 1249 jus
541 1198 770 1250 profitentur
787 1198 901 1236 etiam
923 1199 990 1250 qui
1011 1199 1210 1237 nesciunt:
1244 1200 1505 1252 eloquentiam
1527 1211 1656 1242 autem
1675 1204 1735 1243 illi

329 1263 412 1316 ipfi,
444 1264 511 1316 qui
532 1263 725 1302 consecuti
760 1264 860 1308 sunt,
892 1273 1020 1302 tamen
1041 1266 1084 1302 ea
1116 1265 1151 1302 se
1185 1265 1306 1303 valere
1332 1267 1582 1313 diffimulant‚
1614 1284 1733 1323 prop-

328 1340 428 1368 terea
449 1331 553 1382 quod
573 1331 775 1383 prudentia
795 1330 1022 1368 hominibus
1042 1341 1147 1383 grata
1166 1332 1231 1376 est,
1253 1332 1386 1385 lingua
1405 1333 1584 1386 suspecta.
1619 1336 1733 1375 Num

328 1396 449 1448 igitur
469 1406 533 1434 aut
559 1397 673 1435 latere
694 1397 914 1448 eloquentia
934 1397 1081 1449 potest;
1114 1406 1179 1434 aut
1210 1398 1263 1442 id,
1295 1399 1400 1450 quod
1419 1399 1640 1446 diffimulat,
1671 1402 1730 1440 ef-

327 1461 459 1515 fugit3
491 1473 556 1501 aut
585 1464 638 1502 est
670 1463 903 1516 periculum,
935 1477 982 1501 ne
1002 1464 1087 1515 quis
1108 1473 1219 1516 putet
1253 1465 1293 1502 in
1325 1479 1464 1517 magna
1484 1476 1561 1504 arte
1582 1477 1619 1505 et
1642 1469 1729 1520 glo-

327 1529 422 1567 riosa
451 1539 561 1582 turpe
592 1530 662 1568 effe
696 1530 831 1568 docere
862 1530 955 1567 alios
976 1530 1029 1574 id,
1062 1530 1167 1582 quod
1196 1530 1263 1582 ipfi
1283 1529 1399 1569 fuerit
1424 1530 1730 1574 honestiffirnum

327 1595 467 1633 discere
486 1596 500 1632 ?.

380 1663 441 1699 Ac
471 1661 620 1700 fortasse
648 1663 773 1700 caeteri
795 1663 966 1700 metim-es
986 1677 994 1701 :
1027 1676 1097 1715 ego
1124 1663 1272 1716 semper
1293 1677 1355 1701 me
1375 1664 1544 1702 didicisse
1569 1679 1644 1718 prae
1664 1680 1728 1704 me

325 1727 412 1765 tuli.
473 1729 582 1780 Qid
601 1729 707 1766 enim
727 1728 872 1780 poffem
890 1730 902 1766 ?
935 1743 1026 1766 cum
1048 1738 1086 1766 et
1103 1729 1304 1768 abfuiffem
1325 1731 1552 1776 adolescens,
1586 1742 1622 1770 et
1651 1731 1725 1770 ho-

325 1807 412 1831 rum
433 1793 646 1832 studiorum
667 1795 774 1832 causa
808 1808 910 1832 mare
931 1795 1150 1840 transissem,
1186 1805 1223 1833 et
1244 1797 1466 1835 doetiffimis
1498 1797 1725 1838 hominibus

324 1859 460 1898 referta
479 1860 617 1898 domus
637 1860 739 1904 effet,
771 1869 808 1898 et
829 1861 965 1912 aliquae
985 1860 1133 1898 fortasse
1166 1862 1325 1900 ineffent
1343 1863 1383 1900 in
1410 1864 1581 1902 sermone
1599 1865 1726 1904 nostro

323 1925 582 1964 doctrinarum
603 1936 702 1964 notae
715 1945 726 1970 3
759 1940 929 1978 cumque
948 1927 1065 1979 vulgo
1086 1927 1222 1980 scripta
1251 1928 1374 1965 nostra
1393 1929 1623 1981 legerentur,
1646 1931 1725 1969 dis-

322 1991 542 2030 simularem
568 2006 632 2030 me
652 1992 852 2030 didiciffe?
945 1993 1012 2030 uid
1042 2002 1132 2038 erat,
1166 2006 1234 2031 cur
1266 1993 1482 2046 probarem,
1519 1996 1587 2033 nifi
1618 1997 1723 2049 quod

321 2071 458 2110 parum
477 2057 627 2097 fortaffe
647 2058 881 2111 profeceram
900 2060 912 2097 ?

377 2124 528 2162 XLIII.
561 2124 790 2176 Qodcum
811 2125 863 2163 ita
888 2125 959 2170 fit,
992 2134 1119 2163 tamen
1151 2139 1206 2171 ea,
1242 2140 1326 2178 quae
1356 2126 1465 2179 supra
1492 2127 1591 2165 dieta
1620 2128 1720 2175 sunt,

320 2188 408 2242 plus
428 2190 468 2227 in
489 2190 729 2243 disputando,
751 2204 869 2243 quam
888 2205 942 2236 ea,
964 2192 1010 2229 de
1030 2193 1171 2244 quibus
1193 2192 1401 2231 dicendum
1429 2194 1494 2238 est,
1522 2194 1720 2247 dignitatis

320 2254 551 2294 habuerunt.
583 2257 644 2294 De
664 2257 789 2294 verbis
808 2258 915 2295 enim
941 2259 1232 2310 componendis,
1263 2269 1300 2297 et
1330 2260 1375 2298 de
1396 2260 1547 2312 syllabis
1579 2275 1717 2313 prope-

320 2320 485 2358 modum
518 2321 820 2366 dinumerandis,
850 2332 888 2361 et
918 2323 1163 2362 dimetiendis
1183 2325 1417 2376 loquemur3
1450 2340 1534 2378 quae
1554 2327 1668 2363 etiam
1690 2327 1716 2363 si

320 2387 422 2432 sunt,
451 2387 559 2425 ficuti
596 2387 696 2426 mihi
728 2389 917 2433 videntur,
950 2390 1161 2435 neceffaria,
1194 2400 1322 2429 tamen
1343 2392 1441 2430 fiunt
1462 2392 1713 2443 magnificen-

318 2453 410 2497 tius,
442 2466 558 2504 quam
592 2453 791 2491 docentur.
851 2454 918 2491 Est
952 2455 990 2492 id
1025 2456 1187 2494 omnino
1215 2470 1362 2501 verum,
1400 2457 1460 2494 sed
1494 2457 1644 2508 proprie
1673 2457 1713 2494 in

317 2517 393 2557 hoc
414 2518 568 2560 dicitur.
627 2520 735 2560 Nam
754 2520 935 2560 omnium
960 2535 1189 2577 magnarum
1218 2523 1372 2568 artium,
1405 2523 1498 2561 sieut
1518 2522 1712 2569 arborum,
