2176 2912
754 200 1282 240 ORATOR.
1642 214 1720 254 433

325 296 504 335 suavitate
523 303 561 332 et
579 293 762 346 gravitate
781 295 957 346 princeps
978 293 1105 344 Plato)
1139 302 1266 330 tamen
1288 290 1429 330 horum
1458 293 1577 331 oratio
1599 307 1722 345 neque

324 375 472 406 nervos,
494 373 618 412 neque
637 360 787 397 aculeos
812 360 1010 403 oratorios,
1042 372 1084 396 ac
1111 357 1275 396 forenses
1296 357 1425 396 habet.
1486 361 1722 410 Loquuntur

323 441 415 465 cum
433 426 568 470 dofris,
599 439 767 477 quorum
788 424 910 463 sedare
931 426 1080 463 animos
1103 425 1267 469 malunt,
1301 438 1418 476 quam
1440 425 1608 463 incitare.
1661 427 1722 463 Sic

322 492 369 530 de
402 492 515 530 rebus
540 491 712 544 placatis,
740 504 783 529 ac
814 491 977 529 minime
1010 490 1258 534 turbulentis,
1299 490 1461 527 docendi
1492 491 1612 534 causa,
1645 505 1723 528 non

322 558 512 611 capiendi,
533 558 748 610 loquuntur
763 576 775 602 3
807 567 850 595 ut
870 558 911 595 in
931 570 976 595 eo
996 556 1091 609 ipso,
1112 556 1220 609 quod
1240 556 1533 594 delectationem
1552 556 1723 607 aliquam

321 625 486 663 dicendo
520 634 772 677 aucupentur,
818 625 905 677 plus
934 623 1148 668 nonnullis,
1178 637 1296 675 quam
1331 623 1473 661 neceffe
1507 623 1564 667 fit,
1600 621 1725 660 facere

320 691 535 729 videantur.
595 691 701 742 Ergo
721 690 767 728 ab
788 689 864 728 hoc
884 703 1021 743 genere
1051 703 1129 727 non
1150 689 1310 727 difficile
1329 689 1383 726 est
1401 687 1501 726 hanc
1535 688 1724 740 eloquen-

322 758 431 802 tiam,
462 757 508 795 de
540 770 615 809 qua
645 770 749 794 nunc
779 757 918 809 agitur,
950 756 1153 794 secernere.
1214 755 1352 793 Mollis
1384 755 1436 793 est
1466 754 1572 792 enim
1603 756 1725 793 oratio

323 823 650 876 Philosophorum
685 832 723 861 et
756 823 990 868 umbratilis,
1036 836 1106 860 nec
1140 821 1351 866 sententiis,
1397 835 1468 859 nec
1502 822 1627 859 verbis
1662 822 1725 859 in-

321 890 460 928 structa
493 889 758 942 popularibus,
798 902 869 926 nee
913 889 1040 926 vineta
1070 888 1256 932 numeris,
1297 888 1358 926 sed
1395 888 1518 926 soluta
1550 888 1729 926 liberiusff

321 954 440 994 Nihil
459 955 603 993 iratum
623 953 753 999 habet,
784 953 886 992 nihil
908 953 1100 998 invidum,
1136 952 1236 991 nihil
1257 963 1380 998 atrox,
1411 953 1511 991 nihil
1533 954 1724 999 mirabile,

321 1020 422 1060 nihil
443 1021 634 1060 astutum:
667 1021 777 1066 casta,
799 1020 1026 1065 verecunda,
1047 1021 1156 1073 virgo
1178 1020 1399 1073 incorrupta
1419 1019 1724 1072 quodammodo.

323 1089 459 1140 Itaque
487 1088 611 1126 sermo
642 1089 785 1140 potius,
815 1101 933 1140 quam
963 1087 1098 1132 oratio,
1131 1086 1286 1124 dicitur.
1348 1088 1586 1138 Qanquam
1620 1087 1727 1125 enim

322 1155 450 1192 omnis
471 1155 617 1192 locutio
650 1155 772 1192 oratio
791 1153 857 1199 est,
890 1163 1019 1192 tamen
1040 1153 1154 1192 unius
1174 1153 1332 1192 oratoris
1364 1152 1512 1191 locutio
1532 1151 1607 1191 hoc
1633 1167 1730 1207 pros

322 1221 408 1274 prio
427 1221 570 1274 fignata
589 1220 748 1260 nomine
767 1220 833 1259 est.

379 1287 658 1341 Sophistarum,
688 1287 734 1326 de
766 1287 909 1340 quibus
930 1287 1040 1341 supra
1071 1287 1152 1326 dixi
1173 1287 1295 1340 magis
1322 1286 1589 1340 distinguenda
1619 1286 1725 1324 fimi-

323 1353 449 1391 litudo
482 1354 647 1398 videtur,
680 1355 749 1406 qui
781 1367 915 1393 omnes
942 1353 1094 1392 eosdem
1115 1354 1252 1391 volunt
1283 1352 1407 1397 fiores,
1440 1366 1536 1405 quos
1569 1350 1728 1406 adhibet

323 1427 450 1458 orator
468 1421 509 1458 in
530 1421 662 1465 causis,
693 1420 881 1473 persequi.
942 1420 1013 1458 Sed
1032 1419 1108 1458 hoc
1129 1419 1327 1463 differunt,
1349 1419 1468 1471 quod,
1490 1432 1583 1456 cum
1602 1418 1646 1456 fit
1666 1417 1726 1456 his

323 1487 564 1539 propositum
594 1500 673 1524 non
705 1487 925 1539 perturbare
944 1487 1109 1531 animos,
1141 1485 1201 1523 sed
1222 1485 1370 1538 placare
1390 1485 1533 1537 potius,
1556 1497 1626 1522 nec
1647 1493 1727 1522 tam

322 1552 556 1605 persuadere,
588 1565 706 1604 quam
726 1552 923 1596 delectare,
955 1560 994 1589 et
1020 1551 1186 1604 apertius
1208 1551 1247 1588 id
1267 1549 1416 1588 faciunt
1437 1563 1556 1602 quam
1576 1563 1659 1594 nos,
1688 1558 1727 1588 et

323 1619 492 1657 crebrius
509 1637 520 1664 3
553 1619 760 1656 concinnas
795 1619 918 1671 magis
950 1618 1152 1656 sententias
1179 1618 1404 1669 exquirunt,
1436 1630 1553 1669 quam
1585 1616 1733 1668 proba*

324 1684 449 1730 biles3
495 1699 516 1723 a
548 1699 587 1723 re
622 1685 715 1738 saepe
747 1685 960 1730 discedunt,
1006 1685 1187 1722 intexunt
1221 1683 1384 1728 fabulas,
1417 1683 1531 1720 verba
1561 1683 1726 1735 apertius

324 1750 572 1796 transferunt,
601 1765 722 1802 eaque
752 1753 805 1789 ita
838 1751 1060 1804 disponunt,
1093 1760 1136 1788 ut
1168 1751 1330 1803 pictores
1366 1751 1586 1788 varietatem
1617 1749 1726 1787 colo-

325 1830 413 1854 rum
429 1835 441 1862 3
487 1817 589 1870 paria
622 1817 776 1869 paribus
810 1816 995 1861 referunt,
1026 1816 1175 1854 adversa
1208 1816 1422 1861 contrariis,
1454 1815 1728 1869 saepissimeque

324 1883 499 1921 similiter
519 1892 688 1920 extrema
707 1882 910 1921 definiunt.

379 1949 471 1987 XX.
504 1949 612 1987 Huic
645 1949 774 2001 generi
794 1947 949 1986 historia
969 1948 1135 1987 finitima
1154 1948 1220 1994 est,
1252 1949 1291 1986 in
1313 1961 1389 2000 qua
1413 1957 1451 1985 et
1472 1956 1642 1985 narratur
1662 1960 1726 1984 or-

326 2022 425 2058 nate,
462 2023 500 2052 et
520 2014 624 2066 regio
645 2013 738 2066 slepe
773 2023 837 2051 aut
857 2028 987 2067 pugna
1007 2014 1258 2052 describitur:
1290 2014 1590 2066 interponuntur
1610 2013 1727 2050 etiam

325 2081 530 2119 conciones
562 2089 600 2118 et
630 2079 865 2118 hortationes
882 2100 894 2125 ;
926 2081 988 2118 sed
1015 2081 1055 2118 in
1089 2079 1150 2118 his
1183 2082 1298 2118 tracia
1328 2080 1503 2132 quaedarn
1538 2089 1575 2116 et
1605 2078 1728 2116 fluens

324 2148 531 2198 expetitur,
563 2160 641 2184 non
661 2145 742 2184 haec
763 2157 939 2185 contorta
957 2157 995 2185 et
1015 2147 1124 2191 acris,
1152 2147 1286 2184 oratio.
1332 2146 1396 2184 Ab
1417 2144 1477 2183 his
1500 2159 1575 2182 non
1599 2145 1727 2183 multo

326 2211 445 2257 secus,
467 2226 585 2264 quarn
618 2226 639 2249 a
668 2213 806 2264 poetiS,
838 2212 919 2251 haec
945 2213 1179 2265 eloquentia,
1211 2225 1329 2264 quam
1365 2213 1587 2264 quaeriimis,
1621 2210 1725 2248 sevo-

326 2277 445 2314 canda
464 2278 529 2315 est.
576 2278 683 2316 Nam
703 2278 821 2316 etiam
853 2289 973 2331 poetae
1004 2278 1254 2331 quaestionem
1280 2277 1507 2321 attulerunt,
1539 2276 1730 2327 quidnam

326 2343 414 2381 effet
433 2343 546 2388 illud,
577 2357 656 2396 quo
686 2344 754 2396 ipfi
775 2344 972 2383 differrent
992 2345 1038 2383 ab
1065 2345 1292 2383 oratoribus.
1354 2345 1532 2382 Numero
1554 2341 1725 2379 maxime

325 2410 552 2448 videbantur
571 2420 692 2456 antea,
713 2419 752 2450 et
771 2411 901 2458 versu,
923 2425 1028 2451 nunc
1048 2411 1150 2466 apud
1164 2421 1328 2450 oratores
1343 2412 1426 2462 jam
1447 2409 1524 2462 ipse
1542 2419 1725 2447 numerus

325 2477 529 2518 increbuit.

1289 2546 1306 2582 Ι
1327 2542 1370 2582 i'i
1402 2556 1424 2581 2
