2176 2912
439 185 518 222 214
794 172 907 210 DE
985 172 1492 212 ORATORE

436 264 542 317 quod
562 278 639 303 non
662 273 739 302 tam
755 263 867 302 facile
887 265 927 302 in
949 266 1082 303 nostris
1103 267 1315 304 oratoribus
1333 267 1528 320 possumus
1543 267 1730 319 judicare,
1745 268 1836 320 quia

436 331 585 384 scripta,
606 344 653 369 ex
673 331 815 382 quibus
829 331 1026 383 judicium
1046 331 1127 370 fieri
1148 333 1278 384 poffet,
1310 347 1387 371 non
1417 334 1539 371 multa
1561 334 1646 372 sane
1665 334 1832 387 relique-

436 406 541 442 runt,
562 411 679 449 quam
700 397 739 435 in
762 398 932 441 Graecis;
965 411 1011 436 ex
1032 412 1199 449 quorum
1222 399 1384 451 scriptis,
1406 399 1590 453 cujusque
1609 400 1728 439 aetatis
1749 414 1834 453 quae

435 464 590 502 dicendi
610 464 719 508 ratio,
740 463 989 516 voluntasque
1008 463 1138 508 fuerit,
1160 465 1327 518 intelligi
1348 467 1483 518 potest.

491 529 759 582 Antiquiffimi
779 528 856 567 fere
882 529 982 574 sunt,
1017 543 1185 581 quorum
1205 532 1364 582 quidem
1385 532 1523 585 scripta
1539 533 1726 578 constent,
1759 533 1834 571 Pe-
1867 538 1870 539 ’

437 595 546 634 ricles
577 604 692 646 atque
721 594 955 639 Alcibiades,
986 604 1024 632 et
1058 595 1190 632 eadem
1220 605 1326 633 aetate
1353 595 1628 648 Thucydides,
1661 598 1832 642 subtiles,

435 662 552 705 acuti,
584 661 737 703 breves3
769 660 962 697 sententiis
983 660 1120 711 magis,
1152 673 1271 712 quam
1286 661 1424 706 verbis,
1446 661 1694 701 abundantes.
1739 663 1836 701 Non

434 726 612 779 potuifl‘et
643 725 900 769 accidere,-ut
930 738 1053 762 unum
1083 725 1169 763 esset
1199 726 1380 764 omnium
1410 739 1544 779 genus,
1575 727 1644 764 nifi
1664 727 1836 779 aliquem

436 793 504 830 fibi
520 799 776 844 proponerent
791 791 837 828 ad
852 790 1100 829 imitandum.
1143 792 1351 830 Consecuti
1367 793 1452 830 sunt
1467 792 1538 831 hos
1553 793 1708 839 Critias,
1723 792 1834 832 The—

437 871 623 901 ramenes,
659 857 802 908 Lysias,
861 856 993 895 Multa
1026 857 1146 908 Lyfiae
1165 857 1302 910 scripta
1331 859 1431 903 sunt,
1464 859 1571 897 nulla
1601 860 1757 905 Critiae;
1789 860 1836 898 de

436 923 681 963 Theramene
701 923 932 961 audivimus.
980 923 1130 961 Omnes
1150 925 1267 962 etiam
1287 934 1372 963 tum
1392 926 1604 963 retinebant
1623 926 1739 964 illum
1759 927 1834 965 Pe-

437 991 540 1028 riclis
561 990 733 1034 succum,
755 989 816 1027 sed
836 998 941 1027 erant
958 989 1072 1041 paulo
1088 990 1259 1028 uberiore
1278 990 1359 1029 filo.
1392 993 1493 1029 Ecce
1514 992 1587 1030 tibi
1606 1001 1760 1030 exortus
1780 992 1834 1030 est

436 1056 630 1100 Isocrates,
666 1054 839 1107 magister
859 1054 1017 1094 istorum
1047 1056 1240 1100 omnium,
1269 1057 1376 1108 cujus
1406 1071 1426 1094 e
1444 1057 1551 1101 ludo,
1583 1065 1767 1109 tanquam
1786 1071 1835 1095 ex

436 1136 537 1175 equo
567 1123 753 1174 Trojano,
783 1122 878 1160 meri
904 1122 1094 1174 principes
1126 1122 1328 1160 exierunt:
1365 1122 1429 1160 sed
1458 1136 1592 1160 eorum
1624 1123 1765 1175 partim
1794 1123 1836 1161 in

436 1202 591 1241 pompa,
623 1188 763 1241 partim
783 1188 822 1226 in
843 1188 935 1231 acie,
966 1187 1126 1225 illustres
1147 1187 1217 1225 effe
1238 1188 1455 1226 voluerunt.

490 1255 646 1293 XXIII.
678 1254 813 1305 Itaque
842 1262 880 1291 et
902 1252 975 1297 illi,
1006 1252 1271 1306 Theopompi,
1314 1252 1477 1306 Ephori,
1523 1253 1689 1300 Philisti,
1720 1255 1834 1294 Nau-

435 1330 560 1365 cratae,
590 1320 784 1371 multique
817 1319 881 1357 alii
912 1320 1056 1357 naturis
1091 1319 1297 1364 differunt;
1329 1321 1525 1359 voluntate
1544 1330 1672 1359 autem
1693 1321 1832 1360 similes

436 1388 522 1426 sunt
542 1388 640 1425 inter
670 1387 755 1431 sese,
785 1395 824 1424 et
847 1386 1015 1438 magistri
1032 1405 1043 1431 ς
1075 1396 1112 1424 et
1133 1387 1174 1431 ii,
1206 1388 1273 1439 qui
1293 1387 1329 1425 se
1359 1388 1404 1425 ad
1425 1388 1549 1426 causas
1569 1388 1830 1433 contulerunt,

437 1463 481 1491 ut
512 1452 805 1496 Demosthenes,
837 1452 1068 1503 Hyperides,
1100 1453 1317 1505 Lycurgus,
1349 1453 1564 1498 AEschines,
1597 1452 1833 1498 Dinarchus,

436 1520 577 1571 aliique
610 1518 843 1570 complures,
874 1517 939 1554 etsl
970 1518 1068 1555 inter
1099 1518 1134 1555 se
1166 1532 1270 1570 pares
1291 1533 1367 1557 non
1398 1519 1568 1564 fuerunt,
1598 1529 1726 1558 tamen
1746 1520 1835 1559 sunt

436 1599 570 1624 omnes
588 1586 627 1622 in
647 1584 782 1622 eodem
798 1584 965 1622 veritatis
981 1584 1175 1622 imitandae
1188 1598 1323 1637 genere
1344 1586 1490 1631 versati,
1507 1600 1675 1638 quorum
1692 1600 1833 1639 quam-

435 1653 504 1691 diu
534 1652 671 1690 manfit
700 1651 881 1695 imitatio,
918 1651 1065 1689 tamdiu
1095 1665 1215 1704 genus
1250 1652 1347 1690 illud
1378 1653 1545 1698 dicendi,
1587 1653 1836 1707 studiumque

434 1719 546 1757 vixit.

493 1784 756 1835 Posteaquam,
787 1782 963 1820 extinctis
984 1782 1058 1828 his,
1089 1783 1216 1821 omnis
1236 1797 1369 1822 eorum
1391 1785 1578 1822 memoria
1606 1785 1741 1823 senfim
1760 1785 1834 1823 ob-

437 1850 581 1887 scurata
607 1849 660 1887 est
689 1858 727 1886 et
757 1849 924 1893 evanuit,
955 1848 1026 1886 alia
1046 1849 1220 1901 quaedam
1241 1850 1394 1887 dicendi
1415 1850 1606 1894 molliora,
1637 1863 1679 1888 ac
1699 1851 1835 1888 remis-

437 1916 685 1968 fiora.genera
718 1916 935 1968 viguerunt.
986 1916 1079 1954 Inde
1101 1915 1376 1961 Demochares,
1409 1930 1528 1968 quem
1561 1917 1669 1955 aiunt
1699 1917 1834 1955 sororis

439 1982 564 2020 filium
584 1982 692 2020 fuiffe
713 1982 985 2021 Demosthenis
1001 2001 1012 2028 3
1045 1992 1129 2021 tum
1152 1982 1355 2020 Phalereus
1386 1983 1451 2020 ille
1473 1983 1709 2027 Demetrius,
1740 1997 1831 2021 om-

437 2050 548 2087 nium
569 2050 740 2094 istorum,
772 2062 856 2086 mea
876 2049 1072 2093 sententia,
1094 2049 1354 2101 politissimus,
1380 2050 1520 2100 aliique
1537 2062 1672 2087 eorum
1694 2049 1835 2088 similes

438 2117 659 2154 extiterunt.
720 2117 818 2167 Qlae
838 2116 863 2153 fi
884 2116 1058 2153 volemus
1081 2115 1198 2167 usque
1217 2116 1262 2152 ad
1282 2114 1357 2152 hoc
1388 2124 1539 2167 tempus
1561 2115 1747 2168 persequi,
1771 2117 1833 2153 in-

441 2182 673 2234 telligemuS,
715 2191 758 2219 ut
788 2180 903 2219 hodie
932 2181 1236 2218 Alabandensem
1268 2181 1381 2219 illum
1416 2182 1654 2226 Meneclem,
1684 2192 1721 2220 et
1755 2183 1836 2234 ejus

440 2247 594 2285 fratrem
612 2248 851 2291 Hieroclem,
872 2261 968 2299 quos
988 2261 1060 2300 ego
1079 2247 1220 2292 audivi,
1243 2256 1321 2285 tota
1336 2248 1509 2286 imitatur
1524 2249 1638 2286 Alia:
1663 2249 1712 2287 sic
1733 2248 1836 2287 sern-

442 2327 507 2366 per
522 2313 631 2351 fuiffe
650 2314 832 2365 aliquem,
854 2314 964 2365 cujus
985 2313 1020 2350 se
1040 2313 1177 2351 fimiles
1197 2313 1369 2366 plerique
1389 2314 1459 2351 effe
1478 2314 1633 2352 vellent.

497 2380 611 2418 Hanc
631 2380 750 2432 igitur
780 2379 1070 2418 similitudinem
1090 2380 1157 2432 qui
1180 2380 1400 2418 imitatione
1427 2380 1566 2433 affequi
1600 2381 1718 2426 volet,
1750 2391 1836 2420 tum

439 2445 776 2484 exercitationibus
807 2446 948 2483 crebris
978 2454 1092 2498 atque
1111 2446 1275 2498 magniS,
1307 2455 1392 2484 tum
1418 2446 1631 2493 scribendo,
1666 2448 1838 2486 maxime

441 2511 698 2565 persequatur.
744 2511 862 2564 Qod
894 2511 922 2550 fi
949 2510 1015 2550 hic
1043 2511 1166 2551 noster
1195 2512 1387 2565 Sulpicius
1414 2511 1570 2559 faceret,
1598 2513 1727 2554 multo
1755 2514 1838 2566 ejus
