2176 2912
795 159 1326 202 ORATOR.
1685 179 1765 220 453

364 256 593 308 corrigimus
626 254 890 307 nosmetipsos,
922 254 1025 307 quasi
1046 253 1394 308 reprehendentes;
1426 263 1490 292 aut
1510 255 1536 294 fi
1556 255 1609 294 est
1638 257 1765 311 aliqua

363 323 591 360 exclamatio
620 321 679 359 vel
713 321 991 365 admirationis,
1022 320 1081 357 vel
1107 320 1420 372 conquestionis;
1452 331 1517 360 aut
1547 336 1639 361 cum
1665 325 1766 377 ejus-

362 388 451 426 dem
472 387 641 425 nominis
661 386 764 424 casus
784 386 915 439 saepius
936 395 1214 424 commutatur.

418 454 488 490 Sed
512 452 785 490 sententiarum
815 460 1040 490 ornamenta
1069 453 1212 503 majora
1243 451 1362 497 sunt;
1394 453 1535 504 quibus
1567 454 1658 506 quia
1686 454 1763 493 fre-

361 519 606 570 quentiffime
638 517 918 557 Demosthenes
951 519 1087 563 utitur,
1119 518 1204 556 sunt
1224 518 1292 570 qui
1323 527 1475 571 putent,
1506 519 1651 558 idcirco
1684 523 1765 573 ejus

360 586 621 638 eloquentiam
642 587 812 624 maxime
831 585 901 623 effe
922 585 1171 624 laudabilem.
1222 586 1274 623 Et
1296 599 1385 624 vero
1404 586 1535 624 nullus
1555 586 1634 624 fere
1653 588 1700 625 ab
1720 602 1765 626 eo

361 652 469 690 locus
501 652 576 690 fine
604 653 769 704 quadam
800 651 1107 689 conformatione
1139 651 1333 690 sententiae
1362 652 1531 690 dicitur:
1563 666 1635 691 nec
1660 653 1765 691 aliud

362 719 576 770 quidquam
610 719 676 763 est,
719 719 856 764 dicere,
894 718 961 756 nisi
992 731 1142 762 omneS,
1184 727 1249 756 aut
1279 727 1380 756 certe
1413 718 1609 771 plerasque
1639 720 1767 772 aliqua

360 784 482 836 specie
511 784 729 822 illuminare
760 784 960 822 sententias
977 803 988 829 ;
1021 798 1114 837 quas
1141 797 1233 822 cum
1266 794 1308 822 tu
1338 785 1501 837 optime,
1538 786 1669 830 Brute,
1705 796 1763 824 te-

360 863 463 894 neas,
494 850 589 902 quid
609 851 745 888 attinet
765 851 988 888 nominibus
1009 852 1080 895 uti,
1102 859 1167 888 aut
1187 850 1375 903 exemplis
1393 852 1406 887 ?
1438 849 1589 889 tantum
1610 862 1766 891 notetur

358 916 480 954 locus.

413 983 503 1020 XL.
536 983 596 1020 Sic
629 983 747 1035 igitur
777 983 879 1021 dicet
912 983 991 1028 ille,
1023 996 1140 1035 quem
1174 983 1407 1035 expetimus,
1443 992 1486 1021 ut
1518 984 1637 1022 verset
1670 984 1766 1038 saepe

359 1048 495 1086 multis
517 1048 641 1086 modis
662 1048 822 1086 eandem
842 1058 879 1086 et
907 1063 1024 1087 unam
1057 1063 1138 1087 rem
1155 1068 1167 1094 3
1199 1059 1236 1087 et
1255 1047 1392 1087 haereat
1423 1050 1463 1087 in
1484 1050 1630 1095 eadem,
1651 1065 1764 1089 com-

359 1124 608 1166 moreturque
640 1114 822 1152 sententia
840 1130 848 1153 :
881 1115 975 1167 saepe
995 1115 1111 1153 etiam
1133 1124 1174 1153 ut
1200 1125 1381 1154 extenuet
1400 1116 1547 1168 aliquid
1562 1134 1575 1161 ς
1607 1117 1701 1170 saepe
1723 1126 1766 1156 ut

359 1181 539 1225 irrideat;
583 1190 625 1218 ut
658 1181 825 1218 declinet
859 1195 878 1218 a
904 1181 1110 1234 proposito,
1141 1181 1392 1233 deflectatque
1423 1182 1676 1221 sententiam:
1721 1193 1765 1222 ut

358 1256 561 1299 proponat,
593 1247 687 1299 quid
718 1248 888 1285 dicturus
920 1248 987 1286 fit:
1027 1257 1083 1292 ut,
1114 1262 1206 1286 cum
1239 1248 1458 1300 transegerit
1484 1250 1568 1301 jam
1599 1250 1761 1302 aliquid,

357 1313 538 1351 definiat:
572 1323 614 1351 ut
632 1314 667 1351 se
688 1314 765 1366 ipse
786 1323 958 1352 revocet:
990 1323 1046 1359 ut,
1069 1314 1173 1366 quod
1194 1314 1306 1358 dixit,
1329 1315 1463 1353 iteret:
1492 1324 1533 1353 ut
1553 1329 1762 1368 argumen-

359 1388 446 1417 tum
465 1380 610 1417 ratione
629 1380 833 1418 concludat
852 1396 860 1418 :
893 1390 935 1418 ut
961 1381 1228 1432 interrogando
1250 1390 1406 1433 urgeat,
1439 1390 1481 1419 ut
1513 1381 1637 1420 rursus
1658 1383 1762 1435 quasi

358 1446 404 1483 ad
439 1447 667 1499 interrogata
697 1447 765 1484 fibi
798 1447 875 1500 ipse
907 1447 1151 1500 respondeat:
1186 1457 1227 1485 ut
1247 1457 1391 1493 contra,
1425 1462 1467 1486 ac
1485 1449 1600 1494 dicat,
1621 1450 1760 1503 accipi,

356 1522 394 1550 et
414 1512 543 1550 sentiri
571 1514 685 1551 velit:
720 1523 762 1551 ut
792 1514 1006 1558 addubitet,
1038 1515 1132 1566 quid
1152 1515 1294 1566 potius,
1326 1525 1389 1552 aut
1411 1515 1609 1567 quomodo
1629 1515 1760 1554 dicat:

358 1588 401 1616 ut
421 1579 566 1617 dividat
585 1580 625 1617 in
647 1588 770 1632 partes
789 1595 797 1617 :
832 1589 873 1618 ut
903 1580 1050 1632 aliquid
1080 1580 1284 1633 relinquat,
1316 1594 1358 1619 ac
1382 1582 1551 1634 negligat
1571 1597 1578 1619 :
1612 1591 1654 1620 ut
1674 1592 1760 1621 ante

357 1645 609 1696 praemuniat:
643 1654 685 1682 ut
706 1645 745 1682 in
766 1659 810 1683 eo
830 1645 924 1698 ipso,
956 1646 995 1683 in
1018 1660 1096 1698 quo
1116 1645 1423 1698 reprehendatur,
1446 1647 1601 1699 culpam
1628 1648 1668 1684 in
1690 1648 1758 1686 ad-

358 1710 560 1747 versarium
582 1709 752 1747 conferat
770 1726 778 1748 z
812 1720 855 1748 ut
875 1711 967 1763 saepe
987 1725 1080 1749 cum
1100 1712 1160 1756 iis,
1183 1713 1249 1764 qui
1281 1713 1454 1756 audiunt,
1479 1726 1759 1765 nonnunquam

357 1775 473 1813 etiam
507 1789 599 1813 cum
632 1776 839 1814 adversario
869 1777 971 1828 quast
1004 1777 1213 1816 deliberet:
1258 1788 1300 1816 ut
1329 1778 1539 1817 hominum
1569 1779 1758 1818 sermones

357 1841 555 1893 moresque
575 1841 759 1879 describat
776 1857 784 1880 z
819 1851 861 1879 ut
892 1852 998 1880 muta
1019 1844 1192 1895 quaedam
1213 1844 1411 1896 loquentia
1431 1846 1586 1883 inducat
1607 1860 1614 1883 :
1649 1854 1691 1883 ut
1711 1846 1759 1883 ab

355 1921 414 1953 eo,
446 1908 550 1960 quod
571 1908 708 1960 agitur,
741 1917 880 1946 avertat
901 1910 1048 1948 animos
1068 1925 1076 1948 ι
1110 1919 1151 1947 ut
1172 1910 1264 1963 saepe
1285 1911 1324 1948 in
1345 1910 1592 1956 hilaritatem,
1615 1912 1756 1950 risum-

355 1988 400 2012 ve
419 1983 637 2012 convertat:
671 1984 713 2012 ut
733 1984 818 2012 ante
838 1984 1014 2029 occupet,
1033 1977 1136 2028 quod
1158 1977 1281 2015 videat
1296 1978 1439 2030 opponi
1460 1992 1467 2015 ε
1496 1987 1539 2015 ut
1559 1986 1758 2030 comparet

353 2041 647 2079 similitudines:
681 2050 722 2079 ut
758 2051 886 2080 utatur
919 2043 1134 2095 exemplis:
1168 2053 1210 2081 ut
1241 2044 1344 2082 aliud
1379 2044 1443 2081 alii
1476 2044 1647 2082 tribuens
1677 2044 1755 2082 dis-

356 2107 519 2159 pertiat:
544 2117 585 2145 ut
605 2108 928 2161 interpellatorem
948 2119 1119 2147 coerceat
1137 2124 1144 2147 :
1170 2119 1211 2147 ut
1231 2109 1377 2162 aliquid
1398 2110 1553 2147 reticere
1573 2110 1607 2147 se
1628 2110 1754 2149 dicat:

357 2182 399 2210 ut
417 2173 629 2218 denuntiet,
647 2174 742 2226 quid
763 2184 917 2213 caveant
936 2191 944 2213 ε
969 2185 1011 2213 ut
1032 2176 1187 2214 liberius
1208 2176 1302 2228 quid
1323 2176 1457 2214 audeat
1475 2191 1483 2214 :
1517 2186 1558 2214 ut
1578 2176 1756 2214 irascatur

355 2239 473 2276 etiam
490 2255 499 2277 ε
533 2249 575 2278 ut
594 2241 771 2293 objurget
791 2241 995 2293 aliquando
1014 2258 1022 2280 ;
1056 2251 1098 2280 ut
1118 2243 1366 2295 deprecetur:
1400 2253 1443 2280 ut
1463 2242 1651 2295 supplicet
1670 2258 1677 2280 :
1712 2251 1755 2280 ut

355 2305 580 2343 medeatur:
615 2315 656 2343 ut
690 2320 711 2343 a
740 2308 932 2360 proposito
953 2309 1121 2346 declinet
1152 2309 1462 2361 aliquantulum:
1497 2319 1539 2347 ut
1558 2317 1679 2360 optet,
1710 2317 1754 2345 ut

353 2380 573 2409 execretur:
608 2381 650 2409 ut
680 2372 745 2410 fiat
767 2374 826 2417 iis,
858 2374 959 2426 apud
985 2388 1080 2426 quos
1102 2375 1216 2419 dicet,
1247 2374 1460 2413 familiaris.
1511 2377 1642 2425 Atque
1662 2373 1752 2411 alias

352 2439 471 2475 etiam
502 2437 654 2475 dicendi
686 2439 787 2492 quasi
820 2440 977 2477 virtutes
999 2441 1200 2492 sequatur:
1234 2441 1471 2484 brevitatem,
1500 2440 1522 2477 si
1545 2453 1599 2476 res
1619 2448 1748 2491 petet:

354 2503 447 2556 saepe
466 2504 583 2543 etiam
604 2518 684 2543 rem
705 2505 866 2544 dicendo
887 2505 1062 2558 subjiciet
1083 2506 1230 2546 oculis:
1263 2507 1355 2559 scope
1375 2507 1483 2558 supra
1502 2504 1611 2550 feret,
1633 2517 1751 2557 quam
