2176 2912
671 182 952 222 LIBER
1014 181 1380 222 PRIMUS,
1677 200 1728 241 27

320 291 448 323 autem
465 283 544 335 ejus
560 280 754 321 facultatis
771 282 923 321 videtur
939 281 1024 329 effe,
1041 283 1168 322 dicere
1183 284 1351 337 apposite
1366 284 1412 323 ad
1426 284 1725 338 persuafionem3

318 350 420 395 finis,
441 348 662 402 persuadere
682 348 864 388 diffione.
896 350 1003 388 Inter
1022 350 1200 389 officium
1219 361 1350 389 autem
1369 359 1409 389 et
1428 350 1547 389 finem
1568 350 1644 390 hoc
1664 353 1727 390 in-

318 416 442 462 terest,
474 416 579 469 quod
599 417 641 454 in
671 416 814 462 officio,
837 416 934 469 quid
964 416 1072 463 fieri3
1103 417 1145 455 in
1172 417 1264 463 fine,
1295 418 1392 471 quid
1422 418 1553 456 officio
1585 433 1728 458 conve-

317 483 412 528 niat,
444 483 724 522 consideratur:
756 492 801 521 ut
831 483 975 522 medici
1004 484 1182 523 officium
1211 484 1380 523 dicimus
1407 484 1493 530 effe,
1524 498 1654 523 curare
1683 487 1729 524 ad

316 549 527 588 sanandum
549 549 717 602 appofite
729 568 741 595 5
774 549 910 595 finem,
926 549 1052 588 sanare
1072 550 1283 589 curatione.
1317 552 1434 597 Item,
1455 551 1613 590 oratoris
1635 552 1730 604 quid

317 615 494 656 officium
514 625 552 654 et
573 615 669 668 quid
687 615 808 655 finem
829 614 900 653 effe
918 615 1110 662 dicamus,
1131 616 1413 669 intelligemus,
1434 631 1526 656 cum
1547 617 1601 662 id,
1624 618 1730 670 quod

316 686 441 726 facere
472 687 598 732 debet,
631 687 809 726 officium
839 687 912 726 effe
941 688 1146 728 dicemus:
1183 688 1297 734 illud,
1329 690 1440 743 cujus
1466 689 1576 728 causa
1605 689 1729 728 facere

316 754 444 800 debet,
475 754 596 793 finem
615 754 911 807 appellabimus.

372 821 582 860 Materiam
602 821 692 859 artis
712 834 798 859 eam
818 821 1001 867 dicimus,
1030 821 1073 859 in
1092 835 1170 874 qua
1189 822 1317 862 omnis
1347 836 1404 861 ars
1431 831 1469 862 et
1488 836 1532 862 ea
1550 822 1727 869 facultas,

318 900 404 940 quae
423 887 630 926 conficitur
649 897 697 925 ex
717 897 809 933 arte,
829 887 1009 926 versatur.
1042 888 1100 926 Ut
1119 888 1146 926 fi
1166 888 1369 928 medicinae
1400 890 1601 928 materiam
1621 890 1727 928 dica-

317 967 404 992 mus
426 954 581 992 morbos
602 967 644 991 ac
666 953 838 999 vulnera,
868 954 975 1006 quod
1005 954 1045 991 in
1066 953 1127 993 his
1159 956 1288 993 omnis
1309 955 1506 994 medicina
1535 955 1699 994 versetur
1713 975 1727 1002 ς

316 1019 427 1065 item,
458 1021 601 1073 quibus
634 1021 674 1058 in
706 1021 817 1058 rebus
841 1020 1007 1058 versatur
1036 1034 1092 1059 ars
1124 1030 1163 1059 et
1192 1020 1354 1060 facultas
1375 1023 1550 1069 oratoria,
1581 1036 1641 1062 eas
1671 1036 1728 1062 res

317 1088 519 1126 materiam
539 1088 628 1126 artis
657 1086 857 1127 rhetoricae
889 1088 1154 1127 nominamus.
1186 1090 1270 1128 Has
1297 1098 1428 1129 autem
1449 1103 1521 1136 res,
1552 1091 1618 1129 alii
1636 1091 1729 1144 plu-

318 1167 389 1199 res,
411 1154 476 1192 alii
496 1155 707 1207 pauciores,
729 1155 1058 1194 existimaverunt.
1089 1155 1197 1195 Nam
1218 1157 1383 1210 Gorgias
1405 1157 1635 1203 Leontinus,
1657 1171 1727 1196 an-

318 1220 553 1272 tiquiffimus
574 1219 653 1258 fere
673 1219 814 1266 rhetor,
844 1222 1029 1260 omnibus
1049 1222 1096 1261 de
1116 1223 1228 1261 rebus
1249 1232 1441 1262 oratorem
1460 1224 1610 1278 optime
1627 1223 1729 1278 poffe

318 1286 444 1324 dicere
463 1287 709 1325 existimavit.
776 1288 858 1326 Hic
888 1288 1083 1327 infinitam
1116 1299 1155 1329 et
1175 1290 1407 1330 immensam
1440 1290 1535 1330 huic
1565 1291 1729 1330 artificio

317 1353 521 1391 materiam
542 1353 726 1405 subjicere
746 1354 908 1392 videtur.
942 1355 1164 1394 Aristoteles
1185 1366 1329 1402 autem,
1347 1357 1416 1409 qui
1432 1356 1527 1396 huic
1544 1358 1616 1396 arti
1635 1357 1727 1411 plu-

317 1420 416 1458 rima
435 1420 657 1473 adjumenta
677 1430 792 1473 atque
811 1432 1036 1460 ornamenta
1056 1422 1370 1469 subministravit,
1404 1425 1527 1463 tribus
1549 1425 1588 1464 in
1609 1414 1727 1478 gene-

318 1488 424 1526 ribus
447 1501 574 1526 rerum
596 1488 730 1526 versari
752 1487 915 1527 rhetoris
934 1489 1110 1528 officium
1131 1490 1295 1544 putavit,
1318 1491 1630 1537 demonstrativo,
1658 1492 1727 1530 de-

317 1553 532 1599 liberativo,
549 1555 741 1607 judiciali.
775 1555 1133 1597 Demonstrativum
1165 1556 1231 1602 est,
1265 1557 1369 1610 quod
1389 1558 1575 1596 tribuitur
1595 1558 1636 1596 in
1656 1559 1728 1597 ali-

317 1622 426 1674 cujus
448 1631 560 1659 certae
580 1621 745 1674 personae
772 1622 941 1668 laudem,
974 1633 1038 1661 aut
1054 1624 1393 1677 vituperationem.
1417 1624 1729 1664 Deliberativum

316 1687 382 1733 est,
414 1688 532 1740 quod,
555 1688 723 1741 pofitum
744 1689 784 1726 in
801 1689 1076 1742 disceptatione
1099 1700 1137 1728 et
1164 1690 1444 1729 consultatione
1468 1691 1589 1737 civili,
1611 1691 1729 1730 habet

318 1754 359 1792 in
380 1754 415 1792 se
435 1754 630 1792 sententiae
651 1755 876 1793 difflonem.
909 1757 1100 1807 Judiciale
1120 1756 1186 1801 est,
1206 1757 1312 1809 quod
1332 1758 1498 1810 pofitum
1521 1758 1561 1795 in
1577 1758 1728 1810 judicio

318 1819 435 1859 habet
470 1821 511 1858 in
547 1821 582 1859 se
620 1822 900 1860 accusationem
939 1833 977 1861 et
1015 1822 1289 1870 defenfionem‚
1331 1834 1396 1863 aut
1428 1825 1656 1878 petitionem
1691 1835 1730 1864 et

320 1887 610 1926 recusationem.
662 1889 728 1933 Et,
761 1889 1093 1941 quemadmodum
1126 1891 1250 1929 nostra
1279 1892 1439 1945 quidem
1474 1891 1548 1930 fert
1577 1892 1726 1945 opini0‚

317 1955 476 1993 oratoris
497 1968 553 1992 ars
575 1964 612 1993 et
632 1954 793 1993 facultas
814 1956 854 1993 in
875 1954 946 1994 hac
968 1958 1126 1995 materia
1147 1958 1334 2011 tripartita
1351 1958 1483 1997 versari
1503 1959 1727 1998 existiman-

317 2021 365 2059 da
384 2021 449 2059 est.

374 2087 447 2126 VI.
479 2087 588 2126 Nam
610 2088 870 2142 Hermagoras
892 2089 1050 2142 quidem
1074 2104 1157 2136 nec,
1181 2091 1275 2143 quid
1297 2090 1411 2136 dicat,
1434 2092 1641 2137 attendere,
1658 2106 1727 2131 nec

317 2154 413 2207 quid
447 2155 688 2208 polliceatur,
723 2156 938 2209 intelligere
968 2158 1132 2202 videtur,
1164 2160 1232 2210 qui
1264 2159 1421 2197 oratoris
1454 2160 1655 2197 materiam
1687 2161 1727 2197 in

318 2221 468 2259 causam
500 2233 538 2260 et
559 2223 597 2260 in
630 2223 880 2274 quaestionem
912 2224 1070 2262 dividat.
1105 2225 1267 2263 Causam
1299 2225 1369 2263 esse
1395 2226 1489 2263 dicit
1514 2240 1610 2271 rem,
1643 2240 1728 2278 quae

318 2286 456 2326 habeat
475 2289 515 2326 in
537 2289 572 2326 se
592 2291 886 2328 controverfiam
918 2290 958 2328 in
990 2292 1154 2330 dicendo
1175 2293 1335 2345 positam
1357 2307 1449 2331 cum
1481 2293 1727 2346 personarum

316 2363 509 2392 certarum
540 2356 844 2409 interpositione,
876 2371 993 2410 quam
1026 2371 1095 2396 nos
1117 2372 1273 2411 quoque
1293 2360 1432 2397 oratori
1461 2359 1627 2397 dicimus
1657 2358 1729 2396 esse

319 2421 559 2461 attributam.
593 2422 699 2461 Nam
720 2423 755 2460 ei
776 2432 849 2461 tres
870 2433 1007 2476 partes,
1029 2438 1122 2478 quas
1143 2435 1229 2463 ante
1250 2425 1436 2470 diximus,
1460 2425 1726 2478 supponimus,

314 2486 556 2539 judicialem,
589 2489 893 2535 deliberativam,
927 2491 1276 2529 demonstrativam.
1309 2491 1570 2542 Qaestionem
1598 2501 1728 2528 autem

321 2565 405 2591 eam
425 2555 606 2607 appellat,
629 2570 714 2608 quae
734 2555 870 2595 habeat
890 2558 930 2595 in
952 2557 986 2595 se
1007 2546 1302 2597 controve'rfiam
1323 2559 1361 2596 in
1384 2558 1548 2597 dicendo
1568 2557 1728 2610 positam

903 2625 937 2660 A
962 2636 982 2661 2
