2176 2912
591 156 912 198 LIBER
986 154 1474 196 TERTIUS.
1662 174 1739 215 327

331 266 374 291 ac
404 251 586 290 memoris
607 250 728 289 valuit
758 248 995 293 exercitatio,
1026 257 1084 294 ut,
1114 261 1208 286 cum
1235 248 1274 286 se
1304 259 1435 288 mente
1465 263 1507 289 ac
1537 251 1737 291 voluntate

332 319 548 371 conjecisset
580 318 621 355 in
641 316 806 361 versum,
835 315 949 353 verba
968 315 1240 367 sequerentur3
1272 326 1418 368 quanto
1444 318 1483 355 id
1515 317 1665 358 facilius
1698 321 1738 358 in

331 386 513 428 oratione,
535 383 807 421 exercitatione
823 391 862 420 et
877 382 1153 420 consuetudine
1173 382 1360 427 adhibita,
1379 383 1658 436 consequemur
1677 388 1689 423 ἓ

391 450 497 490 Illud
515 458 645 488 autem
659 463 706 488 ne
726 450 812 502 quis
834 448 1058 494 admiretur,
1075 463 1246 502 quonam
1263 449 1381 489 modo
1400 449 1483 488 haec
1504 451 1641 503 vulgus
1658 453 1737 490 im·-

328 517 543 568 peritorum
564 517 604 554 in
625 516 815 555 audiendo
834 525 968 561 notet;
1000 529 1093 555 cum
1114 516 1153 555 in
1170 517 1278 556 omni
1295 529 1446 569 genere,
1480 526 1564 554 tum
1593 518 1632 555 in
1662 517 1738 556 hoc

328 583 425 636 ipso,
447 597 587 636 magna
605 582 780 635 quaedam
797 582 849 620 est
868 583 924 621 vis
941 581 1255 635 incredibilisque
1276 592 1431 622 naturae.
1466 583 1615 621 Omnes
1632 584 1739 622 enim

328 650 447 688 tacito
467 650 635 702 quodam
656 649 774 693 sensu,
807 649 882 687 fine
903 649 981 688 ulla
1001 659 1079 689 arte
1098 658 1163 687 aut
1183 650 1342 694 ratione,
1375 663 1460 701 quae
1491 649 1563 687 fint
1584 650 1623 688 in
1645 650 1737 688 arti-

329 715 400 754 bus
421 730 463 754 ac
494 715 705 754 rationibus
725 718 825 754 resta
843 729 886 753 ac
906 729 1032 768 prava,
1060 716 1273 768 dijudicant
1286 735 1297 762 ;
1330 717 1447 768 idque
1475 730 1568 755 cum
1588 715 1738 755 faciunt

327 783 370 820 in
390 783 563 835 pisturis,
577 792 614 821 et
629 783 670 821 in
686 783 813 835 signis,
828 792 865 821 et
885 783 925 820 in
945 783 1027 820 aliis
1043 783 1237 836 operibus,
1257 783 1303 821 ad
1323 797 1492 835 quorum
1513 783 1736 836 intelligen-

327 850 423 888 tiam
454 864 474 887 a
500 859 633 887 natura
652 850 781 887 minus
812 848 955 887 habent
983 849 1243 894 instrumenti,
1277 859 1361 887 tum
1383 850 1510 887 multo
1531 850 1737 889 ostendunt

327 916 450 968 magis
482 916 522 953 in
553 915 771 959 verborum,
803 928 1069 960 numerorum,
1100 929 1319 968 vocumque
1340 916 1490 968 judicio
1508 934 1519 960 3
1558 916 1663 968 quod
1694 930 1736 954 ea

326 981 413 1020 sunt
433 982 474 1019 in
498 981 775 1020 communibus
796 981 915 1019 infixa
935 981 1116 1026 senfibus,
1146 996 1271 1034 neque
1291 995 1422 1020 earum
1444 995 1571 1019 rerum
1593 996 1734 1033 quem-

326 1062 445 1100 quam
466 1047 641 1086 funditus
662 1057 796 1086 natura
819 1048 942 1086 voluit
971 1047 1042 1086 effe
1067 1058 1278 1101 expertem.
1339 1049 1474 1100 Itaque
1506 1062 1582 1086 non
1611 1048 1736 1086 solum

326 1114 450 1152 verbis
471 1123 549 1151 arte
570 1113 697 1165 positis
719 1123 924 1152 moventur
943 1127 1090 1159 omnes,
1122 1128 1255 1153 verum
1274 1115 1391 1152 etiam
1411 1114 1581 1152 numeris
1602 1127 1643 1151 ac
1665 1127 1735 1151 vo-

326 1179 451 1218 cibus.
498 1181 653 1231 Qotus
673 1180 779 1217 enim
811 1179 973 1232 quisque
993 1180 1057 1225 est,
1089 1181 1157 1233 qui
1185 1189 1309 1219 teneat
1339 1190 1459 1219 artem
1480 1193 1737 1219 numerorum

326 1259 369 1284 ac
390 1246 629 1285 modorum?
662 1247 716 1285 At
748 1246 789 1283 in
819 1244 880 1284 his
910 1246 935 1284 fi
955 1247 1116 1299 paulum
1147 1247 1265 1285 modo
1285 1246 1476 1285 offensum
1497 1246 1562 1291 est,
1596 1255 1638 1284 ut
1669 1254 1735 1286 aut

325 1313 584 1351 contrad‘cione
606 1312 756 1350 brevius
776 1311 898 1357 fieret,
933 1322 997 1351 aut
1017 1313 1269 1366 productione
1288 1313 1457 1366 longius,
1489 1311 1634 1350 theatra
1654 1321 1735 1351 tota

324 1380 548 1418 reclamant.
582 1379 719 1431 Qid?
742 1378 817 1418 hoc
837 1392 915 1417 non
935 1379 1040 1418 idem
1061 1380 1105 1418 fit
1125 1380 1165 1419 in
1186 1380 1359 1426 vocibus,
1378 1388 1420 1418 ut
1441 1393 1461 1417 a
1480 1379 1736 1418 multitudine

325 1454 362 1484 et
381 1446 527 1499 populo
548 1459 626 1484 non
647 1445 764 1484 modo
783 1455 941 1484 catervae
960 1456 1074 1498 atque
1094 1455 1321 1491 conventus,
1351 1446 1414 1484 sed
1433 1446 1551 1484 etiam
1572 1445 1640 1498 ipsi
1661 1445 1734 1484 fibi

324 1511 462 1565 singuli
483 1513 748 1565 discrepantes,
774 1513 977 1564 ejiciantur
995 1514 1008 1549 ?

378 1580 448 1618 LI.
472 1579 659 1617 Mirabile
677 1579 743 1623 est,
758 1592 850 1616 cum
870 1578 1089 1631 plurimum
1105 1579 1145 1617 in
1162 1577 1339 1617 faciendo
1356 1578 1501 1617 interfit
1516 1578 1616 1617 inter
1635 1577 1730 1615 doc-

324 1653 411 1682 tum
431 1653 468 1682 et
483 1645 633 1689 rudem,
648 1658 765 1697 quam
782 1657 860 1682 non
877 1644 1051 1683 multum
1069 1643 1219 1683 differat
1235 1645 1274 1683 in
1285 1644 1510 1697 judicando.
1534 1646 1607 1682 Ars
1624 1644 1731 1681 enim

324 1724 416 1749 cum
437 1725 457 1748 a
477 1720 610 1749 natura
629 1711 797 1763 profecta
817 1711 874 1756 sit,
906 1711 975 1750 nifi
997 1721 1171 1749 naturam
1193 1721 1345 1750 moveat
1364 1725 1406 1750 ac
1427 1710 1602 1755 delectet,
1630 1708 1730 1747 nihil

324 1777 408 1814 sane
438 1777 549 1829 egisse
578 1777 763 1816 videatur.
814 1776 931 1816 Nihil
952 1778 1004 1815 est
1034 1787 1164 1816 autem
1196 1788 1275 1816 tam
1295 1788 1505 1831 cognatum
1532 1777 1729 1815 mentibus

324 1843 472 1887 nostris,
505 1856 623 1895 quam
654 1844 803 1881 numeri
825 1853 939 1895 atque
959 1858 1069 1882 voces
1085 1863 1095 1888 ;
1133 1845 1273 1896 quibus
1293 1854 1331 1882 et
1351 1846 1577 1889 excitamur,
1609 1852 1646 1881 et
1666 1843 1729 1881 in-

323 1910 539 1954 cendimur,
568 1919 604 1947 et
625 1909 805 1953 lenimur,
842 1920 879 1947 et
905 1910 1200 1962 languescimus,
1223 1920 1261 1948 et
1278 1911 1323 1948 ad
1343 1910 1591 1955 hilaritatem,
1624 1919 1662 1947 et
1683 1909 1728 1947 ad

322 1976 515 2014 tristitiam
532 1976 625 2028 saepe
645 1977 873 2014 deducimur
888 1992 896 2014 :
920 1991 1088 2029 quorum
1103 1978 1169 2015 illa
1185 1978 1334 2016 summa
1350 1978 1405 2015 vis
1422 1977 1657 2015 carminibus
1676 1976 1729 2014 est

321 2043 458 2094 aptior,
480 2053 518 2080 et
539 2043 739 2088 cantibus;
766 2057 842 2081 non
865 2044 1047 2096 neglecta,
1070 2054 1113 2082 ut
1133 2044 1233 2082 mihi
1254 2044 1418 2089 videtur,
1436 2057 1456 2081 a
1477 2044 1625 2088 Numa,
1643 2055 1729 2094 rege

322 2109 549 2155 doetiffimo,
588 2109 871 2162 majoribusque
893 2110 1041 2154 nostris,
1078 2111 1139 2162 (ut
1173 2111 1374 2164 epularum
1396 2111 1613 2148 solennium
1634 2109 1727 2147 fides

321 2188 364 2212 ac
386 2175 502 2219 tibiae‚
526 2176 790 2228 Saliorumque
811 2176 936 2214 versus
957 2177 1129 2214 indicant
1145 2178 1176 2228 3)
1196 2177 1366 2215 maxime
1385 2185 1515 2214 autem
1537 2190 1556 2213 a
1577 2175 1728 2213 Graecia

323 2250 445 2278 vetere
465 2242 674 2280 celebrata:
697 2243 838 2294 quibus
860 2244 1023 2288 utinam,
1046 2243 1310 2297 similibusque
1330 2243 1376 2281 de
1396 2243 1508 2281 rebus
1530 2241 1724 2294 disputari,

322 2320 440 2359 quam
459 2307 504 2344 de
523 2308 733 2359 puerilibus
755 2307 814 2346 his
836 2310 1041 2348 verborum
1060 2310 1379 2354 transsationibus,
1399 2309 1620 2347 maluissetis
1641 2308 1647 2344 !

378 2372 539 2417 Verum,
577 2382 619 2410 ut
652 2374 692 2410 in
727 2374 832 2411 versu
863 2375 1016 2428 vulgus,
1048 2375 1074 2413 fi
1107 2375 1160 2412 est
1190 2385 1407 2428 peccatum,
1438 2375 1541 2413 videt
1559 2393 1569 2418 ;
1602 2374 1664 2417 fic,
1698 2372 1724 2408 fi

321 2439 416 2493 quid
437 2439 476 2477 in
500 2439 620 2477 nostra
639 2440 808 2478 oratione
829 2441 1032 2486 claudicat,
1055 2441 1181 2480 sentit.
1214 2442 1286 2480 Sed
1306 2452 1426 2495 poetae
1448 2455 1524 2479 non
1547 2438 1722 2492 ignoscit,
