2176 2912
522 174 1472 217 LIBERSECUNDUS.
1626 194 1696 232 193

302 266 367 304 ille
386 266 444 304 vel
465 265 645 310 Athenis,
667 265 725 302 vel
747 264 879 303 Rhodi
900 264 935 302 se
955 265 1260 305 doffiffimorum
1284 266 1491 308 hominum
1515 271 1697 309 sermoni-

303 333 373 370 bus
394 331 575 375 dediffet;
608 321 746 368 tamen⁴
759 331 835 384 ipse
855 331 1172 376 adolescentulus,
1194 343 1384 384 quantum
1407 335 1510 373 illins
1531 337 1698 374 ineuntis

302 398 419 435 aetatis
441 410 535 434 meae
554 397 768 449 patiebatur
787 397 925 448 pudor,
944 397 1070 435 multa
1088 411 1135 436 ex
1158 412 1202 436 eo
1219 399 1311 451 saepe
1327 401 1492 451 quaesivi.
1517 403 1609 439 Non
1629 404 1699 440 erit

300 462 471 514 profecto
492 463 578 507 tibi,
599 463 704 515 quod
721 463 858 507 scribo,
880 462 956 501 hoc
973 477 1133 509 novum,
1159 464 1267 515 (nam
1281 466 1364 517 jam
1386 475 1471 503 tum
1492 480 1537 504 ex
1554 482 1617 504 me
1631 482 1698 505 au-

301 529 447 579 diebas)
480 527 581 566 mihi
601 529 715 566 illum
736 542 783 566 ex
804 529 953 573 multis,
984 529 1170 581 variisque
1191 529 1443 576 sermonibus,
1467 532 1611 570 nullius
1633 534 1698 577 rei,

300 608 384 646 quae
403 595 561 647 quidem
580 594 667 632 effet
687 595 727 632 in
741 594 801 632 his
822 596 980 640 artibus,
1001 595 1046 633 de
1067 596 1209 647 quibus
1226 597 1371 648 aliquid
1384 598 1596 636 existimare
1613 599 1699 651 pos-

303 660 397 704 sem,
429 661 565 698 rudem
596 646 661 697 aut
691 660 869 712 ignarum
889 660 960 698 effe
990 661 1129 699 visum.
1173 661 1245 699 Sed
1265 661 1341 700 fuit
1363 662 1438 700 hoe
1471 665 1509 701 in
1539 674 1702 716 utroque

303 739 451 770 eorum,
477 735 520 763 ut
534 725 682 764 Craffus
704 740 780 763 non
802 735 881 764 tam
902 726 1110 764 existimari
1129 727 1245 765 vellet
1266 741 1343 766 non
1364 728 1548 774 dffliciffe,
1583 744 1700 782 quam

302 793 368 829 illa
387 792 589 844 despicere,
604 801 642 829 et
662 792 878 845 nostrorum
896 791 1107 830 hominum
1124 794 1161 830 in
1177 794 1285 831 omni
1305 808 1441 847 genere
1456 796 1700 847 prudentiam

302 858 449 894 Graecis
483 856 692 895 anteferre:
725 857 922 894 Antonius
956 867 1087 895 autem
1118 859 1419 910 probabiliorem
1450 859 1526 898 hoc
1556 862 1702 914 populo

300 924 514 961 orationem
533 922 615 960 fore
635 923 809 961 censebat
829 923 950 968 suam,
981 924 1008 961 si
1029 925 1191 962 omnino
1209 925 1378 963 didiciffe
1406 941 1606 979 nunquam
1627 943 1700 981 pu-

301 998 466 1027 taretur:
498 998 612 1041 atque
629 989 682 1026 ita
701 989 736 1027 se
757 999 917 1041 uterque
937 990 1152 1042 graviorem
1169 989 1264 1035 fore,
1284 992 1308 1028 fi
1330 992 1424 1029 alter
1439 1002 1700 1038 contemnere,

302 1055 394 1092 alter
408 1068 454 1092 ne
467 1055 568 1092 noffe
583 1055 757 1107 quidem,
774 1057 929 1094 Graecos
943 1056 1146 1095 videretur.
1171 1058 1350 1108 Qorum
1369 1059 1573 1097 confilium
1591 1060 1702 1112 quale

301 1120 430 1164 fuerit,
454 1119 551 1158 nihil
573 1120 655 1157 sane
672 1121 717 1158 ad
736 1120 812 1159 hoc
834 1131 1001 1174 tempus.
1040 1122 1143 1160 Illud
1163 1133 1292 1161 autem
1313 1124 1365 1161 est
1385 1122 1500 1175 hujus
1522 1125 1703 1164 institutae

302 1186 517 1238 scriptionis
538 1199 579 1223 ac
601 1188 798 1239 temporis,
822 1188 1035 1226 Neminem
1056 1189 1288 1240 eloquentia,
1308 1203 1385 1227 non
1407 1190 1523 1228 modo
1545 1191 1621 1229 fine
1641 1192 1701 1229 di-

302 1252 414 1290 cendi
435 1252 618 1296 doctrina,
650 1252 712 1289 sed
746 1266 792 1289 ne
823 1253 898 1290 fine
919 1254 1029 1291 omni
1053 1255 1214 1306 quidem
1245 1255 1437 1308 sapientia,
1470 1255 1600 1294 florere
1628 1271 1701 1295 un-

302 1331 420 1370 quam
441 1327 479 1355 et
498 1318 667 1370 praestare
688 1318 859 1370 potuiffe.

357 1383 410 1421 ΙΙ.
447 1384 607 1422 Etenim
628 1393 769 1422 caeterae
789 1383 867 1422 fere
897 1394 991 1423 artes
1024 1385 1058 1424 se
1079 1386 1165 1439 ipsae
1196 1400 1262 1439 per
1282 1386 1316 1424 se
1344 1396 1498 1425 tuentur
1517 1388 1671 1441 singula?
1691 1403 1699 1426 ε

303 1450 397 1487 bene
417 1449 542 1487 dicere
566 1460 708 1495 autern,
731 1451 836 1502 quod
855 1450 908 1488 est
930 1450 1102 1496 scienter,
1123 1462 1160 1489 et
1179 1453 1313 1504 perite,
1342 1463 1379 1490 et
1407 1464 1537 1491 ornate
1563 1455 1702 1500 dicere,

301 1529 379 1554 non
400 1514 516 1554 habet
538 1516 736 1554 definitam
763 1517 931 1568 aliquam
953 1519 1164 1569 regionem,
1187 1519 1296 1569 cujus
1319 1520 1493 1557 terminis
1521 1520 1624 1573 septa
1643 1529 1701 1558 te-

302 1591 445 1620 neatur.
490 1582 650 1626 Omnia,
682 1596 922 1634 quaecunque
938 1583 977 1620 in
1000 1582 1209 1621 hominum
1237 1584 1551 1637 disceptationem
1571 1586 1703 1624 cadere

302 1648 467 1701 poffunt,
500 1648 595 1687 bene
626 1648 713 1686 sunt
741 1649 774 1686 ei
807 1649 979 1694 dicenda,
1011 1652 1077 1701 qui
1099 1649 1173 1687 hoc
1195 1650 1229 1687 se
1260 1651 1359 1703 poffe
1379 1651 1607 1703 profitetur,
1639 1663 1704 1691 aut

303 1714 530 1766 eloquentiae
549 1728 691 1752 nomen
710 1715 1009 1766 relinquendum
1025 1716 1090 1754 est.
1125 1718 1253 1768 Qare
1271 1717 1452 1768 equidem
1468 1727 1505 1755 et
1522 1718 1560 1756 in
1583 1719 1706 1756 nostra

303 1779 469 1823 civitate,
490 1788 526 1816 et
547 1779 586 1816 in
607 1779 684 1831 ipsa
698 1780 860 1824 Graecia‚
877 1794 961 1831 quse
978 1780 1122 1832 semper
1141 1780 1223 1819 haec
1244 1781 1395 1819 summa
1415 1782 1540 1828 duxit,
1559 1783 1704 1822 multos

304 1854 341 1882 et
361 1844 541 1896 ingeniis,
572 1854 608 1882 et
640 1858 779 1896 magna
809 1845 918 1882 laude
939 1845 1090 1883 dicendi
1112 1847 1186 1884 sine
1206 1847 1355 1885 summa
1376 1862 1502 1886 rerum
1524 1850 1704 1887 omnium

304 1910 460 1948 scientia
478 1909 586 1947 fuiffe
606 1908 744 1953 fateor3
770 1911 883 1947 talem
906 1924 992 1948 vero
1008 1911 1163 1949 existere
1183 1913 1459 1964 eloquentiam,
1475 1915 1597 1966 qualis
1618 1914 1704 1952 fue-

304 1975 352 2015 rit
383 1975 423 2013 in
445 1975 586 2019 Crasso,
617 1984 654 2012 et
676 1977 861 2020 Antonio,
895 1990 970 2013 non
1004 1977 1170 2028 cognitis
1193 1978 1303 2015 rebus
1324 1979 1521 2023 omnibus,
1555 1993 1639 2031 quae
1659 1980 1706 2018 ad

304 2051 448 2080 tantam
461 2041 703 2094 prudentiam
719 2043 965 2094 pertinerent,
985 2051 1207 2095 tantamque
1226 2044 1377 2082 dicendi
1393 2045 1560 2097 copiam,
1579 2059 1703 2097 quan-

304 2116 340 2145 ta
360 2108 399 2145 in
421 2108 496 2145 illis
517 2106 607 2151 fuit,
632 2121 708 2144 non
731 2108 889 2160 potuiffe
911 2108 1114 2146 confirmo.

360 2174 452 2223 Qo
472 2173 588 2210 etiam
610 2172 682 2210 feci
706 2173 903 2218 libentius,
928 2184 968 2211 ut
992 2188 1082 2211 eum
1104 2175 1334 2219 sermonem,
1357 2189 1475 2227 quem
1496 2176 1555 2213 illi
1577 2190 1704 2228 quon-

305 2237 393 2274 dam
414 2237 511 2274 inter
531 2237 566 2274 se
598 2237 643 2274 de
664 2236 722 2274 his
751 2239 861 2276 rebus
889 2238 1116 2284 habuissent,
1148 2240 1370 2278 mandarem
1398 2240 1543 2286 literis,
1577 2242 1633 2279 vel
1662 2249 1706 2278 ut

305 2302 371 2340 illa
397 2302 542 2354 opinio,
575 2316 658 2354 qnae
689 2303 836 2356 semper
866 2303 1006 2348 fuiffet,
1039 2305 1249 2350 tolleretur,
1281 2305 1445 2344 alterum
1466 2320 1543 2345 non
1565 2305 1704 2344 doetis-

305 2368 459 2411 fimum,
482 2368 645 2406 alterum
667 2369 777 2421 plane
798 2370 997 2408 indoctum
1019 2370 1154 2415 fuisse;
1188 2372 1244 2408 vel
1267 2382 1309 2410 ut
1329 2385 1383 2417 ea,
1406 2386 1490 2424 quae
1511 2372 1705 2410 existima-

306 2447 386 2471 rem
407 2446 427 2470 a
447 2433 608 2471 summis
627 2436 840 2474 oratoribus
869 2437 914 2474 de
935 2436 1154 2488 eloquentia
1184 2437 1369 2476 divinitus
1399 2438 1469 2477 esse
1490 2439 1602 2482 dieta,
1634 2450 1704 2474 cu-

307 2498 484 2537 stodirem
505 2499 640 2544 literis,
672 2501 698 2539 fi
720 2501 800 2539 ullo
821 2502 938 2541 modo
969 2502 1121 2554 assequi,
1158 2504 1442 2556 compleffique
1472 2501 1672 2556 potuissem
1688 2519 1702 2548 5

388 2565 426 2602 T
441 2578 464 2604 0
481 2577 532 2604 M.
565 2565 598 2604 Ι.
1229 2569 1257 2606 Β
1289 2568 1313 2606 b
