2176 2912
551 185 846 228 VARIAE
931 177 1497 227 LECTIONES.

303 297 355 356 1121
385 335 416 355 11
437 324 612 363 judiciorum
627 336 644 351 ω
663 332 674 351 ι
683 323 861 359 judicatorum

385 375 395 395 1
405 376 419 394 2
442 365 584 393 levabitur
597 377 614 392 ω
630 373 645 392 2
661 361 834 391 alleviabitur
846 361 891 388 hoc
903 359 972 386 modo

380 406 419 436 26
439 405 487 432 hic
500 418 516 432 ω
535 413 544 431 ι
563 405 591 432 d.

383 454 421 483 29
443 445 490 472 Ab
505 443 650 472 defensore
670 456 688 470 ω
703 452 719 471 2
734 441 764 469 ob
778 441 926 478 definsarem

379 499 420 507 —
441 484 589 513 audaciam
610 482 773 522 conquestio
794 493 811 509 ω
830 489 855 514 1,
876 489 892 508 2
918 479 1006 507 auda-

481 527 549 553 ciam
554 527 603 561 sui
614 525 780 562 conquestione

384 574 422 603 30
440 573 500 593 rem
514 578 532 593 ω
549 575 563 593 2
577 572 601 592 et
616 575 667 592 rem

305 615 362 635 ¹02
404 615 422 634 2
443 605 501 642 ejus
517 618 535 633 ω
550 614 566 633 2
581 605 656 642 hujus

404 655 419 684 5
443 645 575 683 exemplo
589 644 621 672 fit
635 657 652 672 ω
671 653 681 672 1
698 641 835 680 exemplum
841 641 880 678 fit

387 695 423 723 ¹4
443 685 514 714 ficut
527 699 544 713 ω
559 695 574 713 2
589 692 618 712 ut

387 735 420 764 ¹5
444 733 493 754 aut
507 735 542 754 ex
557 722 740 762 conjeflurali
760 736 777 751 ω
802 731 812 750 ι
837 731 871 751 ex
885 721 1010 758 conjchu-

483 765 538 794 rali

387 814 423 844 ¹9
444 805 573 844 negabit,
608 804 645 833 ad
672 803 727 832 hoc
749 801 894 840 judicium
921 799 1009 832 illius,

485 845 532 874 sed
547 845 593 882 huj
599 855 639 878 us,
651 857 668 872 ω
681 854 697 872 2
712 842 817 882 negabit
830 843 875 870 hoc
881 841 1010 879 judicium

486 887 525 913 ad
535 885 662 922 illiussed
672 885 710 912 ad
721 885 797 920 hnjus

386 935 424 964 29
445 925 523 964 quod
538 934 595 953 non
609 923 735 963 potuerit
758 936 775 951 ω
794 931 805 951 ι
832 930 856 951 et
877 921 947 959 quod
965 930 1012 948 non

479 968 593 1004 potuerit

406 1007 425 1035 6
447 1006 496 1034 Sin
511 1013 605 1034 autem
618 1017 636 1033 ω
652 1004 705 1042 zsi
716 1010 764 1032 aut

390 1056 425 1075 12
447 1045 570 1083 utrisque
583 1058 599 1073 ω
618 1054 628 1073 ι
648 1046 750 1081 utrique

389 1096 423 1124 13
446 1086 477 1114 hi
497 1093 591 1115 tamen
611 1083 752 1112 certiffimi
779 1094 796 1110 ω
822 1090 833 1109 ι
864 1080 907 1109 hic
928 1087 1013 1107 tamen

486 1126 613 1161 certiffi'me
627 1137 644 1152 ω
660 1133 675 1151 2
685 1124 721 1151 ‘hi
734 1131 817 1150 autem
831 1120 961 1156 iertffme

391 1176 429 1205 ¹4
449 1167 535 1203 culpa
549 1165 591 1198 fit,
613 1162 719 1201 inipso
741 1175 759 1190 ω
781 1171 797 1190 2
818 1160 904 1198 culpa,
924 1161 1015 1189 autin

488 1206 539 1244 ipso

391 1258 425 1288 ¹5
448 1256 526 1276 reum
544 1258 562 1274 ω
581 1254 591 1273 ι
609 1246 637 1273 d.

391 1299 426 1328 19
447 1286 552 1316 nobilis
567 1299 584 1314 ω
602 1295 618 1313 2
631 1282 775 1322 pernobili5

390 1339 429 1358 20
450 1328 486 1356 ab
501 1340 518 1355 ω
536 1335 546 1354 ι
565 1327 593 1354 d.

390 1379 429 1399 22
451 1367 522 1396 dicit
537 1380 554 1395 ω
568 1376 585 1395 2
599 1367 689 1394 dicunt

389 1419 427 1448 ²3
449 1415 563 1446 oportet
576 1422 618 1429 —
630 1416 687 1434 non
702 1409 815 1444 oportet
836 1414 853 1432 υ
870 1411 887 1432 2
906 1408 1018 1440 oportere

488 1463 529 1470 ¹·—
544 1459 590 1475 71011
600 1455 712 1485 oportere

389 1489 428 1519 25
449 1497 479 1518 et
491 1487 626 1526 potestate
640 1500 657 1515 ω
675 1496 686 1515 1
705 1487 732 1514 d.

391 1539 429 1566 27
449 1528 592 1567 particeps
606 1537 635 1555 es
650 1540 667 1555 ω
681 1536 706 1561 1,
723 1537 738 1554 2
749 1528 877 1564 particeps
882 1527 977 1562 sanus
990 1533 1016 1551 es

314 1579 371 1609 104
412 1579 428 1598 2
450 1579 503 1598 nec
518 1569 553 1596 ad
569 1567 595 1595 se
609 1580 626 1595 ω
644 1577 670 1601 ι,
688 1577 704 1595 2
720 1566 872 1601 nihiladse

388 1625 430 1633 —
449 1618 503 1638 nec
517 1608 552 1636 ad
567 1608 731 1645 potestatem
756 1619 774 1634 υ
792 1615 803 1633 ι
832 1614 910 1643 neque
922 1605 960 1632 ad
968 1611 1016 1642 po-

489 1651 602 1686 tqstatem

410 1690 429 1719 6
450 1689 480 1718 in
496 1687 706 1727 expeditionem
721 1699 738 1715 ω
755 1695 781 1720 1,
794 1695 810 1714 2
823 1686 984 1722 infiditione

411 1740 429 1768 7
452 1729 531 1757 Nam
549 1735 580 1756 ut
595 1741 612 1755 ω
629 1737 644 1756 2
660 1739 719 1755 nam
725 1728 795 1764 sicut

412 1772 430 1799 8
451 1778 485 1798 ac
497 1768 633 1806 potestate
647 1780 664 1795 ω
680 1775 734 1795 2-et
747 1778 766 1794 a
776 1767 898 1804 potgstate

390 1825 431 1832 —
452 1809 488 1838 fic
503 1809 533 1836 in
548 1808 602 1836 hoc
616 1820 633 1835 ω
649 1808 713 1844 zfic
725 1815 749 1835 et
763 1810 791 1834 in
801 1806 847 1833 hoc

397 1860 433 1880 ιο
452 1849 506 1878 hac
525 1848 585 1886 ipsa
607 1847 715 1876 ratione
739 1845 888 1874 confirmat
906 1843 1018 1872 accusa-

494 1888 601 1918 tionem
625 1900 642 1916 ω
663 1896 673 1914 1
701 1887 751 1915 hac
763 1885 846 1924 ipspm
860 1888 959 1913 rasione
973 1895 1019 1912 ac-

492 1929 643 1965 cusationem
659 1928 791 1965 confirmat
811 1939 829 1954 υ
854 1935 869 1953 2
891 1925 941 1952 hac
962 1924 1019 1961 ipsa

492 1972 593 1998 ratione
614 1970 756 1997 remationis
768 1967 898 2004 corfirmat
911 1966 1018 2002 accusa-

493 2013 584 2039 tionem

400 2061 431 2081 ιι
456 2060 491 2080 ex
516 2049 649 2078 omnibus
664 2046 815 2077 honestatis
833 2053 862 2074 et
887 2044 1019 2073 utilitatis

494 2089 624 2129 partibus
647 2102 664 2117 ω
681 2097 706 2122 ι,
721 2097 737 2116 2
763 2096 795 2116 ex
809 2085 922 2114 omnibus
931 2088 1018 2122 parti-

494 2131 540 2160 bus
554 2131 689 2168 honestatis
698 2137 722 2157 et
733 2138 765 2156 ex
773 2126 884 2156 omnibus
896 2125 1021 2153 utilitatis

309 1017 363 1046 ¹03

490 2170 614 2210 partibus

401 2212 436 2242 16
456 2211 594 2251 probatur
608 2209 644 2238 ab
659 2217 706 2237 reo
722 2221 739 2237 υ
763 2217 773 2236 ι
803 2205 963 2246 improbatur
985 2204 1021 2233 ab

398 2303 435 2323 22
458 2263 588 2359 ιιῑνὲἶῑοὲἀ
607 2287 743 2328 quosdam
768 2301 785 2317 υ
811 2297 826 2317 2
855 2295 884 2318 ut
905 2285 1023 2326 quosdam

497 2340 548 2370 apa

401 2383 437 2412 35
460 2371 603 2410 quoddam
620 2383 636 2398 ω
653 2379 668 2398 2
681 2369 786 2407 quidam

322 2423 356 2444 10
360 2424 374 2453 5
423 2423 434 2442 ι
459 2412 616 2443 redemerat
629 2423 647 2441 ω
661 2419 678 2439 2
693 2411 829 2439 redimerat

1056 286 1108 354 123
1154 325 1169 353 3
1192 313 1344 343 commotis
1359 311 1568 351 tempestatibus
1583 323 1599 339 ω
1617 320 1642 344 ι,
1661 320 1676 340 2
1691 322 1756 340 com-

1234 363 1313 382 motus
1326 353 1513 391 tempestatibus

1156 395 1173 422 8
1197 402 1289 423 tamen
1305 394 1422 432 quidam
1442 406 1459 421 ω
1483 403 1493 421 1
1523 399 1606 420 tamen
1628 403 1681 420 eum
1700 395 1759 430 qui-

1235 436 1296 462 dam

1155 483 1174 512 9
1194 473 1369 502 arceffierunt
1381 486 1398 501 ω
1412 483 1426 501 2
1442 473 1596 509 arteffi‘erint

1138 524 1176 551 14
1197 514 1255 551 ejus
1269 526 1285 541 ω
1302 523 1312 541 1
1329 515 1356 540 d.

1141 563 1173 593 ¹5
1197 553 1371 592 supplicione
1386 552 1490 590 dignus
1506 551 1539 580 fit
1562 564 1579 579 ω
1596 562 1611 579 2
1625 551 1762 589 supplicii,-

1237 593 1401 632 dignustzefi!

1138 643 1173 664 21
1196 634 1276 662 navis
1305 633 1438 661 dominus
1466 645 1484 660 ω
1515 640 1525 659 1
1563 633 1659 660 navim
1682 632 1764 660 domi·

1237 685 1284 702 nus

1140 726 1175 745 22
1198 713 1325 752 depulfio
1340 713 1377 741 est
1391 726 1408 741 ω
1426 722 1436 740 ι
1455 711 1563 750 depulsio

1141 766 1180 793 24
1201 764 1295 784 tamen
1311 768 1327 782 ω
1347 763 1358 782 ι
1376 755 1404 782 d.

1165 805 1174 824 1
1200 795 1304 833 quibus
1320 807 1336 822 ω
1356 803 1365 822 ι
1385 793 1475 832 quibus
1489 791 1563 820 rebus

1160 846 1175 875 3
1199 835 1276 874 quod
1291 834 1393 867 levius,
1416 832 1529 861 facilius
1544 844 1561 859 ω
1581 839 1590 858 1
1608 832 1676 870 quod
1685 831 1766 860 lenius

1240 875 1385 912 etfacilius

1164 925 1177 954 5
1202 915 1353 953 praecaveri
1368 927 1384 942 ω
1401 923 1418 942 2
1428 914 1584 951 precaveri
1592 915 1666 949 potui
1683 923 1697 940 e

1145 965 1180 985 ιο
1200 955 1418 993 redarguentem
1442 952 1630 981 demonstrare
1652 965 1669 979 ω
1689 961 1698 980 1
1723 964 1766 981 rc-

1241 997 1366 1033 darguere
1377 1002 1401 1022 et
1415 995 1582 1029 demonstrare

1145 1035 1179 1064 16
1200 1035 1339 1073 exemplis
1363 1047 1380 1062 ω
1396 1043 1412 1062 2
1435 1031 1555 1070 exemplis
1575 1043 1656 1060 eorum
1679 1033 1766 1060 homi-

1241 1087 1301 1103 num

1146 1125 1180 1154 17
1201 1123 1229 1144 et
1254 1114 1437 1144 contentione
1464 1125 1482 1141 ω
1501 1121 1511 1140 x
1539 1120 1565 1140 et
1591 1123 1647 1140 cum
1669 1121 1768 1141 conten·

1242 1159 1308 1184 tione

1144 1207 1182 1226 2ο
1202 1193 1370 1224 vindicandi
1384 1207 1401 1222 ω
1417 1193 1584 1231 2jud1'candi

1146 1247 1181 1273 27
1204 1244 1232 1264 et
1246 1248 1262 1263 ω
1282 1245 1292 1263 1
1311 1237 1339 1264 d.

1146 1287 1183 1316 30
1203 1274 1374 1305 accusatoris
1397 1283 1470 1302 unus
1495 1273 1524 1301 in
1548 1271 1716 1301 confeffione
1739 1278 1770 1300 et

1243 1317 1315 1344 alter
1329 1329 1346 1343 ω
1365 1324 1377 1343 1
1393 1315 1551 1350 accufhtoris
1562 1316 1592 1342 in
1605 1313 1771 1351 coqfcffianem

1063 796 1118 826 106

1242 1365 1266 1385 et
1280 1363 1379 1394 quanta
1398 1367 1415 1383 ω
1430 1364 1447 1383 2
1465 1355 1619 1391 accufiztoris
1632 1356 1660 1382 in
1672 1351 1767 1390 confes·

1234 1397 1307 1435 stone
1319 1407 1383 1424 unus
1395 1404 1419 1423 et
1432 1395 1500 1423 alm·

1146 1447 1181 1476 3²
1204 1446 1299 1465 autem
1314 1449 1332 1464 ω
1346 1446 1361 1464 2
1376 1437 1404 1463 d.

1142 1492 1183 1499 —
1203 1476 1366 1515 conquestio
1380 1488 1398 1503 ω
1416 1484 1442 1509 1,
1458 1484 1475 1504 2
1490 1475 1623 1513 conquestio
1636 1474 1677 1512 ss

1067 1527 1121 1557 ¹07
1166 1527 1182 1554 7
1203 1525 1232 1546 et
1246 1530 1263 1544 ω
1282 1526 1293 1545 1
1311 1518 1340 1545 d.

1147 1567 1181 1595 13
1206 1565 1234 1586 et
1250 1557 1386 1585 sententia
1399 1569 1418 1584 υ
1435 1564 1461 1589 ι,
1478 1565 1494 1583 2
1509 1562 1533 1583 et
1545 1555 1711 1590 desentemia

1145 1607 1183 1627 20
1205 1597 1378 1626 constitueris
1407 1609 1425 1624 ω
1450 1604 1462 1622 ι
1493 1603 1521 1622 ut
1544 1596 1681 1631 depreceris
1703 1595 1770 1631 (ut)

1245 1639 1402 1676 con-sinueris
1417 1649 1433 1664 ω
1446 1645 1463 1663 2
1476 1643 1503 1663 u!
1515 1636 1651 1672 depreceris

1145 1678 1184 1708 26
1205 1685 1300 1707 tamen
1312 1677 1432 1714 dignum
1444 1675 1531 1703 vestra
1543 1673 1770 1706 mansuetudine,

1247 1718 1367 1756 dignum
1382 1717 1489 1744 virtute
1503 1714 1587 1750 hujus
1604 1715 1669 1742 esset
1683 1727 1699 1742 ω
1713 1723 1738 1746 1,
1752 1723 1771 1741 2

1245 1766 1298 1786 tam
1328 1759 1419 1795 ‘vestra
1447 1755 1634 1790 mansuetudine
1667 1755 1772 1792 dignum

1249 1809 1326 1836 quam
1339 1800 1442 1825 virtute
1455 1797 1529 1833 hujus
1542 1795 1596 1832 tffit

1149 1849 1185 1875 27
1204 1838 1316 1876 judices
1331 1851 1348 1866 ω
1363 1847 1380 1865 2
1397 1838 1530 1874 Ojudices

1149 1890 1186 1916 29
1208 1879 1310 1907 ducere
1324 1891 1341 1906 ω
1357 1887 1375 1906 2
1389 1877 1505 1906 deducere

1151 1929 1186 1958 32
1209 1919 1287 1948 Nam
1302 1918 1333 1946 in
1349 1917 1443 1946 senatu
1459 1923 1507 1944 aut
1522 1913 1644 1943 concilio
1659 1926 1677 1942 ω
1692 1923 1708 1943 2
1723 1921 1772 1943 aut

1248 1962 1275 1987 in
1279 1959 1374 1994 finam
1386 1965 1432 1985 aut
1447 1959 1473 1983 in
1487 1955 1584 1993 cotfilio

1172 2009 1182 2028 ι
1209 1998 1258 2027 diu
1273 1998 1381 2026 diftum
1395 1996 1432 2024 est
1445 2009 1461 2023 υ
1479 2005 1505 2028 ι,
1522 2005 1537 2022 2
1553 1996 1598 2022 diu
1612 1995 1712 2022 dullum
1725 1996 1759 2031 <st

1169 2041 1185 2068 8
1206 2038 1313 2077 poterit
1327 2037 1474 2067 beneficia,
1497 2043 1526 2063 et
1548 2035 1566 2062 fi
1592 2034 1708 2072 poterit,
1729 2033 1773 2061 os-

1248 2078 1363 2107 tendere
1380 2090 1397 2104 ω
1416 2086 1426 2104 ι
1454 2076 1573 2113 beneficia
1585 2077 1680 2112 poterit
1694 2075 1773 2112 osten-

1249 2120 1306 2146 dere

1151 2162 1185 2190 18
1208 2158 1448 2197 consanguineum
1473 2169 1490 2184 ω
1517 2165 1534 2184 2
1567 2154 1774 2192 consanguineum

1249 2200 1291 2236 effi

1148 2255 1189 2265 —
1208 2250 1224 2269 a
1239 2239 1392 2275 majoribus
1408 2236 1538 2276 inprimis
1558 2249 1574 2264 ω
1593 2245 1603 2263 ι
1623 2246 1640 2263 a
1665 2236 1774 2272 majori·

1249 2280 1295 2308 bus
1304 2282 1398 2317 primis
1416 2292 1433 2307 ω
1450 2288 1465 2306 2
1489 2275 1629 2314 majoribus
1648 2281 1695 2303 aut
1714 2275 1773 2311 pri-

1071 2002 1125 2031 108

1152 2361 1189 2389 26
1210 2330 1335 2388 οίὶἔιῐῖἓεῑ
1349 2371 1366 2386 ω
1382 2367 1391 2386 1
1411 2358 1550 2396 ostendetur

1074 2411 1130 2441 ¹09
1175 2410 1186 2429 ι
1211 2400 1286 2439 posse
1299 2411 1317 2428 υ
1333 2408 1349 2428 2
1365 2397 1484 2438 potuiss'e
