2176 2912
480 208 559 261 458
923 217 1456 259 ORATOR.

481 305 608 358 quire:
638 308 752 353 malle,
787 322 857 362 pro
886 313 999 365 magis
1018 315 1131 353 velle:
1161 316 1260 360 nolle,
1283 330 1352 368 pro
1386 330 1454 354 non
1480 315 1581 355 velle.
1640 316 1741 355 Dein
1770 315 1887 355 etiam

482 372 591 424 saepe,
622 382 660 411 et
683 375 776 420 exin,
812 391 882 429 pro
911 377 1030 418 deinde
1059 389 1097 419 et
1128 381 1249 420 exinde
1268 383 1450 420 dicimus.
1511 381 1621 434 Qid
1650 382 1777 420 illud?
1809 396 1888 421 non

483 438 561 476 olet
593 440 693 478 unde
714 441 771 487 fit,
804 443 908 495 quod
938 445 1093 492 dicitur,
1126 462 1204 486 cum
1233 448 1334 487 illis?
1363 463 1441 487 cum
1463 457 1592 487 autem
1611 449 1709 488 nobis
1727 462 1806 487 non
1825 449 1888 486 di-

484 505 598 550 citur,
621 506 683 545 sed
703 508 874 562 nobiscum
891 511 911 549 ἓ
933 513 1023 563 quia
1042 514 1071 558 s1⁴
1089 514 1142 551 ita
1161 514 1363 559 diceretur,
1380 515 1596 553 obscoenius
1617 523 1905 555 concurrerent,

484 570 615 617 literae,
646 582 689 611 ut
709 576 825 613 etiarn
861 577 992 622 modo,
1024 579 1091 616 nifi
1111 589 1229 618 autem
1255 580 1576 633 interposuiffem,
1600 581 1888 619 concurrissent,

484 637 548 675 Ex
568 652 612 677 eo
632 639 683 677 est
702 655 848 686 mecum,
869 653 906 679 et
926 652 1062 688 tecum3
1086 659 1178 690 non,
1199 660 1277 685 cum
1295 661 1360 691 me,
1379 655 1417 684 et
1437 661 1514 685 cum
1534 655 1582 691 te,
1600 655 1643 684 ut
1660 646 1750 685 effet
1768 647 1890 685 fimile

485 703 562 742 illis
583 706 771 758 vobjfiwn,
803 717 916 760 atque
935 710 1121 763 uobfium.

540 772 690 810 XLVI.
723 774 854 825 Atque
886 775 1003 814 etiam
1033 790 1054 814 a
1071 777 1302 829 quibusdam
1334 778 1413 817 sero
1437 779 1520 831 jam
1541 778 1767 816 emendatur
1786 778 1889 816 anti-

484 837 625 888 quitaS,
657 839 725 891 qui
754 838 837 878 haec
869 842 1165 895 reprehendunt.
1199 845 1306 884 Nam
1327 845 1429 884 Proh
1446 845 1558 890 deum,
1588 855 1698 899 atque
1715 844 1895 884 hominum

469 902 581 954 fidem
597 922 608 949 3
638 904 780 945 deorum
810 907 932 946 aiunt.
992 910 1051 948 Ita
1069 910 1195 955 credo,
1226 910 1301 949 hoc
1335 911 1395 949 illi
1429 911 1668 950 nesciebant:
1700 925 1747 949 an
1779 910 1892 949 dabat

484 967 584 1007 hanc
618 970 815 1011 licentiam
849 974 1116 1014 consuetudo?
1154 978 1286 1030 Itaque
1306 977 1412 1016 idem
1431 987 1555 1031 poeta,
1588 978 1657 1030 qui
1676 977 1890 1016 inufitatius

485 1044 725 1075 contraxerat
741 1057 752 1083 3
776 1040 907 1079 Patris
923 1042 992 1080 mei
1007 1043 1270 1095 meumfizc‘t'zim
1283 1043 1409 1096 pudet,
1431 1058 1500 1097 pro
1519 1059 1671 1082 meorum
1676 1045 1890 1096 fabiorum.-

485 1110 537 1148 et,
561 1101 743 1151 Texitur3
775 1107 920 1146 exitium
939 1123 1081 1148 examen
1101 1110 1215 1162 rapit,
1246 1125 1329 1162 pro,
1361 1111 1549 1149 exitiorum
1565 1127 1577 1149 .·
1609 1125 1686 1149 non
1705 1110 1813 1154 dicit,
1843 1110 1891 1148 li-

485 1168 620 1216 berum,
653 1180 695 1209 ut
714 1172 888 1225 plerique
908 1174 1121 1226 loquimur,
1144 1189 1251 1221 cum,
1275 1176 1428 1229 Cupidos
1447 1177 1607 1222 liberum,
1630 1184 1709 1221 aut,
1739 1177 1785 1214 In
1804 1175 1892 1214 libe-

486 1236 606 1276 bcrz‘c'm
625 1239 707 1283 loco,
729 1238 895 1278 dicimus
915 1256 923 1279 :
956 1241 1018 1279 sed
1039 1251 1081 1280 ut
1101 1241 1161 1280 isti
1180 1243 1317 1281 volunt
1328 1261 1341 1288 3

607 1305 733 1358 Neque
752 1315 853 1344 tuum
873 1321 1028 1361 unquam
1048 1308 1084 1346 in
1099 1309 1275 1361 gremium
1288 1310 1434 1348 extollas
1453 1309 1641 1348 liberorum
1660 1323 1703 1347 ex
1722 1319 1757 1347 te
1764 1322 1891 1361 genus..

486 1368 540 1407 Et
571 1369 674 1408 idem
687 1389 699 1416 3
722 1398 803 1404 —
822 1374 990 1428 Namque
1023 1376 1213 1429 AEstulapi
1238 1375 1428 1414 liberorum
1452 1399 1533 1407 —-
1554 1377 1606 1414 Et
1636 1375 1702 1414 ille
1728 1375 1821 1413 alter
1851 1374 1895 1412 in

487 1434 646 1488 Chryse,
677 1451 756 1476 non
777 1438 917 1484 solum,
1416 1431 1419 1435 ’

625 1504 746 1549 Cives,
776 1506 923 1558 antiqui
937 1508 1045 1545 antici
1059 1507 1230 1559 majorum
1248 1509 1373 1554 metim,

487 1568 593 1620 quod
613 1579 691 1607 erat
713 1571 893 1609 ufitatum
909 1591 921 1617 3
953 1573 1016 1610 sed
1036 1574 1167 1611 durius
1188 1575 1319 1618 etiam,

628 1637 827 1688 Corfilizim,
857 1638 1062 1690 augurium,
1093 1648 1201 1692 atque
1219 1641 1337 1678 extum
1357 1640 1583 1692 interpretes.

489 1702 677 1755 Idemque
710 1704 836 1756 pergit
848 1722 860 1749 3
891 1705 1162 1758 ——Pcstquczm
1185 1706 1388 1759 prodigium
1422 1706 1654 1759 horrffi’runu
1684 1706 1894 1758 portentum

480 1778 599 1822 pavos
614 1785 628 1808 .·
659 1783 743 1822 quae
765 1784 842 1809 non
863 1770 948 1808 sane
969 1771 1055 1808 sunt
1075 1772 1114 1809 in
1135 1773 1317 1809 omnibus
1335 1773 1479 1810 neutris
1501 1773 1645 1810 usitata.
1679 1772 1766 1810 Nec
1786 1772 1893 1810 enim

489 1836 654 1874 dixerim
691 1846 770 1875 tam
808 1837 986 1883 libenter,
1017 1839 1156 1877 armz‘c'm
1173 1839 1364 1890 judicium,
1396 1839 1461 1877 etfi
1492 1839 1545 1877 est
1575 1839 1676 1892 apud
1709 1839 1892 1884 eundem,

488 1925 569 1933 ---
582 1903 732 1941 Mhilne
749 1903 801 1941 ad
814 1912 850 1941 te
868 1903 909 1942 de
914 1903 1050 1955 judicio
1061 1906 1200 1943 armum
1219 1905 1348 1945 accidit
1362 1906 1570 1958 ,Ru-quam
1586 1919 1780 1943 armorum.
1803 1905 1893 1955 Jam

493 1970 554 2019 (ut
574 1970 749 2007 censoriae
771 1970 908 2009 tabulae
929 1971 1160 2024 loquuntur)
1178 1973 1336 2025 fabrum
1370 1982 1407 2010 et
1434 1973 1583 2025 procum
1611 1971 1732 2009 audeo
1753 1971 1892 2015 dicere,

492 2049 567 2073 non
584 2035 785 2087 fizbrorum
805 2045 842 2073 et
866 2045 1070 2090 procorum.
1121 2038 1327 2090 Planeque,
1363 2037 1510 2076 duorum
1530 2037 1694 2075 virorum
1700 2035 1893 2087 judicium,

491 2110 569 2145 aut,
600 2101 712 2140 trium
742 2102 906 2141 virorum
926 2103 1146 2156 capitalium,
1178 2113 1243 2141 aut
1263 2103 1374 2142 decem
1393 2103 1557 2141 virorum
1582 2101 1703 2140 litibus
1718 2101 1894 2153 judican-

490 2165 557 2211 dis,
588 2167 674 2204 dico
711 2181 925 2219 nunquam.
986 2170 1110 2221 Atqui
1145 2169 1244 2207 dixit
1278 2169 1421 2207 Accius
1440 2187 1451 2213 3
1497 2167 1599 2207 Video
1619 2168 1791 2222 sepulcra
1824 2167 1895 2206 dua
1931 2200 1935 2203 .

490 2232 638 2271 duorum
657 2243 855 2285 corporum.
899 2233 1085 2286 Idemque
1101 2253 1111 2279 3
1145 2235 1285 2273 Mulier
1303 2249 1375 2273 umz
1393 2234 1499 2273 duum
1518 2235 1654 2273 virz‘c'm.
1700 2233 1808 2286 Qid
1828 2247 1894 2271 ve-

493 2314 579 2337 rum
600 2300 658 2344 fit,
674 2299 876 2353 intellig03
909 2301 971 2338 sed
991 2300 1080 2338 alias
1103 2302 1154 2338 ita
1174 2302 1324 2354 loquor,
1345 2311 1388 2340 ut
1409 2301 1627 2340 concessum
1651 2301 1717 2345 est,
1740 2309 1783 2338 ut
1802 2299 1894 2345 hoc,

492 2367 566 2411 vel,
589 2367 691 2405 Proh
710 2367 808 2405 deum
827 2367 913 2413 dico,
949 2368 1021 2413 vel,
1058 2368 1160 2407 Proh
1180 2368 1319 2408 deorum
1336 2389 1347 2414 ;
1379 2370 1468 2407 alias
1492 2379 1532 2407 ut
1552 2368 1694 2407 neceffe
1715 2367 1780 2413 est,
1802 2380 1895 2405 cum

492 2434 605 2472 trium
625 2434 759 2478 virum,
782 2447 859 2471 non
880 2435 1043 2473 virorum
1060 2453 1071 2479 3
1103 2435 1404 2489 cumscssertidm
1424 2450 1615 2481 nummum,
1638 2448 1716 2474 non
1735 2447 1894 2474 nummo-

493 2501 573 2539 rum
589 2519 601 2547 3
634 2500 737 2553 quod
758 2499 797 2539 in
818 2499 878 2539 his
899 2501 1134 2540 consuetudo
1155 2502 1253 2540 varia
1273 2516 1351 2541 non
1372 2501 1438 2541 est.
