2176 2912
404 185 481 224 266
758 184 872 222 DE
950 181 1457 222 ORATORE

402 291 537 316 eorum
556 276 697 330 partim
717 277 769 314 ita
789 277 884 314 levia
904 276 1002 321 sunt,
1022 285 1065 314 ut
1086 275 1365 314 contemnenda
1384 275 1479 319 fint;
1511 273 1666 327 partim,
1683 273 1801 313 etiam

402 343 429 382 fi
451 343 545 395 quid
564 341 705 380 habent
735 342 960 393 adjumenti,
991 342 1076 380 sunt
1103 355 1382 393 nonnunquam
1413 340 1614 393 ejusmodi,
1651 349 1694 377 ut
1714 340 1800 378 infit

402 409 445 446 in
464 409 509 447 iis
530 408 676 460 aliquid
695 408 807 452 vitii;
840 421 961 459 neque
982 408 1077 444 tanti
1097 407 1140 444 fit
1161 408 1271 451 illud,
1305 407 1409 459 quod
1430 405 1595 459 prodeffe
1615 405 1798 450 videatur,

404 485 448 513 ut
468 488 559 512 cum
579 474 709 526 aliquo
738 473 840 511 malo
867 474 1134 525 conjungatur.
1186 474 1283 524 Qae
1304 482 1431 510 autem
1452 472 1537 509 sunt
1558 471 1667 509 utilia
1686 480 1801 522 atque

404 541 529 585 firma,
551 541 576 578 fi
597 554 638 578 ea
659 549 785 578 tamen
818 541 879 590 (ut
899 539 990 591 saepe
1011 539 1072 589 fit)
1096 539 1202 576 valde
1223 539 1345 576 multa
1366 538 1475 582 sunt;
1507 551 1562 582 ea,
1584 551 1667 589 quae
1687 550 1734 575 ex
1754 536 1800 574 iis

403 615 468 644 aut
488 605 669 644 leviffima
690 605 789 649 sunt,
811 613 876 641 aut
897 604 978 640 aliis
994 603 1229 655 gravioribus
1243 603 1467 646 consimilia,
1489 602 1628 640 secerni
1641 602 1802 639 arbitror

403 682 591 725 oportere,
613 680 724 722 atque
745 684 790 708 ex
811 670 979 707 oratione
1000 668 1196 706 removeri.
1243 668 1438 720 Equidem
1458 681 1551 705 cum
1570 667 1712 719 colligo
1741 681 1800 705 ar-

403 747 589 790 gumenta
621 735 830 779 causarum,
863 748 939 772 non
972 743 1050 771 tam
1079 746 1121 770 ea
1150 746 1348 771 numerare
1367 733 1479 777 soleo,
1511 746 1628 785 quam
1657 745 1801 785 expen-

404 804 504 842 dere.

448 869 657 908 LXXVII.
680 869 733 905 Et
747 866 931 920 quoniam
947 865 1069 918 (quod
1085 865 1268 918 saepejam
1286 865 1384 917 dixi)
1403 865 1524 903 tribus
1541 865 1651 903 rebus
1668 876 1801 902 omnes

402 934 448 972 ad
462 934 628 973 nostram
642 932 867 970 sententiam
879 931 1139 983 perducimus,
1154 939 1218 968 aut
1232 930 1432 974 Docendo,
1450 940 1514 967 aut
1530 928 1801 973 Conciliando,

402 1010 468 1039 aut
482 999 769 1043 Permovendo;
793 1011 868 1035 una
886 1011 932 1035 ex
954 997 1076 1035 tribus
1096 996 1156 1035 his
1174 997 1284 1035 rebus
1305 1010 1360 1034 res
1382 1010 1456 1049 prae
1477 997 1586 1034 nobis
1602 996 1654 1033 est
1671 994 1801 1033 feren-

403 1066 463 1112 da,
485 1075 528 1104 ut
548 1064 647 1104 nihil
667 1064 785 1109 aliud,
803 1063 871 1101 nisi
892 1063 1038 1106 docere,
1053 1062 1149 1100 velle
1168 1062 1387 1100 videamur:
1409 1062 1562 1112 reliquae
1579 1061 1676 1104 duae,
1690 1060 1802 1098 sicuti

402 1132 550 1185 sanguis
582 1131 623 1169 in
642 1129 881 1183 corporibuS,
913 1129 962 1166 fic
983 1128 1057 1166 111ae
1086 1129 1124 1165 in
1145 1128 1335 1180 perpetuis
1365 1126 1599 1164 orationibus
1621 1124 1711 1163 fusae
1730 1124 1802 1163 effe

403 1198 612 1237 debebunt.
659 1197 766 1235 Nam
785 1204 822 1233 et
837 1195 1040 1247 principia,
1062 1202 1098 1231 et
1118 1203 1257 1231 caeterae
1277 1201 1398 1245 partes
1419 1192 1614 1236 orationis,
1645 1191 1692 1229 de
1711 1191 1801 1243 qui-

401 1265 474 1302 bus
494 1264 609 1317 paulo
628 1262 710 1315 post
731 1274 850 1314 pauca
869 1261 1056 1304 dicemus,
1086 1258 1224 1297 habere
1256 1258 1354 1296 hanc
1374 1259 1455 1297 vim
1480 1270 1711 1310 magnopere
1731 1257 1801 1295 de·—

402 1329 509 1375 bent,
542 1338 586 1366 ut
604 1328 650 1366 ad
670 1341 803 1366 eorum
824 1334 985 1370 mentes,
1016 1325 1117 1378 apud
1137 1338 1232 1378 quos
1254 1334 1400 1378 agetur,
1422 1324 1626 1363 movendas
1647 1336 1800 1376 perma-

402 1409 489 1434 nare
508 1395 661 1449 poffint.

457 1462 528 1500 Sed
548 1461 607 1499 his
627 1460 798 1514 partibus
818 1459 1014 1504 orationis,
1036 1473 1135 1512 quae,
1164 1460 1229 1498 ets1
1250 1457 1349 1498 nihil
1371 1460 1509 1497 docent
1529 1466 1800 1510 argumentan-

403 1529 465 1573 do,
499 1527 756 1580 persuadendo
777 1535 918 1570 tamen,
954 1536 992 1563 et
1022 1526 1302 1563 commovendo
1333 1526 1540 1578 proficiunt
1567 1525 1800 1576 plurimum,

402 1606 624 1646 quanquam
645 1592 814 1641 maxime
833 1591 1008 1643 proprius
1029 1590 1081 1628 est
1101 1590 1208 1628 locus
1228 1600 1266 1628 et
1286 1592 1327 1628 in
1347 1590 1580 1629 exordiendo
1599 1600 1637 1628 et
1652 1591 1691 1627 in
1712 1603 1800 1642 per-

402 1659 545 1697 orando
561 1677 572 1703 ;
605 1657 751 1710 digredi
772 1666 899 1694 tamen
917 1657 964 1694 ab
985 1670 1029 1694 eo
1049 1656 1153 1708 quod
1170 1657 1423 1709 proposueris,
1454 1666 1566 1708 atque
1586 1670 1684 1708 agas,
1712 1668 1800 1707 per-

402 1725 683 1763 movendorum
704 1723 922 1761 animorum
941 1722 1063 1766 caus3,
1080 1722 1172 1775 saepe
1193 1722 1287 1760 utile
1306 1723 1371 1760 est.
1415 1723 1564 1774 Itaque,
1593 1721 1650 1759 vel
1672 1733 1801 1758 narra-

402 1791 507 1829 tione
527 1789 706 1843 expofita,
739 1788 831 1841 saepe
851 1789 961 1826 datur
986 1788 1031 1825 ad
1065 1788 1365 1826 commovendos
1386 1788 1534 1826 animos
1564 1786 1802 1839 digrediendi

403 1856 509 1894 locus
527 1874 538 1900 ;
570 1855 628 1893 vel
650 1855 883 1908 argumentis
914 1854 1047 1892 nostris
1074 1854 1324 1899 confirmatis,
1355 1854 1414 1892 vel
1438 1854 1635 1892 contrariis
1656 1852 1800 1890 refuta-

402 1922 467 1966 tis,
498 1921 555 1959 vel
577 1930 740 1972 utroque
770 1920 870 1965 loco,
902 1920 959 1958 vel
987 1920 1182 1964 omnibus,
1214 1920 1239 1957 s1
1260 1919 1376 1958 habet
1401 1933 1485 1957 eam
1505 1919 1613 1956 causa
1632 1918 1800 1970 dignita-

402 1996 480 2025 tem
511 1997 623 2039 atque
656 1987 821 2040 copiam,
853 1987 950 2024 reete
979 1986 1017 2023 id
1038 1986 1118 2024 fieri
1153 1986 1271 2038 potest
1283 2005 1295 2031 5
1327 1999 1454 2037 eaeque
1488 1984 1604 2022 causae
1631 1984 1717 2020 sunt
1754 1982 1801 2020 ad

402 2054 620 2106 augendum
641 2062 677 2091 et
698 2053 743 2090 ad
763 2053 977 2091 ornandum
993 2051 1214 2105 graviffimae
1231 2061 1343 2103 atque
1361 2050 1595 2103 pleniffimae,
1613 2063 1696 2101 quae
1708 2049 1799 2100 plu-

403 2118 519 2156 rimos
540 2118 663 2156 exitus
691 2118 781 2155 dant
813 2118 859 2155 ad
878 2117 1066 2169 ejusmodi
1096 2116 1377 2169 digreffionem,
1414 2125 1455 2153 ut
1476 2114 1535 2152 his
1557 2114 1649 2152 locis
1672 2114 1727 2151 uti
1748 2114 1799 2151 li-

402 2193 497 2228 ceat,
529 2184 669 2235 quibus
691 2184 910 2221 animorum
930 2184 1098 2235 impetus
1114 2196 1260 2227 eorum,
1283 2182 1350 2235 qui
1370 2182 1544 2225 audiunt,
1572 2189 1636 2218 aut
1656 2180 1800 2233 impel-

402 2249 543 2294 lantur,
563 2259 626 2286 aut
644 2249 896 2287 reflectantur.

457 2317 588 2367 Atque
607 2315 723 2352 etiam
742 2315 782 2352 in
803 2314 871 2352 illo
902 2313 1134 2367 reprehendo
1165 2327 1242 2360 eos,
1275 2314 1356 2366 qui,
1387 2328 1471 2366 quae
1500 2313 1663 2351 minime
1689 2311 1802 2349 firma

402 2380 502 2426 sunt,
524 2394 567 2419 ea
585 2381 709 2434 prima
727 2381 933 2420 collocant.
967 2382 1011 2419 In
1028 2395 1106 2434 quo
1120 2381 1205 2419 illos
1222 2395 1375 2433 quoque
1391 2393 1508 2418 errare
1525 2379 1700 2422 arbitror,
1715 2377 1798 2429 qui,

402 2447 428 2485 fi
446 2448 598 2501 quando
615 2448 672 2499 (id
688 2448 792 2500 quod
808 2447 907 2486 mihi
924 2462 1122 2500 nunquam
1136 2448 1298 2500 placuit)
1318 2447 1445 2499 plures
1465 2445 1649 2484 adhibent
1667 2452 1799 2496 patro-

401 2526 486 2561 nos,
509 2523 552 2554 ut
571 2514 611 2554 in
631 2528 786 2569 quoque
802 2528 936 2554 eorum
956 2515 1168 2554 minimum
1187 2522 1324 2568 putant
1341 2513 1426 2559 effe,
1445 2513 1497 2552 ita
1515 2525 1607 2551 eum
1623 2511 1798 2565 primum
