2176 2912
412 277 484 330 136
761 278 875 317 DE
953 279 1459 318 ORATORE

410 372 602 423 quandam
623 372 762 410 artium
783 372 908 411 fecisse
935 373 1058 418 video,
1092 387 1215 426 neque
1235 374 1275 411 in
1296 373 1469 412 universo
1488 385 1624 426 genere
1639 373 1805 426 singulos

410 438 623 482 elaboraffe,
655 438 715 476 sed
746 438 941 492 seposuiffe
971 453 991 476 a
1019 441 1160 478 caeteris
1192 440 1424 478 diffitionibus
1453 453 1537 477 eam
1566 449 1712 492 partem
1743 439 1803 478 di-

410 503 534 548 cendi,
566 518 650 556 quae
682 504 720 541 in
742 503 952 543 forensibus
977 505 1314 557 disceptationibus
1337 505 1591 557 judiciorum,
1622 513 1687 542 aut
1706 505 1803 543 deli-

412 569 654 607 berationum
674 570 893 615 versaretur,
925 581 963 609 et
983 571 1021 609 id
1043 585 1164 609 unum
1184 585 1304 624 genus
1325 572 1463 610 oratori
1484 571 1672 623 reliquisse
1684 590 1695 616 3
1728 585 1804 608 non
1855 604 1859 605 ⁷

410 635 643 687 complectar
662 636 701 672 in
717 634 777 673 his
799 636 906 674 libris
924 637 1103 689 amplius,
1126 650 1243 688 quarn
1259 638 1363 689 quod
1379 637 1471 674 huic
1486 637 1630 688 generi,
1649 650 1686 673 re
1699 650 1804 688 quae-

411 700 476 738 fita
495 710 533 738 et
564 701 735 738 multum
757 701 957 753 disputata,
988 702 1232 740 summorum
1249 701 1457 740 hominum
1484 715 1602 754 prope
1623 701 1806 739 consensu

409 766 462 803 est
483 767 697 804 tributum:
721 775 965 819 repetamque
986 780 1062 804 non
1082 767 1128 804 ab
1144 767 1387 805 incunabulis
1403 767 1535 804 nostrae
1554 768 1688 804 veteris
1708 780 1804 819 pue-

410 832 563 884 rilisque
597 832 776 869 doetrinae
806 832 1000 883 quendam
1031 832 1206 870 ordinem
1227 842 1518 885 praeceptorum,
1551 831 1612 869 sed
1636 845 1690 876 ea,
1722 845 1806 884 quae

410 897 606 949 quondam
633 897 761 949 accepi
788 897 828 934 in
860 897 1074 936 nostrorum
1095 897 1305 936 hominum
1326 897 1737 950 eloquentiffimorum,
1767 906 1807 935 et

408 963 516 1000 omni
547 963 734 1015 dignitate
765 963 1002 1016 principum,
1034 964 1288 1017 disputatione
1308 963 1378 1001 effe
1403 963 1568 1001 versata:
1602 977 1679 1001 non
1700 962 1806 1015 quod

409 1029 475 1066 illa
493 1038 755 1073 contemnam,
787 1043 871 1081 quae
903 1030 1045 1074 Graeci,
1077 1030 1229 1068 dicendi
1249 1030 1410 1068 artifices
1437 1038 1475 1067 et
1495 1029 1682 1077 doctores,
1714 1029 1802 1066 reli-

409 1105 574 1147 querunt
582 1114 594 1140 ς
612 1095 686 1140 sed,
702 1109 793 1133 cum
808 1095 872 1133 illa
884 1106 1048 1148 pateant,
1060 1097 1098 1134 in
1112 1106 1372 1150 promptuque
1385 1096 1456 1134 smt
1469 1096 1665 1140 omnibus,
1680 1108 1804 1147 neque

408 1174 450 1198 ea
471 1162 780 1214 interpretatione
797 1175 881 1200 mea
900 1171 965 1200 aut
984 1163 1153 1200 ornatius
1170 1163 1366 1216 explicari,
1388 1170 1452 1199 aut
1468 1161 1617 1214 planius
1638 1161 1805 1214 exprimi

407 1227 561 1280 poffint,
598 1227 703 1265 dabis
738 1226 837 1266 hanc
872 1229 1036 1273 veniam,
1068 1230 1124 1266 mi
1158 1228 1285 1272 frater,
1322 1237 1365 1266 ut
1397 1228 1546 1280 opinor,
1578 1235 1622 1264 ut
1654 1239 1801 1270 eorum,

407 1293 548 1344 quibus
570 1292 719 1330 summa
730 1293 883 1331 dicendi
900 1293 979 1331 laus
1000 1307 1020 1331 a
1039 1294 1171 1332 nostris
1189 1292 1416 1331 hominibus
1437 1291 1607 1331 conceffa
1625 1291 1690 1337 est,
1712 1305 1803 1330 auc-

407 1359 604 1396 toritatem
626 1359 771 1397 Graecis
792 1368 1036 1412 anteponam.

452 1424 545 1461 VII.
567 1425 671 1462 Cum
685 1424 803 1476 igitur
818 1423 1083 1463 vehementius
1101 1424 1342 1463 inveheretur
1355 1425 1394 1462 in
1410 1424 1559 1462 causam
1576 1424 1804 1476 Principum

409 1490 554 1528 Consul
576 1489 796 1542 Philippus,
830 1491 1022 1543 Drufique
1055 1492 1270 1530 tribunatus
1301 1505 1369 1544 pro
1399 1491 1547 1529 senatus
1583 1491 1804 1528 auctoritate

406 1555 596 1607 susceptus
619 1554 779 1607 infringi
794 1556 877 1606 jam
904 1570 945 1593 ac
966 1556 1157 1594 debilitari
1170 1557 1372 1600 videretur,
1395 1556 1471 1593 dici
1503 1554 1602 1593 mihi
1623 1555 1802 1600 memini,

408 1620 588 1657 ludorum
598 1621 866 1658 Romanorum
880 1621 1013 1658 diebus
1023 1622 1071 1659 L.
1084 1621 1271 1666 Crassum,
1282 1622 1383 1673 quasi
1397 1621 1667 1673 colligendisui
1680 1621 1802 1665 causa,

407 1687 442 1724 se
463 1688 501 1724 in
523 1687 788 1725 Tusculanum
810 1687 1022 1726 contuliffe.
1054 1688 1207 1726 Veniffe
1227 1689 1377 1733 eodem,
1405 1688 1507 1726 socer
1526 1689 1606 1740 ejus
1628 1690 1695 1740 qui
1715 1687 1803 1726 fue-

407 1762 475 1797 rat,
541 1753 669 1790 uintus
702 1753 862 1790 Mucius
883 1753 1093 1797 dicebatur,
1126 1762 1163 1791 et
1185 1754 1247 1791 M.
1271 1754 1480 1798 Antonius,
1511 1752 1632 1792 homo
1651 1762 1687 1791 et
1707 1767 1803 1792 con-

407 1819 576 1856 filiorum
609 1819 645 1856 in
668 1818 862 1870 republica
882 1819 1020 1864 socius,
1052 1828 1090 1856 et
1110 1819 1261 1857 summa
1286 1833 1376 1857 cum
1400 1819 1527 1857 Craffo
1546 1818 1805 1858 familiaritate

403 1886 645 1936 conjunctus.
670 1884 852 1922 Exierant
872 1894 1000 1923 autem
1022 1898 1114 1922 cum
1136 1885 1215 1937 ipso
1234 1886 1362 1924 Crass‘o
1382 1885 1633 1923 adolescentes
1651 1886 1741 1930 duo,
1765 1894 1804 1923 et

405 1950 519 1988 Drusi
541 1950 709 1988 maxime
728 1949 947 1995 familiares,
970 1960 1007 1988 et
1032 1951 1071 1988 in
1093 1951 1234 2002 quibus
1251 1965 1431 2003 magnam
1453 1961 1537 1989 tum
1554 1951 1660 2003 spem
1677 1952 1801 2003 majo-

403 2028 460 2053 res
483 2025 571 2053 natu
586 2016 781 2068 dignitatis
803 2016 874 2054 suae
891 2016 1135 2061 collocarant,
1161 2019 1208 2055 C.
1226 2018 1354 2062 Cotta,
1373 2018 1440 2069 qui
1458 2027 1543 2056 tum
1562 2018 1800 2056 tribunatum

404 2082 525 2133 plebis
547 2083 711 2133 petebat,
748 2092 784 2120 et
807 2084 850 2121 Ρ.
873 2083 1079 2135 SulpiciuS,
1112 2083 1179 2134 qui
1207 2083 1387 2135 deinceps
1419 2096 1508 2120 eum
1538 2083 1801 2135 magistratum

405 2148 591 2199 petiturus
615 2148 830 2200 putabatur.

460 2213 516 2250 Hi
548 2214 674 2264 primo
705 2214 765 2250 die
787 2214 832 2251 de
867 2214 1107 2266 temporibus
1128 2214 1217 2259 illis,
1249 2215 1372 2266 deque
1399 2214 1568 2252 universa
1590 2214 1798 2266 republica,

403 2292 519 2331 quam
542 2279 592 2316 ob
613 2280 760 2318 caulam
782 2291 975 2325 venerant,
1007 2281 1178 2318 multum
1201 2283 1298 2319 inter
1319 2282 1352 2319 se
1378 2281 1494 2333 usque
1515 2282 1559 2319 ad
1582 2291 1800 2320 extremum

405 2353 555 2396 tempus
577 2345 652 2381 diei
672 2345 854 2382 collocuti
878 2346 977 2383 sunt.
1011 2347 1102 2397 Qo
1123 2347 1281 2398 quidem
1303 2347 1340 2383 in
1363 2346 1535 2384 sermone
1556 2347 1680 2384 multa
1699 2347 1799 2384 divi-

401 2411 506 2448 nitus
527 2425 546 2448 a
567 2411 689 2448 tribus
711 2411 786 2449 illis
803 2412 1064 2450 consularibus
1087 2414 1202 2450 Cotta
1223 2414 1415 2465 deplorata
1436 2423 1471 2450 ct
1499 2423 1802 2451 commemorata

403 2477 596 2521 narrabam
621 2486 661 2513 ut
684 2475 780 2514 nihil
803 2478 988 2515 incidiffet
1003 2478 1128 2530 postea
1143 2479 1289 2516 civitati
1307 2479 1412 2523 mali,
1431 2480 1534 2531 quod
1552 2492 1628 2516 non
1645 2479 1800 2531 impen—

401 2542 488 2580 dere
518 2543 576 2579 illi
599 2543 704 2580 tanto
724 2543 810 2581 ante
838 2544 1026 2582 vidiss'ent.
1060 2546 1119 2582 Eo
1139 2554 1266 2583 autem
1288 2546 1395 2583 omni
1417 2546 1587 2584 sermone
1609 2545 1799 2589 confeeto,

404 2619 546 2647 tantam
568 2610 607 2648 in
626 2609 754 2649 Craffo
774 2609 1057 2650 humanitatem
1077 2610 1199 2658 fuiffe‚
1219 2621 1274 2657 ut,
1297 2625 1389 2651 cum
1410 2613 1503 2651 lauti
1525 2611 1798 2656 accubuiffent‚
