2176 2912
380 267 429 305 86
634 262 1535 302 DEINVENTIONE

381 360 523 397 iterum
544 356 676 395 dixisse
695 356 907 402 videamur,
941 356 1105 394 breviter
1125 355 1485 401 demonstrabimus,
1514 355 1609 408 quid
1629 369 1781 408 quaque

380 425 420 463 in
441 433 546 477 parte
563 423 794 461 confiderare
811 432 995 475 oporteat.
1028 423 1074 460 In
1090 422 1176 461 loco
1196 423 1315 475 igitur
1327 423 1607 475 opportunitaS,
1623 422 1662 459 in
1677 431 1779 460 tem-

380 504 472 544 pore
492 490 771 542 longinquitas,
807 489 846 527 in
873 489 1069 528 occafione
1089 490 1346 527 commoditas
1366 489 1413 526 ad
1443 488 1664 528 faciendum
1696 489 1781 527 ido-

382 570 464 601 nea,
488 556 527 594 in
547 554 730 593 facultate
755 555 865 607 copia
884 563 923 592 et
943 555 1103 607 potestas
1124 568 1255 592 earum
1272 568 1400 592 rerum
1420 564 1581 608 propter·
1596 567 1688 606 quas
1710 554 1781 591 ali-

382 622 477 674 quid
497 620 647 659 facilius
665 620 723 665 fit,
745 630 809 659 aut
829 621 905 659 fine
925 621 1067 674 quibus
1091 622 1253 659 omnino
1273 620 1413 659 confici
1434 634 1511 659 non
1529 621 1664 673 potest,
1686 634 1782 658 con-

381 687 574 726 fideranda
592 687 658 725 est.

437 753 590 792 Deinde
620 752 831 791 videndum
865 752 931 796 est,
962 752 1059 803 quid
1078 752 1304 803 adjun&um
1333 752 1378 789 fit
1409 752 1578 804 negotio,
1609 751 1685 790 hoc
1715 752 1783 796 est,

382 819 478 872 quid
499 819 636 870 majus,
659 818 752 870 quid
774 819 918 861 minus,
935 818 1030 869 quid
1050 831 1156 870 aeque
1172 831 1359 870 magnum
1376 817 1434 861 fit,
1456 818 1551 869 quid
1567 818 1715 862 simile,
1737 831 1784 855 ex

382 886 525 938 quibus
546 885 763 936 conjestura
782 884 958 936 quaedam
979 884 1147 929 ducitur,
1170 884 1210 929 fi,
1228 884 1561 936 quemadmodum
1582 896 1638 921 res
1659 884 1783 935 majo-

385 965 455 995 res,
474 951 640 989 minores
662 964 769 1002 aeque
789 964 952 1003 magnae,
973 951 1190 1003 fimilesque
1210 952 1271 1004 agi
1290 951 1446 994 soleant,
1468 951 1674 1003 diligenter
1688 963 1785 988 con-

384 1018 622 1056 fiderabitur.
669 1018 761 1068 Qo
781 1017 821 1055 in
841 1031 978 1069 genere
998 1027 1154 1056 eventus
1182 1031 1338 1070 quoque
1363 1017 1549 1055 videndus
1581 1017 1652 1054 erit
1666 1035 1676 1061 ;
1709 1015 1785 1054 hoc

383 1084 450 1129 est,
481 1084 577 1136 quid
607 1097 653 1121 ex
688 1097 916 1135 unaquaque
950 1096 989 1121 re
1022 1083 1137 1122 soleat
1162 1085 1325 1129 evenire,
1356 1096 1587 1136 magnopere
1613 1082 1784 1121 confide-

384 1150 548 1188 randum
568 1150 621 1187 est
633 1167 644 1194 ς
677 1159 719 1187 ut
740 1158 881 1194 metuS,
917 1149 1062 1194 laetitia,
1085 1150 1279 1188 titubatio.

438 1216 586 1266 Qarta
616 1224 744 1253 autem
776 1228 859 1268 pars
887 1224 966 1252 erat
986 1229 1032 1253 ex
1052 1216 1113 1260 iis,
1145 1229 1237 1268 quas
1270 1215 1434 1267 negotiis
1463 1214 1688 1252 dicebamus
1715 1213 1786 1250 effe

383 1282 599 1326 attributas,
630 1282 864 1320 consecutio.
898 1283 949 1328 In-
978 1295 1020 1319 ea
1050 1291 1274 1334 quaeruntur
1300 1294 1355 1325 ea,
1388 1294 1472 1332 quae
1492 1279 1640 1332 gestum
1666 1292 1786 1331 nego-

385 1348 487 1385 tium
507 1346 712 1384 confestim
731 1356 796 1384 aut
816 1361 863 1384 ex
893 1347 1094 1385 intervallo
1114 1347 1415 1398 consequuntur.
1476 1346 1521 1384 In
1542 1358 1618 1396 qua
1636 1345 1786 1383 videbi-

385 1425 472 1451 mus
493 1425 623 1464 ecquae
643 1413 878 1450 consuetudo
897 1412 955 1457 fit,
973 1426 1103 1465 ecquae
1119 1413 1230 1457 adtio,
1248 1411 1399 1464 ecquod
1414 1412 1494 1463 ejus
1511 1411 1564 1448 rei
1580 1409 1788 1449 artificium

387 1479 445 1522 sit,
475 1486 540 1515 aut
561 1477 661 1521 usus,
691 1487 759 1522 aut
779 1478 1003 1523 exercitatio
1022 1477 1247 1522 hominum,
1279 1486 1345 1515 aut
1370 1477 1608 1530 approbatio,
1636 1485 1705 1514 aut
1724 1475 1786 1514 of-

387 1543 505 1582 fensio
521 1562 532 1587 ;
564 1557 612 1581 ex
633 1543 779 1595 quibust
796 1557 1077 1594 nonnunquam
1097 1543 1251 1581 elicitur
1271 1542 1419 1594 aliquid
1439 1542 1676 1595 suspicionis.

442 1610 556 1648 XIII.
592 1612 688 1646 Sunt
706 1617 836 1646 autem
857 1609 993 1660 aliquae
1013 1608 1258 1661 suspiciones,
1291 1622 1375 1661 quae
1394 1609 1658 1646 communiter
1683 1617 1721 1645 et
1740 1621 1789 1647 ex

390 1677 648 1728 negotiorum,
663 1684 701 1712 et
720 1688 767 1712 ex
787 1675 1032 1728 personarum
1048 1675 1381 1719 attributionibus‚
1397 1674 1615 1712 sumuntur.
1631 1674 1738 1712 Nam
1751 1683 1789 1712 et

389 1755 435 1779 ex
449 1740 616 1785 fortuna,
631 1750 668 1777 et
687 1753 733 1777 ex
755 1750 900 1785 natura,
923 1749 960 1777 et
979 1754 1026 1777 ex
1047 1740 1165 1784 vidtu,
1180 1740 1318 1785 studio,
1336 1739 1459 1785 fastis,
1482 1740 1582 1785 casu,
1604 1740 1788 1778 orationi-

391 1806 475 1851 bus,
494 1806 667 1850 confilio,
695 1814 733 1842 et
753 1819 800 1843 ex
821 1805 956 1843 habitu
975 1806 1096 1843 animi
1117 1815 1180 1843 aut
1201 1806 1368 1859 corporis
1390 1805 1569 1859 pleraque
1596 1805 1790 1858 pertinent

389 1872 435 1910 ad
455 1871 602 1911 easdem
631 1885 702 1916 res,
733 1885 817 1923 quae
837 1885 918 1909 rem
939 1871 1164 1909 credibilem
1184 1880 1249 1908 aut
1269 1871 1538 1909 incredibilem
1557 1870 1680 1909 facere
1701 1870 1789 1924 pos-

389 1938 488 1981 sunt,
498 1947 639 1987 etcum
656 1936 743 1975 faeti
759 1936 1209 1990 l'uspicionejunguntur.
1229 1937 1406 1975 Maxime
1418 1937 1525 1975 enim
1538 1937 1657 1989 quaeri
1672 1949 1790 1989 opor-

390 2013 445 2040 tet
464 2003 502 2040 in
519 2003 591 2040 hac
604 2003 889 2047 constitutione,
908 2004 1096 2057 primum,
1113 2003 1332 2056 potueritne
1344 2003 1489 2055 aliquid
1503 2003 1584 2040 fieri
1603 2017 1612 2040 ε
1636 2002 1788 2047 deinde,

390 2082 513 2120 ecquo
547 2069 593 2106 ab
613 2069 688 2106 alio
718 2069 909 2121 potuerit:
942 2068 1079 2106 deinde
1100 2068 1275 2112 facultas,
1307 2069 1353 2106 de
1373 2081 1448 2120 qua
1468 2076 1555 2106 ante
1587 2068 1786 2105 diximus:

391 2135 541 2179 deinde,
565 2145 695 2173 utrum
716 2135 755 2172 id
775 2134 924 2174 facinus
945 2135 1002 2180 fit,
1025 2135 1129 2186 quod
1150 2135 1335 2187 poenitere
1356 2133 1472 2172 fuerit
1493 2133 1658 2171 necess‘e:
1692 2134 1787 2172 item

391 2201 495 2253 quod
515 2201 619 2253 spem
655 2201 804 2238 celandi
837 2200 993 2239 haberet
1011 2215 1019 2238 ε
1052 2199 1190 2238 deinde
1224 2198 1469 2243 necessitudo,
1501 2200 1540 2236 in
1573 2212 1661 2251 qua,
1694 2212 1789 2237 num

393 2266 534 2304 neccsse
550 2266 665 2304 fuerit
685 2267 724 2304 id
745 2276 809 2304 aut
830 2266 925 2310 fieri,
949 2276 1013 2304 aut
1034 2266 1085 2304 ita
1105 2265 1201 2310 fieri,
1219 2266 1414 2318 quaeritur.
1440 2266 1620 2316 Qorum
1640 2278 1724 2317 pars
1745 2265 1791 2302 ad

393 2333 595 2370 confilium
616 2333 794 2386 pertinet,
826 2333 930 2385 quod
950 2331 1118 2385 personis
1140 2333 1371 2370 attributum
1393 2332 1458 2376 est,
1483 2341 1525 2370 ut
1556 2332 1595 2369 in
1623 2344 1664 2369 ea
1684 2331 1792 2369 causa

392 2411 510 2451 quam
530 2399 789 2451 exposuimus.
822 2402 925 2438 Ante
946 2411 1028 2437 rem
1048 2398 1132 2443 erit,
1165 2398 1269 2451 quod
1300 2399 1338 2436 in
1360 2398 1496 2436 itinere
1516 2398 1551 2436 se
1571 2407 1651 2436 tam
1672 2396 1790 2435 fami-

394 2465 533 2503 liariter
567 2465 825 2518 applicaverit,
869 2465 974 2518 quod
1009 2464 1192 2504 sermonis
1232 2465 1381 2503 causam
1416 2465 1640 2517 quaesiverit,
1686 2464 1791 2516 quod

391 2532 505 2570 fimul
526 2532 734 2575 diverterit,
756 2532 929 2570 coenarit.
977 2532 1023 2570 In
1050 2544 1103 2576 re,
1126 2543 1216 2576 nox,
1240 2531 1408 2569 somnus.
1459 2531 1548 2569 Post
1568 2543 1664 2575 rem,
1685 2529 1791 2583 quod
