2176 2912
608 192 926 231 LIBER
1001 190 1485 228 TERTIUS.
1672 204 1689 217 ἢ

1671 205 1745 243 ³¹3

349 285 559 330 mentibus,
582 286 650 336 qui
669 283 868 328 audissent,
901 283 1003 336 quasi
1025 282 1174 320 aculeos
1194 282 1378 333 quosdam
1400 281 1642 333 relinqueret.
1695 283 1749 320 At

349 352 454 390 hunc
474 365 548 388 non
570 350 754 388 clamator
779 350 916 402 aliquis
947 349 992 387 ad
1013 348 1250 401 clepsydram
1284 348 1416 385 latrare
1447 347 1639 391 docuerat,
1671 347 1746 391 sed,

348 427 391 454 ut
424 417 658 469 accepimus,
702 416 976 454 Clazomenius
1012 415 1077 453 ille
1113 416 1371 466 Anaxagoras,
1408 413 1465 450 vir
1495 413 1670 452 summus
1708 414 1749 451 in

347 472 604 520 maximarum
625 495 753 519 rerum
774 481 941 519 scientia.
1002 482 1135 532 Itaque
1166 479 1230 517 hic
1251 480 1437 523 doctrina,
1468 478 1639 523 consilio,
1666 479 1747 516 elo-

346 549 504 600 quentia
523 547 728 593 excellens,
750 548 1000 600 quadraginta
1019 560 1136 584 annos
1156 545 1311 600 praefuit
1331 543 1496 584 Athenis
1516 553 1554 581 et
1580 544 1748 588 urbanis,

347 614 484 652 eodem
504 624 689 667 tempore,
712 624 750 651 et
766 614 914 652 bellicis
932 613 1058 651 rebus.

404 681 513 732 Qid
535 681 705 719 Critias?
737 680 832 733 quid
852 679 1100 718 Alcibiades?
1131 678 1352 717 civitatibus
1386 677 1459 715 suis
1481 677 1641 729 quidem
1673 690 1750 714 non

350 747 456 792 boni,
492 747 553 784 sed
587 757 687 784 certe
705 746 808 785 doffi
842 756 956 798 atque
986 745 1223 797 eloquentes,
1257 757 1384 782 nonne
1415 743 1614 782 Socraticis
1646 750 1752 780 erant

350 813 671 866 disputationibus
691 812 830 850 eruditi
849 813 861 849 ?
884 812 984 863 Qis
1006 812 1178 849 Dionem
1201 810 1438 862 Syracusium
1459 808 1640 847 doctrinis
1661 822 1749 847 om-

349 878 463 916 nibus
483 877 696 930 expolivit?
727 891 806 915 non
828 877 969 915 Plato?
1001 885 1113 928 atque
1147 889 1236 914 eum
1268 876 1372 913 idem
1403 875 1469 912 ille
1503 888 1579 912 non
1608 874 1751 926 linguae

349 943 486 987 solum,
523 956 656 980 verum
676 943 793 980 etiam
813 942 933 980 animi
964 955 1006 979 ac
1027 942 1195 986 virtutis,
1227 940 1418 993 magister,
1448 939 1494 977 ad
1514 939 1752 977 liberandam

349 1009 512 1062 patriam
532 1008 705 1061 impulit,
727 1009 919 1053 instruxit,
950 1008 1125 1046 armavit.
1171 1007 1320 1046 Aliisne
1342 1007 1460 1060 igitur
1480 1006 1624 1044 artibus
1644 1005 1752 1044 hunc

351 1076 522 1113 Dionem
540 1075 705 1113 instituit
726 1075 849 1119 Plato,
880 1075 963 1112 aliis
984 1075 1163 1113 Isocrates
1185 1074 1436 1112 clariffimum
1456 1073 1586 1111 virum
1606 1073 1751 1111 Timo-

350 1138 502 1184 theum,
540 1140 726 1184 Cononis,
758 1139 1047 1192 praestantiffimi
1080 1140 1335 1192 imperatoris,
1378 1139 1520 1183 filium,
1552 1138 1754 1176 summum

351 1206 478 1258 ipsum
506 1206 790 1258 imperatorem,
812 1205 1094 1257 hominemque
1110 1205 1398 1244 doffiffimum?
1420 1214 1485 1243 aut
1501 1204 1583 1242 aliis
1606 1203 1752 1256 Pytha-

352 1285 488 1325 goreus
502 1273 567 1310 ille
581 1273 687 1324 Lys1s
697 1271 934 1310 Thebanum
947 1272 1274 1324 Epaminondam,
1285 1271 1387 1309 haud
1403 1271 1479 1310 scio
1494 1285 1541 1309 an
1554 1270 1754 1308 summum

352 1340 481 1378 virum
513 1353 636 1377 unum
671 1340 799 1378 omnis
831 1339 1023 1377 Graeciae?
1055 1348 1120 1376 aut
1150 1337 1371 1392 Xenophon
1394 1338 1644 1390 Agesilaum?
1690 1346 1755 1374 aut

354 1404 576 1444 Philolaum
611 1404 799 1457 Archytas
821 1405 1083 1443 Tarentinus?
1115 1414 1180 1442 aut
1210 1404 1286 1457 ipse
1307 1403 1539 1456 Pythagoras
1562 1412 1682 1441 totam
1702 1403 1754 1440 il-

351 1471 431 1509 lam
452 1481 616 1509 veterem
638 1471 756 1509 Italiae
777 1471 984 1515 Graeciam,
1007 1484 1091 1522 quae
1112 1470 1308 1522 quondam
1330 1483 1470 1522 magna
1490 1469 1654 1507 vocitata
1672 1468 1726 1507 est
1739 1469 1769 1506 ?⁴

352 1537 550 1590 Equidem
571 1552 649 1576 non
669 1538 845 1576 arbitror,

407 1605 580 1643 XXXV.
604 1605 664 1642 Sic
685 1605 790 1642 enim
809 1604 934 1649 video,
957 1617 1073 1642 unam
1095 1603 1288 1656 quandam
1307 1603 1489 1642 omnium
1510 1615 1652 1648 rerum,
1671 1615 1756 1655 quae

354 1669 469 1708 essent
489 1669 647 1708 homine
666 1670 816 1708 erudito
837 1670 975 1722 dignae,
993 1679 1106 1721 atque
1126 1683 1184 1715 eo,
1199 1669 1267 1722 qui
1288 1669 1328 1707 in
1345 1669 1542 1722 republica
1556 1668 1670 1706 vellet
1686 1682 1755 1706 ex·-

355 1736 504 1781 cellere,
538 1735 645 1774 fuiffe
665 1737 902 1779 do&rinam;
927 1749 1044 1787 quam
1065 1736 1131 1787 qui
1153 1735 1391 1788 accepissent,
1414 1736 1439 1774 s1
1461 1735 1579 1773 iidem
1599 1734 1758 1788 ingenio

355 1802 401 1840 ad
431 1802 761 1855 pronuntiandum
792 1801 1003 1845 valuissent,
1044 1811 1082 1839 et
1105 1801 1140 1839 se
1166 1803 1212 1839 ad
1238 1802 1447 1840 dicendum
1478 1815 1647 1854 quoque,
1679 1814 1758 1838 non

356 1877 592 1921 repugnante
623 1877 768 1912 natura,
800 1866 996 1911 dedissent,
1027 1867 1245 1918 eloquentia
1265 1867 1482 1920 praestitiss‘e.
1529 1870 1661 1920 Atque
1680 1866 1760 1919 ipse

355 1934 592 1979 Aristoteles,
623 1948 714 1972 cum
747 1934 876 1972 florere
897 1933 1100 1972 Isocratem
1121 1933 1321 1972 nobilitate
1351 1934 1630 1987 discipulorum
1650 1933 1759 1972 vide-

357 2010 426 2046 ret,
459 2002 563 2054 quod
584 2001 661 2054 ipse
695 2001 775 2039 suas
796 2001 1069 2054 disputationes
1089 2015 1109 2038 a
1129 2001 1245 2039 causis
1277 2000 1487 2039 forensibus
1507 2010 1544 2038 et
1578 2000 1758 2039 civilibus

357 2069 403 2106 ad
422 2069 576 2106 inanem
597 2068 779 2106 sermonis
800 2068 1028 2120 elegantiam
1049 2067 1304 2112 transtulisset,
1338 2068 1502 2105 mutavit
1524 2077 1676 2120 repente
1697 2078 1759 2107 to-

359 2143 438 2170 tam
459 2132 624 2171 formam
646 2146 764 2186 prope
784 2133 993 2186 disciplina:
1015 2133 1099 2178 suae,
1129 2133 1356 2185 versumque
1376 2134 1569 2185 quendam
1589 2133 1635 2171 de
1662 2132 1758 2171 Phi-

359 2198 497 2235 loe’teta
516 2199 630 2250 paulo
661 2198 764 2236 secus
787 2199 885 2236 dixit
904 2213 912 2237 :
937 2199 1001 2236 ille
1021 2199 1127 2237 enim
1154 2200 1260 2251 teil-jn·
1280 2199 1348 2236 libi
1370 2199 1422 2236 ait
1442 2200 1501 2253 (ffi'
1519 2210 1650 2244 tacere,
1682 2213 1760 2238 cum

360 2264 546 2302 Barbaros
558 2283 569 2308 ς
601 2263 666 2302 hic
699 2274 842 2310 autern,
883 2280 961 2305 cum
993 2267 1185 2319 Isbcratcm
1213 2275 1407 2318 pateretur
1440 2266 1565 2305 dt‘cerc’.
1626 2267 1760 2317 Itaque

360 2329 507 2366 ornavit
526 2338 563 2366 et
583 2329 782 2368 illustravit
802 2330 1015 2369 doctrinam
1042 2331 1149 2369 illam
1177 2345 1334 2369 omnem
1354 2351 1364 2376 ;
1398 2345 1601 2384 rerumque
1621 2330 1757 2382 cogni-

361 2395 508 2432 tionem
542 2407 633 2432 cum
660 2396 839 2434 orationis
859 2397 1128 2435 exercitatione
1149 2398 1365 2449 conjunxit.
1409 2398 1548 2449 Neque
1569 2410 1655 2434 vero
1683 2394 1759 2432 hoc

360 2460 462 2513 fugit
495 2460 810 2512 sapientissimum
844 2477 986 2517 regem,
1019 2462 1261 2517 Philippum,
1299 2464 1367 2515 qui
1400 2463 1504 2501 hunc
1541 2460 1759 2500 Alexandro

443 2527 586 2566 ToM.
619 2528 652 2567 Ι.
1285 2530 1349 2567 -R
1382 2543 1398 2567 r
