2176 2912
377 221 421 261 18

798 220 1203 258 CODICES
1262 220 1391 260 MSS.

598 333 793 372 Volumen
816 334 996 373 Tertium
1017 335 1191 373 continet
1211 335 1398 387 Epistolas
1420 334 1466 373 ad
1498 334 1734 375 Familiares.
1774 335 1821 373 ad

539 395 734 433 Atticum.
769 396 829 432 Ad
855 396 915 445 Q
930 396 1117 433 Fratrem.
1150 395 1213 433 Ad
1233 396 1414 434 Brutum.
1451 397 1496 434 In
1515 395 1590 435 hoc
1610 395 1821 434 Volumine

539 457 722 506 reperitur
741 455 895 507 epistola
916 456 960 494 ad
983 456 1254 500 octavianum,
1277 470 1362 508 quae
1382 455 1471 493 alias
1491 466 1647 495 vocatur
1668 457 1819 499 Oratio,

540 525 577 553 et
599 516 636 552 in
657 516 895 554 orationibus
925 516 1124 568 suppositis
1154 526 1389 555 numeratur.
1425 517 1555 569 Hujus
1583 519 1708 570 prima
1734 517 1822 565 sunt

540 576 679 614 Verba.
722 575 757 613 Si
780 589 846 628 per
867 586 947 614 tuas
967 577 1135 629 legiones
1156 576 1255 615 mihi
1274 578 1429 616 licitum
1449 576 1588 623 fuifl'et,
1611 580 1686 617 δῖε.

600 703 794 741 Volumen
818 706 1012 756 Qartum
1032 706 1203 743 continet
1225 715 1298 743 tres
1325 705 1443 744 libros
1474 706 1520 744 de
1542 705 1711 744 Officiis.
1762 705 1824 743 De

540 764 728 802 Amicitia
749 763 908 802 librum.
955 766 1016 802 De
1039 767 1251 804 Senectute.
1283 766 1485 804 Paradoxa.
1515 766 1823 804 Tusculanarum

537 823 855 877 Disputationum
884 826 1056 878 quinque
1088 827 1220 866 libros.
1273 827 1335 865 De
1366 825 1516 865 Natura
1544 827 1718 864 Deorum
1751 837 1825 864 tres

537 885 669 923 libros.
703 884 763 922 De
796 886 1045 924 Divinatione
1071 887 1179 925 duos.
1224 888 1284 925 De
1311 888 1407 926 Fato
1434 888 1727 939 Fragmentum.
1762 888 1824 924 De

539 946 708 997 Legibus
731 955 803 983 tres
823 946 956 984 libros.
1003 947 1328 986 Academicorum
1348 949 1513 986 Librum
1537 949 1723 1000 primurn,
1755 948 1824 1000 qui

541 1007 688 1058 incipit.
738 1007 782 1043 In
819 1008 998 1045 Cumano
1038 1021 1159 1060 nuper
1198 1010 1273 1046 δίς.
1324 1008 1553 1046 Lucullum.
1607 1009 1822 1046 Timaeum.

538 1068 742 1106 Somnium
784 1067 986 1119 Scipionis.
1038 1068 1098 1106 De
1137 1070 1300 1107 Finibus
1337 1071 1528 1107 bonorum
1561 1078 1599 1107 et
1633 1069 1824 1107 malorum

539 1128 710 1180 quinque
732 1128 860 1166 libros.
894 1128 1008 1166 Deest
1030 1127 1144 1180 hujus
1162 1130 1382 1168 voluminis
1404 1130 1654 1182 principium.

601 1256 798 1294 Volumen
827 1257 1010 1309 quintum
1044 1258 1216 1296 continet
1245 1257 1382 1296 Libros
1414 1256 1510 1294 duos
1537 1257 1583 1294 de
1605 1257 1827 1295 inventione

539 1316 763 1355 Rhetorica.
796 1318 1097 1355 Rhetoricorum
1120 1319 1164 1355 ad
1185 1319 1428 1356 Herennium
1450 1317 1567 1355 libros
1590 1318 1664 1362 sex,
1696 1319 1764 1369 qui
1784 1319 1826 1355 in

541 1378 649 1415 libris
671 1378 856 1430 impreflis
878 1388 1042 1429 quatuor
1062 1377 1211 1416 tantum
1235 1378 1397 1417 faciunt.
1431 1379 1492 1416 De
1508 1379 1668 1416 Oratore
1688 1388 1760 1416 tres
1776 1378 1826 1416 li·

541 1439 641 1475 bros.
667 1439 727 1475 De
743 1438 806 1477 Cl.
825 1439 1050 1477 Oratoribus
1069 1439 1228 1477 librum.
1255 1441 1395 1477 Orator
1409 1440 1476 1491 qui
1494 1439 1650 1483 dicitur,
1665 1439 1826 1480 librum.

543 1499 736 1535 Oratorias
765 1499 1005 1539 Partitiones.
1039 1500 1209 1551 Topica:
1242 1500 1352 1551 cujus
1378 1501 1501 1552 operis
1526 1512 1608 1551 pars
1641 1500 1829 1552 postrema

541 1559 699 1596 interiit.
733 1560 975 1610 Synonyma:
1008 1560 1080 1597 five
1102 1573 1197 1612 opus
1219 1560 1391 1598 constans
1412 1574 1458 1598 ex
1480 1561 1637 1598 vocibus
1659 1560 1826 1612 synony-

542 1620 631 1663 mis,
662 1619 777 1657 altera
796 1619 894 1657 infra
914 1620 1085 1665 alteram,
1117 1621 1277 1673 scriptis.
1310 1621 1486 1670 Qatuor
1507 1621 1720 1659 Volumina
1742 1622 1829 1673 pos-

543 1682 692 1723 teriora,
724 1693 841 1732 pauca
861 1689 1026 1726 tantum,
1058 1683 1096 1719 in
1120 1682 1290 1733 margine
1313 1682 1462 1734 scripta,
1484 1682 1699 1727 continent,
1730 1692 1767 1720 et
1788 1695 1830 1720 ea

544 1741 628 1778 sunt
654 1755 738 1792 quae
765 1742 804 1778 in
838 1750 944 1779 textu
975 1741 1125 1780 fuerant
1152 1741 1296 1779 omiffa.
1331 1743 1549 1780 Secundum
1572 1753 1609 1781 et
1632 1744 1828 1794 Qintum

544 1801 738 1838 Volumen
761 1801 946 1840 exhibent
968 1816 1109 1841 nomen
1132 1803 1348 1854 Scriptoris‚
1371 1814 1408 1840 et
1429 1817 1573 1841 annum
1595 1817 1672 1856 quo
1693 1804 1831 1856 scripta

544 1862 642 1899 sunt.

593 1990 695 2028 Vol.
719 1990 939 2029 Secundum
961 2004 1060 2030 anno
1086 1992 1251 2029 Domini
1283 1992 1513 2030 Milleffimo
1534 1992 1830 2044 quadringente-

542 2051 636 2089 fimo
678 2052 964 2103 quadragefimo
993 2052 1155 2105 septimo
1186 2052 1455 2104 transcriptum
1491 2052 1542 2090 est
1576 2065 1594 2088 a
1630 2052 1833 2091 Gherardo
1875 2069 1877 2071 ¹

547 2111 696 2150 Cerafio
718 2113 813 2150 Cive
834 2122 871 2150 et
894 2112 1058 2151 Notario
1085 2113 1324 2151 Florentino.
1367 2113 1563 2164 Qintum
1587 2126 1686 2150 anno
1708 2113 1829 2152 Dom.

547 2173 685 2210 millm0.
726 2173 1099 2226 quadringentesimo
1132 2173 1418 2226 quadragefimo
1453 2175 1591 2225 quinto
1628 2175 1833 2213 Florentia:

546 2234 814 2286 transcriptum
836 2234 901 2279 est,
932 2234 979 2272 ab
1002 2236 1176 2273 Antonio
1197 2235 1315 2272 Marii
1335 2232 1417 2272 filio
1438 2235 1532 2273 Cive
1548 2245 1585 2272 et
1607 2235 1785 2273 Notario.

604 2360 753 2400 Desunt
782 2362 873 2400 huic
908 2363 1025 2400 MS‘0.
1061 2376 1173 2416 opera
1209 2376 1294 2416 quae
1325 2363 1547 2416 sequuntur.
1591 2365 1652 2402 De
1684 2363 1835 2416 optimo

545 2436 681 2474 genere
710 2424 918 2463 Oratorum
951 2423 1062 2464 liber.
1114 2425 1358 2478 Topicorum
1378 2438 1478 2478 pars,
1510 2425 1835 2478 Fragmentorum
