2176 2912
623 199 1343 239 ORATORIBUS.
1606 213 1685 255 417

284 307 419 346 genera
448 292 600 332 dicendi
620 294 764 346 aptiora
794 292 881 330 sunt
910 291 1240 337 adolescentibu33
1274 293 1314 331 in
1348 292 1500 331 senibus
1520 295 1683 347 gravita-

284 369 364 397 tem
397 373 473 398 non
508 358 666 397 habent.
727 360 860 410 Itaque
892 359 1135 403 Hortensius,
1168 368 1330 411 utroque
1363 373 1497 411 genere
1532 360 1682 405 florens,

282 426 466 462 clamores
500 423 664 461 faciebat
693 423 922 463 adolescens,
973 424 1155 462 Habebat
1184 425 1289 462 enim
1309 434 1348 462 et
1369 425 1613 463 Meneclium
1635 426 1684 463 il-

281 490 348 528 lud
368 491 537 528 studium
553 491 786 536 crebrarum,
809 491 1129 544 venustarumque
1149 491 1422 530 sententiarum
1436 511 1447 536 ς
1472 492 1511 529 in
1528 492 1683 543 quibus,

282 565 325 594 ut
353 557 393 594 in
424 557 493 595 illo
526 557 677 602 Graeco,
722 557 771 595 fic
806 558 846 595 in
876 556 967 602 hoc,
1006 567 1111 596 erant
1145 557 1319 610 quaedam
1355 558 1476 610 magis
1509 558 1684 601 venustae,

282 623 489 676 dulcesque
519 623 726 668 sententiae,
749 638 866 676 quam
887 633 953 662 aut
982 623 1202 669 neceffariae,
1234 633 1300 662 aut
1329 624 1525 663 interdum
1557 624 1684 662 utiles.

284 690 337 728 Et
370 700 449 728 erat
468 691 589 729 oratio
618 705 711 729 cum
737 691 907 736 incitata,
937 700 975 729 et
994 691 1161 736 vibrans,
1194 699 1281 729 tum
1314 691 1431 729 etiam
1452 700 1624 728 accurata
1648 699 1686 728 et

283 758 417 809 polita.
464 757 559 795 Non
580 757 792 810 probantur
825 756 907 796 haec
928 757 1094 803 senibus,
1133 757 1256 811 (saepe
1274 758 1452 796 videbam
1485 770 1578 796 cum
1598 757 1686 794 irri-

285 822 455 868 dentem,
479 833 565 861 tum
586 824 703 861 etiam
724 823 947 861 irascentem
971 833 1008 861 et
1028 823 1331 862 stomachantem
1353 822 1602 878 Philippum)
1626 823 1687 862 sed

285 889 526 928 mirabantur
545 889 810 933 adolescentes,
833 889 1048 926 multitudo
1069 889 1307 928 movebatur.

339 955 433 992 Erat
463 953 652 992 excellens
682 954 833 1007 judicio
863 955 986 1007 vulgi,
1026 963 1064 992 et
1097 953 1210 993 facile
1239 955 1381 1008 primas
1414 955 1569 993 tenebat
1594 955 1686 993 ado-

283 1020 441 1059 lescens.
490 1021 572 1058 Etfi
593 1021 698 1058 enim
729 1035 849 1073 genus
870 1021 970 1059 illud
990 1020 1144 1058 dicendi
1165 1022 1398 1059 auetoritatis
1429 1020 1594 1059 habebat
1619 1034 1687 1074 pa-

285 1100 387 1131 rum,
411 1096 539 1124 tamen
559 1095 696 1139 aptum
726 1087 796 1125 effe
816 1087 916 1124 aetati
948 1086 1176 1132 videbatur3
1209 1097 1247 1125 et
1267 1096 1382 1132 certe,
1417 1086 1524 1139 quod
1557 1096 1594 1124 et
1624 1087 1687 1124 in-

285 1152 391 1205 ·genii
413 1152 588 1204 quaedam
607 1151 734 1190 forma
752 1152 918 1197 lucebat,
950 1161 988 1190 et
1016 1152 1286 1191 exercitatione
1304 1152 1471 1206 perfecta
1489 1162 1580 1197 erat,
1603 1166 1688 1190 ver-

286 1219 505 1270 borumque
523 1217 694 1256 adstricta
706 1217 1010 1271 comprehenfio,
1028 1217 1220 1256 summam
1232 1217 1444 1257 hominum
1464 1219 1688 1256 admiratio-

286 1298 378 1322 nem
399 1284 601 1322 excitabat.
662 1283 746 1329 Sed,
776 1298 870 1322 cum
893 1285 976 1336 jam
994 1282 1171 1329 honores,
1205 1293 1243 1322 et
1262 1284 1330 1322 illa
1348 1284 1470 1322 senior
1488 1285 1689 1322 auctoritas

284 1351 436 1404 gravius
460 1350 646 1403 quiddam
668 1350 889 1402 requireret,
908 1350 1127 1388 remanebat
1148 1350 1266 1395 idem,
1289 1364 1359 1388 nec
1381 1350 1537 1388 decebat
1557 1351 1660 1388 idem
1673 1369 1686 1396 ς

285 1417 470 1469 quodque
511 1416 840 1461 exercitationem,
887 1415 1137 1468 studiumque
1179 1416 1387 1462 dimiserat,
1434 1416 1540 1468 quod
1574 1417 1615 1454 in
1644 1431 1690 1455 eo

285 1482 411 1521 fuerat
445 1482 691 1527 acerrimum,
733 1482 971 1520 concinnitas
1011 1481 1090 1526 illa,
1126 1481 1381 1534 crebritasque
1415 1482 1691 1522 sententiarum

284 1549 443 1603 :pristina
463 1549 656 1594 manebat,
687 1548 747 1586 sed
781 1562 824 1586 ea
842 1548 978 1586 vestitu
1000 1547 1068 1585 illo
1088 1548 1284 1592 orationis,
1319 1563 1399 1601 quo
1432 1549 1688 1595 consueverat,

285 1626 417 1654 ornata
450 1630 527 1654 non
561 1624 651 1654 erat.
712 1616 802 1653 Hoc
824 1615 896 1652 tibi
916 1614 994 1659 ille,
1024 1615 1154 1659 Brute,
1190 1615 1320 1652 minus
1352 1614 1500 1653 fortaffe
1528 1616 1688 1668 placuit,

286 1696 405 1735 quam
425 1682 635 1735 placuisset,
658 1682 682 1719 fi
705 1682 819 1719 illum
840 1681 1062 1735 flagrantem
1082 1680 1207 1719 studio
1227 1691 1264 1720 et
1284 1681 1487 1720 florentem
1507 1680 1690 1721 facultate

287 1748 416 1786 audire
437 1747 632 1800 potuisses.

346 1814 495 1852 XCVI.
533 1815 643 1852 Tum
679 1815 834 1858 Brutus,
872 1815 957 1865 Ego
991 1827 1091 1859 vero,
1119 1814 1261 1865 inquit,
1297 1823 1334 1852 et
1360 1815 1439 1860 ista,
1472 1829 1557 1867 quae
1577 1815 1688 1861 dicis,

289 1881 401 1919 video
422 1880 549 1933 qualia
568 1880 653 1924 sint,
686 1890 722 1918 et
745 1881 997 1918 Hortensium
1014 1894 1207 1933 magnum
1227 1891 1415 1920 oratorem
1447 1882 1594 1935 semper
1612 1897 1689 1935 pu·-

287 1948 378 1992 tavi,
397 1948 643 1999 maximeque
665 1947 820 1999 probavi
843 1961 910 1999 pro
928 1947 1101 1985 Meffalla
1117 1947 1323 1992 dicentem,
1341 1962 1433 1986 cum
1455 1958 1497 1985 tu
1518 1948 1686 1987 abfuisti.

290 2014 351 2052 Sic
371 2013 514 2058 ferunt,
535 2014 708 2065 inquam,
731 2013 848 2065 idque
865 2013 1027 2051 declarat
1050 2013 1226 2058 totidem,
1244 2024 1339 2066 quot
1355 2014 1466 2058 dixit,
1487 2014 1549 2065 (ut
1561 2014 1687 2066 aiunt)

291 2080 428 2132 scripta
446 2080 569 2117 verbis
591 2080 724 2118 oratio.
758 2080 863 2132 Ergo
883 2079 947 2117 ille
968 2093 987 2116 a
1005 2079 1133 2117 Crafl‘o
1147 2080 1312 2118 Consule
1329 2090 1366 2118 et
1387 2080 1551 2118 Scaevola
1571 2080 1690 2132 usquc

285 2146 335 2184 ad
357 2146 521 2184 Paulum
541 2156 578 2184 et
600 2146 835 2184 Marcellum
867 2146 1051 2185 Consules
1074 2146 1230 2191 floruit;
1263 2160 1330 2184 nos
1361 2147 1400 2184 in
1421 2146 1557 2185 eodem
1578 2147 1691 2185 cursu

290 2211 439 2250 fuimus
461 2227 480 2249 a
501 2212 602 2264 Sylla
623 2214 818 2250 Dictatore
838 2213 883 2250 ad
904 2213 1055 2251 eosdem
1077 2212 1154 2251 fere
1171 2213 1372 2252 Consules,
1421 2214 1481 2252 Sic
1503 2215 1688 2266 QHor-

289 2277 396 2314 tenfii
419 2291 491 2315 vox
513 2278 680 2315 extincta
700 2276 778 2314 fato
799 2278 864 2315 suo
880 2278 944 2323 est,
964 2278 1087 2316 nostra
1103 2279 1273 2331 publico.
1325 2313 1328 2316 .

346 2342 494 2380 Melius
512 2343 651 2394 qua-so,
683 2344 867 2389 ominare,
904 2345 1031 2397 inquit
1068 2346 1223 2383 Brutus.
1284 2346 1339 2383 Sit
1360 2344 1443 2382 sane
1465 2353 1508 2382 ut
1528 2345 1597 2388 vis,
1626 2343 1686 2381 in-

291 2423 437 2462 quam;
469 2419 506 2446 et
528 2409 565 2446 id
588 2424 663 2447 non
686 2418 763 2447 tam
786 2424 870 2447 mea
895 2411 1015 2455 causa,
1045 2424 1162 2462 quam
1195 2421 1258 2449 tua
1277 2426 1284 2449 :
1318 2410 1378 2448 sed
1399 2410 1615 2449 fortunatus
1637 2409 1687 2446 il·-

288 2476 365 2514 -lius
385 2476 525 2520 exitus,
560 2476 627 2527 qui
649 2489 690 2513 ca
721 2489 798 2513 non
829 2476 924 2514 vidit
951 2491 1042 2514 cum
1063 2477 1210 2521 fierent,
1242 2492 1326 2529 quae
1354 2476 1520 2528 providit
1546 2474 1686 2512 futura.

289 2543 394 2595 Saepe
414 2542 518 2580 enim
551 2542 646 2582 inter
678 2555 745 2582 nos
782 2543 1044 2597 impendentes
1079 2543 1182 2583 casus
1213 2539 1453 2588 deflevimus,
1480 2555 1571 2580 cum
1599 2541 1688 2579 belli

377 2609 586 2650 T0M.1,
1256 2611 1385 2662 Ggg
