2176 2912
366 265 416 302 42
673 252 777 290 DE
848 251 1462 292 INVENTIONE

366 343 598 382 troverfiam.
631 343 722 380 Una
736 356 819 395 pars
833 342 899 388 est,
921 356 1020 395 quae,
1043 342 1138 395 quid
1153 356 1245 381 cum
1258 343 1474 381 adversariis
1490 344 1707 389 conveniat,
1728 353 1767 382 et

367 410 462 463 quid
484 410 523 447 in
544 409 794 447 controversia
815 409 1066 461 relinquatur,
1097 409 1260 447 ostendit
1272 428 1284 454 ς
1316 423 1363 447 ex
1384 423 1459 462 qua
1476 418 1626 448 certum
1648 410 1764 462 quid-

370 476 458 513 dam
480 474 696 526 designatur
717 474 894 518 auditori,
927 474 966 512 in
987 487 1067 526 quo
1085 474 1262 512 animum
1283 475 1419 513 debeat
1439 474 1578 513 habere
1596 489 1766 528 occupa-

371 550 471 579 tum.
515 540 649 578 Altera
667 539 732 583 est,
755 540 794 577 in
816 553 891 592 qua
911 553 1039 577 rerum
1056 553 1201 584 earum,
1223 540 1270 578 de
1288 541 1430 592 quibus
1448 541 1592 579 erimus
1611 541 1764 585 dicturi,

372 605 537 642 breviter
553 604 738 655 expofitio
755 604 912 656 ponitur
932 603 1155 647 distributa3
1187 617 1233 642 ex
1255 618 1331 656 qua
1350 604 1570 649 conficitur,
1592 613 1634 642 ut
1649 614 1772 643 certas

374 671 504 708 animo
525 683 582 707 res
598 678 723 707 teneat
744 669 907 714 auditor,
930 669 1071 721 quibus
1089 669 1199 707 dictis
1216 670 1408 722 intelligat
1428 669 1510 708 fore
1531 680 1767 723 peroratum.

428 736 563 780 Nunc,
595 744 759 787 utroque
789 748 928 787 genere
956 735 1172 787 partitionis
1203 735 1536 786 quemadmodum
1565 736 1771 774 conveniat

373 800 444 845 uti,
467 801 632 838 breviter
650 800 859 837 dicendum
872 799 1034 836 videtur.
1067 801 1166 850 Qae
1182 799 1350 851 partitio,
1373 799 1468 851 quid
1485 801 1688 838 conveniat
1706 809 1774 838 aut

374 866 469 918 quid
490 879 567 903 non
587 865 802 909 conveniat,
832 863 1010 908 ostendit,
1041 863 1123 902 haec
1155 864 1269 902 debet
1298 864 1412 909 illud,
1443 866 1548 917 quod
1574 866 1773 910 convenit,

375 932 559 969 inclinare
572 931 618 969 ad
631 931 705 969 suae
720 930 836 968 causae
853 929 1122 974 commodum,
1151 929 1226 968 hoc
1244 930 1362 968 modo
1374 949 1386 975 ;
1419 930 1666 969 Interfectam
1688 944 1774 969 ma-

375 1007 475 1035 trem
496 997 567 1036 effe
592 1011 613 1034 a
632 997 714 1034 filio
739 996 921 1034 convenit
948 995 1049 1034 mihi
1076 1009 1169 1034 curn
1199 996 1430 1034 adversariis.
1481 998 1583 1035 Item
1613 1006 1772 1041 contra;

376 1062 629 1102 Interfectum
645 1063 716 1101 effe
731 1077 752 1100 a
767 1062 1057 1114 Clytaemnestra
1072 1063 1413 1115 Agamemnonem
1430 1063 1625 1101 convenit.
1666 1063 1777 1101 Nam

375 1127 442 1167 hic
470 1138 630 1181 uterque
650 1138 688 1166 et
712 1129 750 1166 id
776 1128 902 1180 posuit
925 1128 1030 1180 quod
1050 1128 1316 1173 conveniebat,
1342 1137 1381 1166 et
1407 1138 1536 1166 tamen
1558 1128 1630 1166 suae
1657 1127 1775 1166 causae

377 1195 588 1233 commodo
608 1194 814 1232 consuluit.
864 1195 1031 1239 Deinde,
1062 1195 1157 1246 quid
1177 1195 1441 1232 controversiae
1460 1194 1518 1238 sit,
1549 1195 1777 1246 ponendum

377 1260 431 1298 est
450 1260 490 1298 in
506 1260 756 1312 judicationis
771 1259 1006 1311 expofitione
1020 1277 1033 1304 ;
1065 1273 1149 1311 quae
1169 1259 1502 1310 quemadmodum
1522 1259 1774 1303 inveniretur,

380 1335 467 1363 ante
485 1326 633 1364 dietum
653 1325 718 1363 est.

435 1392 533 1441 Qae
553 1400 681 1428 autem
697 1390 854 1442 partitio
873 1403 1002 1428 rerum
1023 1389 1264 1428 distributam
1285 1390 1460 1428 continet
1480 1389 1776 1442 expositionem,

380 1455 460 1493 haec
482 1454 621 1493 habere
641 1455 755 1492 debet
781 1455 1023 1499 brevitatem,
1054 1455 1352 1499 absolutionem,
1383 1455 1632 1507 paucitatem.
1684 1455 1779 1491 Bre-

379 1521 474 1559 vitas
491 1521 557 1565 est,
579 1534 686 1564 cum,
709 1521 777 1557 nifi
793 1519 1056 1564 necessarium,
1079 1520 1235 1557 nullum
1251 1519 1451 1558 affumitur
1470 1520 1648 1557 verbum.
1681 1520 1780 1557 Haec

382 1588 422 1624 in
443 1586 518 1624 hoc
538 1599 675 1638 genere
695 1585 840 1623 idcirco
860 1585 966 1622 utilis
986 1585 1052 1629 est,
1079 1585 1184 1637 quod
1203 1586 1315 1623 rebus
1332 1586 1420 1638 ipsis
1439 1594 1477 1623 et
1497 1586 1669 1638 partibus
1686 1598 1780 1622 cau-

384 1653 441 1696 fae,
457 1666 533 1690 non
547 1652 670 1689 verbis
685 1664 808 1703 neque
820 1651 1006 1689 extraneis
1019 1651 1268 1696 ornamentis,
1283 1652 1435 1689 animus
1449 1651 1632 1689 auditoris
1645 1660 1782 1689 tenen-

384 1719 454 1755 dus
470 1718 535 1755 est.
572 1717 777 1756 Absolutio
792 1716 858 1761 est,
880 1731 947 1769 per
962 1731 1080 1769 quam
1095 1718 1240 1762 omnia,
1257 1731 1342 1769 quae
1358 1718 1538 1756 incidunt
1555 1719 1594 1756 in
1611 1716 1778 1762 causam,

385 1796 535 1836 genera,
557 1784 603 1821 de
619 1783 760 1835 quibus
779 1782 988 1820 dicendum
1004 1783 1069 1828 est,
1092 1783 1376 1836 amplectimur.
1421 1784 1466 1821 In
1484 1797 1559 1835 qua
1574 1784 1782 1836 partitione

385 1849 595 1886 videndum
612 1848 678 1892 est,
700 1862 747 1886 ne
764 1857 829 1885 aut
844 1848 1001 1900 aliquod
1016 1862 1136 1900 genus
1155 1848 1249 1886 utile
1268 1848 1520 1900 relinquatur,
1541 1857 1605 1886 aut
1619 1848 1698 1887 sero
1713 1861 1783 1886 ex-

386 1924 442 1951 tra
461 1914 722 1966 partitionem,
746 1914 784 1951 id
802 1914 905 1965 quod
919 1914 1200 1952 vitiosiffimum
1212 1927 1254 1951 ac
1272 1914 1532 1966 turpiffimum
1553 1914 1619 1958 est,
1641 1912 1784 1951 infera-

386 1988 461 2017 tur.
505 1980 677 2016 paucitas
698 1980 736 2016 in
758 1980 962 2031 partitione
983 1979 1160 2023 servatur,
1182 1979 1207 2017 si
1227 1992 1364 2031 genera
1380 1979 1457 2032 ipsa
1479 1992 1607 2017 rerum
1628 1992 1785 2031 ponun-

388 2054 463 2088 tur,
494 2058 616 2096 neque
637 2044 814 2096 permiste
833 2057 924 2082 cum
947 2045 1117 2097 partibus
1133 2045 1398 2096 implicantur.
1449 2044 1556 2081 Nam
1576 2056 1696 2096 genus
1718 2044 1785 2088 est,

389 2110 492 2162 quod
513 2110 640 2161 plures
656 2120 778 2162 partes
798 2110 1057 2162 amplectitur,
1086 2119 1129 2147 ut
1150 2109 1306 2149 animal.
1357 2110 1446 2147 Pars
1466 2109 1533 2155 est,
1562 2123 1647 2161 quae
1664 2109 1788 2147 subest

388 2175 530 2226 generi,
564 2184 605 2212 ut
625 2188 759 2226 equus.
812 2175 882 2212 Sed
903 2174 996 2226 saepe
1016 2175 1148 2213 eadem
1169 2188 1225 2212 res
1246 2174 1312 2212 alii
1331 2188 1466 2227 genus,
1498 2174 1562 2211 alii
1589 2187 1687 2227 pars,
1719 2174 1785 2213 est.

391 2241 495 2278 Nam
517 2239 636 2278 homo
657 2241 831 2277 animalis
854 2254 936 2292 pars
958 2240 1033 2284 est5
1066 2239 1246 2278 Thebani
1268 2250 1332 2278 aut
1353 2240 1529 2292 Trojani,
1561 2254 1697 2292 genus.

446 2307 599 2343 XXIII.
634 2307 729 2343 Haec
750 2306 835 2343 ideo
857 2306 1080 2358 diligentius
1101 2307 1299 2343 inducitur
1313 2306 1560 2358 praescriptio‚
1584 2315 1640 2350 ut,
1662 2315 1790 2358 aperte

391 2372 581 2409 intellecta
594 2372 759 2423 generali
774 2372 990 2423 partitione,
1006 2372 1174 2423 paucitas
1187 2385 1373 2424 generum
1386 2373 1425 2409 in
1439 2372 1644 2424 partitione
1656 2372 1790 2409 servari

390 2437 513 2490 poffit.
565 2438 671 2475 Nam
693 2439 759 2489 qui
781 2438 833 2474 ita
848 2438 1025 2490 partitur,
1056 2438 1281 2482 Ostendam,
1303 2447 1459 2490 propter
1478 2438 1732 2490 cupiditatem
1752 2447 1791 2475 et
1835 2442 1841 2447 '

390 2503 587 2540 audaciam
626 2512 663 2540 et
701 2504 896 2541 avaritiam
929 2503 1241 2547 adversariorum,
1286 2504 1419 2541 omnia
1456 2503 1708 2541 incommoda
1743 2504 1790 2541 ad

392 2569 674 2621 rempublicam
700 2569 919 2622 pervenisse,
951 2569 981 2608 is
1000 2583 1077 2608 non
1098 2569 1290 2611 intellexit
1311 2569 1349 2609 in
1370 2570 1595 2623 partitione,
1621 2569 1791 2623 expolito
