2176 2912
724 188 1441 228 ORATORIBUS.
1705 195 1780 246 363

387 283 473 328 fint,
504 292 541 321 et
561 281 599 320 id
619 290 695 320 arte
714 280 869 326 faciant,
900 281 1049 333 fintque
1068 280 1263 319 architecti
1284 295 1378 334 pene
1398 281 1625 327 verborum3
1663 284 1781 323 iidem

387 349 547 386 traducti
581 361 601 384 a
621 347 848 400 disputando
868 347 914 384 ad
934 347 1155 391 dicendum,
1189 348 1320 400 inopes
1348 347 1592 400 reperiantur.
1644 351 1781 388 Unum

384 414 536 466 excipio
557 415 759 457 Catonem,
778 413 817 451 in
834 426 925 465 quo,
942 411 1212 464 perfectiffimo
1229 414 1370 458 Stoico,
1386 413 1578 452 summam
1594 415 1779 467 eloquen-

382 478 480 516 tiam
514 492 592 516 non
623 477 851 522 desiderem,
885 491 1003 530 quam
1032 479 1212 530 exiguam
1243 479 1283 516 in
1305 479 1467 522 Fannio,
1502 492 1549 516 ne
1570 479 1607 516 in
1630 480 1781 518 Rutilio

382 543 541 596 quidem
563 557 757 597 magnam,
774 544 814 581 in
831 544 1039 582 Tuberone
1052 543 1201 582 nullam
1220 544 1330 583 video
1349 543 1471 582 fuiffe.
1504 545 1557 582 Et
1568 558 1652 597 ego,
1672 546 1778 589 Non,

382 609 557 662 inquam,
580 611 710 655 Brute,
741 610 817 648 fine
835 609 943 648 causa
954 628 965 654 5
998 619 1194 662 propterea
1212 611 1315 663 quod
1335 611 1493 650 istorum
1514 612 1553 648 in
1574 611 1779 649 dialecticis

381 677 509 715 omnis
530 690 621 715 cura
635 676 900 722 consumitur;
923 690 1064 729 vagum
1079 677 1177 715 illud
1193 678 1388 722 orationis,
1403 688 1441 716 et
1459 677 1602 722 fusum,
1619 687 1657 716 et
1673 679 1778 717 mul-

381 742 503 794 tiplex
537 756 615 780 non
635 741 839 780 adhibetur
857 755 992 794 genus.
1051 743 1163 780 Tuus
1184 752 1311 782 autem
1337 742 1561 788 avunculus,
1590 743 1778 795 quemad-

381 808 544 846 modum
564 808 648 853 scis,
671 807 785 846 habet
801 822 821 846 a
840 808 977 846 Stoicis
998 807 1051 853 id,
1073 808 1177 859 quod
1194 809 1240 846 ab
1262 809 1338 847 illis
1359 809 1569 862 petendum
1587 807 1665 848 fuit
1676 828 1688 853 ς
1717 809 1779 848 sed

380 874 506 912 dicere
536 874 673 911 didicit
706 886 727 911 a
746 873 899 911 dicendi
924 873 1127 926 magistris,
1158 887 1367 927 eorumque
1398 888 1505 913 more
1539 874 1575 913 se
1593 875 1776 914 exercuit.

380 939 499 992 Qod
518 939 543 977 fi
564 939 696 978 omnia
715 952 735 977 a
755 938 999 992 Philosophis
1019 938 1134 977 efl‘ent
1153 940 1327 993 petenda,
1350 941 1693 994 Peripateticorum
1715 942 1777 979 in-

376 1004 518 1044 stitutis
538 1004 784 1043 commodius
803 1004 1011 1057 fingeretur
1039 1005 1173 1044 oratio.
1234 1007 1327 1058 Qo
1346 1006 1468 1058 magis
1488 1015 1615 1051 tuum,
1645 1008 1776 1052 Brute,

372 1072 569 1124 judicium
589 1072 724 1125 probo,
755 1072 824 1124 qui
844 1085 994 1117 eorum,
1024 1071 1064 1109 id
1088 1071 1142 1110 est
1159 1086 1207 1111 ex
1226 1082 1350 1111 vetere
1370 1073 1579 1111 Academia
1598 1072 1775 1112 Philoso-

376 1136 559 1190 phorum,
589 1137 728 1176 sectam
748 1138 898 1176 secutus
917 1151 970 1182 eS,
1003 1151 1171 1189 quorum
1190 1139 1232 1176 in
1259 1139 1428 1177 doctrina
1447 1148 1560 1192 atque
1578 1141 1776 1193 praeceptis

376 1203 577 1242 differendi
596 1204 691 1242 ratio
706 1204 955 1256 conjungitur
971 1217 1063 1242 curn
1079 1203 1259 1243 suavitate
1273 1204 1425 1243 dicendi
1437 1214 1475 1244 et
1490 1206 1613 1258 copia.
1637 1207 1774 1258 Qan-

377 1284 494 1323 quam
514 1284 557 1308 ea
586 1271 664 1324 ipsa
684 1271 1027 1324 Peripateticorum
1053 1271 1454 1324 Academicorumque
1480 1272 1715 1311 consuetudo
1734 1274 1775 1312 in

375 1337 521 1375 ratione
540 1336 694 1376 dicendi
714 1337 797 1375 talis
817 1337 882 1382 est,
913 1346 956 1375 ut
977 1350 1047 1375 nec
1067 1336 1245 1390 perficere
1264 1346 1452 1375 oratorem
1482 1337 1594 1390 poffit
1615 1337 1690 1390 ipsa
1707 1351 1776 1391 per

375 1403 462 1448 sese,
494 1417 564 1442 nec
585 1404 661 1442 fine
687 1416 729 1441 ea
747 1412 872 1442 orator
890 1402 961 1442 effe
980 1402 1181 1456 perfectus.
1241 1405 1362 1449 Nam,
1394 1413 1437 1441 ut
1469 1404 1686 1442 Stoicorum
1704 1404 1773 1442 ad-

374 1469 536 1508 strictior
555 1469 608 1508 est
640 1470 774 1515 oratio,
799 1469 1072 1522 aliquantoque
1091 1470 1331 1514 contractior,
1364 1483 1483 1522 quam
1501 1483 1605 1508 aures
1636 1470 1773 1523 populi

372 1536 597 1588 requirunt;
621 1536 671 1574 fic
690 1536 848 1574 illorum
868 1535 1023 1573 liberior
1041 1543 1078 1573 et
1098 1535 1222 1580 latior,
1244 1549 1363 1588 quam
1377 1535 1522 1588 patitur
1537 1535 1773 1575 consuetudo

368 1602 622 1654 judiciorum,
642 1612 681 1641 et
698 1602 786 1642 fori.

379 1681 382 1684 ’
429 1669 530 1721 Qis
549 1670 655 1707 enim
676 1669 828 1707 uberior
847 1670 888 1707 in
905 1669 1067 1707 dicendo
1088 1669 1246 1708 Platone
1264 1670 1277 1706 ?
1295 1670 1446 1720 *Jovem
1466 1669 1573 1707 aiunt
1593 1667 1769 1708 Philoso-

373 1732 456 1785 phi,
487 1734 513 1772 fi
544 1735 677 1772 Graece
709 1735 902 1786 loquatur,
933 1735 983 1772 fic
1013 1735 1134 1786 loqui.
1195 1735 1294 1786 Qis
1322 1735 1524 1774 Aristotele
1552 1735 1767 1773 nervoslor?

374 1798 638 1852 Theophrasto
671 1800 820 1838 dulcior
838 1801 851 1837 ?
883 1800 1121 1838 Lectitavisse
1152 1800 1355 1840 Platonem
1384 1801 1559 1846 studiose,
1591 1800 1769 1839 audiviffe

372 1865 502 1910 etiam,
525 1865 802 1904 Demosthenes
820 1866 962 1903 dicitur
977 1884 988 1910 ;
1020 1866 1136 1918 idque
1151 1876 1302 1918 apparet
1322 1867 1362 1904 in
1381 1880 1532 1919 genere,
1555 1876 1593 1905 et
1611 1867 1767 1919 grandi-

371 1940 447 1968 tate
467 1931 683 1970 verborum.
730 1932 841 1970 Dicit
859 1932 976 1969 etiam
996 1931 1035 1969 in
1057 1931 1220 1983 quadam
1240 1932 1397 1984 epistola
1416 1931 1491 1970 hoc
1513 1932 1589 1984 ipse
1615 1932 1661 1970 de
1680 1932 1765 1971 sese.

371 1997 441 2034 Sed
461 2006 499 2034 et
528 1995 643 2048 hujus
663 1999 783 2035 oratio
803 1998 843 2035 in
863 1996 1148 2049 philosophiam
1168 1997 1352 2042 transsata,
1385 1998 1607 2050 pugnacior,
1639 2007 1682 2036 ut
1714 1999 1767 2036 ita

370 2061 510 2106 dicam,
532 2062 702 2107 videtur,
717 2072 754 2100 et
774 2062 932 2100 illorum
953 2063 992 2099 in
1007 2062 1155 2114 judicia
1173 2063 1353 2115 pacatior.

416 2127 589 2165 XXXII.
621 2127 741 2165 Nunc
759 2128 995 2179 reliquorum
1012 2136 1205 2166 oratorum
1219 2137 1356 2173 aetateS,
1375 2127 1399 2166 s1
1415 2128 1552 2181 placet,
1574 2136 1613 2166 et
1628 2129 1764 2181 gradus

369 2191 650 2244 persequamur.
673 2193 801 2232 Nobis
821 2207 922 2238 ver0,
940 2195 1067 2246 inquit
1083 2194 1252 2239 Atticus,
1269 2204 1307 2232 et
1328 2193 1574 2232 vehementer
1587 2194 1762 2247 quidem,

371 2266 413 2294 nt
431 2270 501 2309 pro
521 2258 640 2296 Bruto
658 2259 773 2296 etiam
793 2259 1053 2312 respondeam.
1093 2260 1212 2298 Curio
1228 2259 1304 2298 fuit
1324 2260 1442 2312 igitur
1461 2260 1630 2312 ejusdcm
1646 2261 1762 2297 aetatis

369 2320 459 2366 fere,
490 2322 573 2360 sane
603 2323 757 2362 illustris
787 2334 925 2369 orator,
957 2326 1065 2377 cujus
1096 2325 1140 2362 de
1166 2325 1321 2377 ingenio
1351 2339 1397 2364 ex
1418 2325 1653 2364 orationibus
1681 2325 1760 2375 ejus

368 2387 575 2425 existimari
594 2388 728 2440 potest.
789 2390 884 2427 Sunt
904 2391 1008 2428 enim
1026 2400 1064 2428 et
1084 2390 1178 2434 aliae,
1209 2400 1246 2428 et
1266 2405 1335 2443 pro
1356 2392 1432 2430 Ser.
1458 2390 1611 2434 Fulvio,
1633 2389 1678 2426 de
1698 2389 1760 2426 in-

367 2451 484 2498 cestu,
505 2453 646 2492 nobilis
667 2454 800 2494 oratio.
833 2455 961 2495 Nobis
982 2456 1139 2509 quidem
1156 2456 1295 2508 pueris,
1318 2456 1399 2497 haec
1415 2457 1594 2497 omnium
1613 2454 1761 2507 optima

1158 2521 1356 2562 Zzz=
