2176 2912
412 193 488 246 298
765 191 879 230 DE
957 190 1461 229 ORATORE

410 297 448 326 et
479 296 607 341 petam
637 299 657 323 a
676 285 798 330 vobis,
830 293 872 322 ut
892 297 946 329 ea,
968 298 1052 336 quae
1072 284 1213 329 dicam,
1248 297 1326 322 non
1345 283 1391 322 de
1409 281 1649 335 memetipso,
1680 280 1740 320 sed
1760 281 1808 319 de

411 363 570 397 oratore,
593 352 716 390 dicere
737 351 892 404 putetis.
939 351 1025 401 Ego
1045 350 1150 387 enim
1171 349 1255 387 sum
1274 350 1320 395 is,
1342 349 1423 400 qui,
1441 362 1533 387 cum
1553 348 1706 386 summo
1725 347 1806 385 stu-

412 421 476 458 dio
495 421 611 472 patris
631 420 671 457 in
691 419 852 471 pueritia
872 417 1003 455 doetus
1032 417 1158 461 effem,
1189 426 1226 453 et
1246 417 1285 454 in
1312 415 1443 457 forum
1462 415 1608 467 ingenii
1637 423 1805 458 tantum,

412 496 602 540 quantum
633 486 710 538 ipse
730 486 862 529 sentio,
898 498 975 522 non
1010 493 1175 528 tantum,
1207 493 1396 535 quantum
1429 482 1505 535 ipse
1524 481 1677 521 forfitan
1697 480 1806 519 vobis

412 555 552 598 videar,
584 552 812 596 detuliffem,
843 565 921 590 non
941 551 1077 602 poffim
1098 550 1233 594 dicere,
1266 564 1330 588 me
1349 548 1446 593 haec,
1467 562 1552 601 quae
1571 561 1674 586 nune
1693 561 1806 586 corn-
1864 540 1867 542 ’

412 621 570 673 ΡΙεᾶοΓ,
602 618 770 672 perinde,
801 626 844 655 ut
874 617 1000 654 dicam
1033 616 1205 655 discenda
1229 615 1321 659 effe,
1349 613 1544 653 didicisse:
1577 613 1720 664 quippe
1739 612 1806 664 qui

412 687 592 724 omnium
613 684 837 722 maturrime
857 683 903 719 ad
923 682 1095 734 publicas
1121 680 1246 718 causas
1266 680 1495 724 accefl'esim‚
1526 678 1718 729 annosque
1737 691 1804 716 na-

412 761 474 792 tus
495 765 619 790 unum
638 758 676 787 et
695 749 834 801 viginti
854 747 1132 786 nobiliffimum
1158 746 1362 785 hominem
1386 755 1424 785 et
1452 743 1814 797 eloquentiffimum*

412 819 452 856 in
466 818 662 870 judicium
682 815 874 859 vocarim3
898 814 962 851 cui
981 813 1180 866 disciplina
1199 812 1316 851 fuerit
1335 812 1490 856 forum3
1511 810 1700 864 magister,
1719 808 1817 847 usus·

412 894 449 922 et
466 884 581 935 leges,
603 890 640 919 et
655 881 827 922 instituta
845 879 981 932 populi
1001 879 1184 922 Romani,
1205 878 1363 931 mosque
1381 879 1585 929 majorum.

468 949 635 991 Paulum
669 947 794 985 sitiens
829 946 986 984 istarum
1014 945 1170 990 artium,
1207 944 1254 983 de
1283 944 1422 997 quibus
1449 943 1600 996 loquor,
1646 940 1813 993 gustavi„

413 1016 588 1067 Qaestor
606 1015 646 1052 in
667 1013 755 1052 Asia
773 1027 865 1050 cum
894 1011 1022 1056 essem,
1053 1012 1238 1063 aequalem
1262 1010 1339 1050 fere
1359 1024 1492 1050 meum
1522 1023 1569 1048 ex
1599 1006 1808 1047 Academia

412 1080 605 1121 rhetorem
626 1081 770 1123 nactus,
802 1077 1075 1117 Metrodorum
1106 1077 1235 1121 illum,
1266 1076 1313 1114 de
1342 1077 1451 1127 cujus
1480 1073 1667 1113 memoria
1695 1085 1807 1109 com-

412 1146 640 1185 memoravit
660 1145 854 1184 Antonius
867 1163 879 1189 ;
910 1153 948 1182 et
967 1144 1055 1181 inde
1086 1143 1285 1191 decedens,
1316 1141 1481 1181 Athenis
1495 1159 1506 1186 3
1539 1139 1606 1178 ubi
1627 1151 1699 1191 ego
1717 1137 1818 1176 diu--

411 1214 488 1252 tius
523 1213 635 1251 effem
669 1221 852 1256 moratus,
883 1210 951 1248 nisi
971 1209 1285 1253 Atheniensibus,
1315 1208 1420 1260 quod
1445 1206 1717 1259 mysteriawnon
1746 1216 1807 1242 re-

411 1278 565 1324 ferrent,
582 1278 628 1316 ad
644 1293 728 1330 quae
743 1278 862 1316 biduo
882 1277 995 1315 serius
1015 1289 1206 1321 veneram,
1226 1274 1527 1313 succensuissem.
1569 1274 1697 1325 Qare
1714 1270 1807 1315 hoc,

410 1345 517 1397 quod
536 1344 772 1397 complector
792 1352 937 1384 tantam
965 1341 1162 1381 scientiam
1181 1342 1339 1394 vimque
1366 1341 1559 1384 doctrin&
1591 1352 1670 1377 non
1690 1335 1809 1375 modo

411 1426 488 1450 non
518 1425 588 1464 pro
622 1425 698 1456 me,
729 1410 792 1449 sed
822 1418 954 1448 contra
982 1422 1046 1447 me
1068 1409 1120 1447 est
1147 1409 1288 1461 potius,
1322 1409 1418 1460 (non
1444 1407 1564 1452 enim,
1595 1405 1690 1458 quid
1719 1416 1806 1455 egO,

411 1478 472 1516 sed
503 1478 597 1530 quid
627 1486 752 1516 orator
784 1476 910 1529 poffit,
941 1475 1125 1527 disputo,)
1171 1484 1284 1527 atque
1313 1474 1383 1513 hos
1412 1487 1559 1518 omnes,
1610 1471 1678 1524 qui
1710 1479 1806 1508 artes

411 1543 614 1583 rhetoricas
644 1551 857 1595 exponunt,
893 1541 1139 1593 perridiculos
1159 1556 1168 1578 :
1200 1541 1369 1579 scribunt
1390 1541 1495 1578 enim
1516 1540 1560 1577 de
1579 1539 1712 1576 litium
1738 1550 1806 1589 ge·

412 1623 510 1654 nere,
541 1618 579 1646 et
608 1609 653 1646 de
684 1607 897 1660 principiis,
927 1616 963 1643 et
984 1606 1029 1644 de
1057 1606 1349 1643 narrationibus.
1400 1605 1471 1643 Illa
1499 1605 1554 1642 vis
1575 1612 1704 1642 autem
1723 1603 1806 1640 elo-

410 1675 576 1727 quentiae
597 1683 700 1712 tanta
719 1673 784 1718 est,
815 1682 858 1710 ut
877 1673 1056 1710 omnium
1077 1686 1217 1716 rerum,
1238 1673 1441 1715 virtutum,
1462 1670 1695 1714 officiorum,
1717 1683 1805 1708 om-

411 1742 546 1794 nisque
578 1750 733 1785 naturae,
764 1754 848 1792 quae
869 1752 992 1778 mores
1013 1737 1236 1783 hominum,
1267 1752 1350 1790 quae
1380 1738 1544 1781 animos,
1574 1751 1658 1788 quae
1689 1738 1817 1774 vitam.

411 1808 598 1853 continet,
627 1808 831 1859 originem,
865 1807 959 1850 vim,
995 1805 1299 1857 mutationesque
1330 1813 1481 1849 teneat;
1512 1803 1647 1841 eadem·
1666 1817 1806 1848 mores,

411 1874 527 1926 leges,
543 1874 630 1925 jura
652 1873 849 1917 describat,
871 1872 1151 1924 rempublicam
1172 1881 1300 1923 regat3
1333 1871 1477 1915 omnia,
1499 1884 1582 1923 quae
1602 1870 1647 1908 ad
1667 1884 1807 1923 quam-

412 1953 566 1991 cunque
587 1935 667 1977 rem
686 1939 913 1991 pertineant,
944 1947 1087 1982 ornate,
1109 1938 1333 1990 copioseque
1353 1938 1467 1975 dicat.
1509 1938 1554 1974 In
1575 1950 1653 1988 quo
1672 1949 1807 1988 genere

412 2019 480 2044 nos
501 2006 660 2058 quidem
680 2006 868 2044 versamur
889 2014 1055 2049 tantum,
1087 2014 1274 2056 quantum
1295 2003 1503 2056 possumus,
1526 2011 1715 2054 quantum
1743 2002 1805 2039 in-

413 2072 540 2124 genio,
577 2082 766 2124 quantum
787 2072 971 2109 mediocri
993 2071 1175 2114 doctrina,
1198 2079 1385 2121 quantum
1406 2068 1487 2113 usu,
1511 2068 1704 2112 valemus;
1736 2081 1806 2106 ne-

414 2151 489 2189 que
510 2147 636 2174 tamen
658 2138 749 2181 istis,
779 2138 846 2189 qui
867 2138 905 2175 in
936 2151 1009 2174 una
1029 2135 1270 2188 philosophia
1290 2135 1390 2187 quafi
1414 2134 1701 2172 tabernaculum
1721 2135 1807 2173 vitae

413 2203 486 2240 suae
505 2202 755 2246 collocarunt,
778 2202 947 2239 multum
970 2202 1052 2238 sane
1074 2202 1113 2238 in
1133 2201 1385 2252 disputatione
1406 2199 1668 2237 concedimus.

470 2268 582 2306 XXI.
621 2268 728 2318 Qid
759 2268 863 2305 enim
892 2281 998 2305 meus
1027 2266 1222 2306 familiaris
1245 2269 1291 2305 C.
1315 2267 1485 2304 Velleius
1513 2265 1643 2304 afferre
1670 2265 1806 2318 potest,

415 2333 669 2386 quamobrem
689 2333 860 2385 voluptas
882 2334 925 2371 sit
946 2333 1143 2371 summum
1162 2334 1323 2377 bonum,
1354 2332 1457 2385 quod
1477 2346 1549 2385 ego
1568 2345 1644 2370 non
1673 2333 1808 2384 copio-

416 2401 488 2438 sius
509 2400 645 2453 poffim
676 2400 733 2436 vel
765 2401 892 2443 tutari,
928 2400 953 2437 fi
974 2400 1104 2444 velim,
1140 2400 1196 2437 vel
1218 2398 1385 2436 refellere
1405 2413 1450 2436 ex
1470 2399 1546 2436 illis
1567 2398 1675 2443 locis,
1711 2412 1813 2450 quos-

416 2465 589 2518 exposuit
611 2466 817 2510 Antonius,
840 2465 909 2503 hac
936 2466 1086 2503 dicendi
1107 2466 1387 2510 exercitatione,
1410 2466 1448 2503 in
1473 2478 1547 2517 qua
1567 2465 1736 2502 Velleius
1756 2463 1809 2502 est

419 2532 537 2578 rudis,
570 2531 826 2586 unusquisque
846 2532 1016 2571 nostrum
1037 2531 1197 2571 versatus
1214 2533 1226 2569 ?
1277 2531 1384 2584 Qid
1402 2532 1468 2577 est,
1496 2531 1600 2584 quod
1619 2539 1683 2569 aut
1703 2532 1805 2569 Sext.
