2176 2912
586 147 904 193 LIBER
980 134 1554 181 SECUNDUS.
1689 142 1764 181 233

370 247 550 298 adjungas
568 255 577 278 :
610 238 750 291 puncta
768 238 1087 285 argumentorum
1111 225 1340 278 plerumque
1360 228 1403 258 ut
1428 217 1593 260 occulas‚
1617 229 1662 253 ne
1683 214 1769 266 quis

372 325 414 349 ea
435 317 630 348 numerare
649 301 774 355 poffit,
806 306 848 335 ut
869 310 906 334 re
926 294 1223 346 distinguantur,
1253 287 1378 326 verbis
1399 282 1555 323 confusa
1573 281 1642 319 esse
1662 279 1769 317 vide-

373 384 498 415 antur.
968 408 977 418 „

429 438 561 479 XLII.
584 436 682 475 Haec
698 442 741 471 ut
760 441 798 468 et
820 440 1035 482 properans,
1057 433 1093 462 et
1109 422 1209 476 apud
1230 421 1375 463 doctos,
1393 426 1431 455 et
1452 414 1680 454 semidoctus
1697 410 1773 462 ipse

377 517 569 560 percurro,
600 509 643 539 ut
662 496 867 550 aliquando
887 494 933 532 ad
952 492 1019 530 illa
1038 490 1180 542 majora
1199 486 1411 525 veniamus.
1462 479 1579 520 Nihil
1599 478 1651 515 est
1671 477 1776 513 enim

378 574 419 611 in
450 568 626 612 dicendo,
652 563 803 608 Catule,
835 561 972 612 majus,
1004 569 1121 610 quam
1155 562 1198 592 ut
1227 551 1350 590 faveat
1379 547 1517 587 oratori
1537 546 1582 590 is,
1615 542 1681 596 qui
1708 554 1777 578 au-

379 639 474 683 diet,
496 645 615 688 utque
635 631 711 686 ipse
729 630 779 668 fic
806 634 1019 668 moveatur,
1050 632 1094 660 ut
1113 621 1262 673 impetu
1282 616 1451 670 quodam
1470 612 1605 655 animi,
1634 618 1671 647 et
1692 620 1779 660 per-

381 703 599 743 turbatione
614 688 750 750 magis,
768 707 887 748 quam
901 690 1051 745 judicio
1069 696 1134 726 aut
1153 685 1324 729 confilio,
1346 690 1509 735 regatur.
1543 678 1658 716 Plura
1675 674 1781 711 enim

383 770 509 810 multo
538 766 715 806 homines
743 761 919 814 judicant
951 757 1054 800 odio,
1095 763 1160 791 aut
1187 764 1329 794 amore,
1371 757 1436 786 aut
1465 744 1685 797 cupiditate,
1717 747 1782 777 aut

385 834 593 877 iracundia,
623 839 688 869 aut
713 828 857 871 dolore,
888 825 953 862 aut
982 821 1126 865 laetitia,
1158 828 1222 856 aut
1242 817 1317 869 spe,
1348 823 1411 852 aut
1442 813 1594 854 timore,
1624 816 1690 845 aut
1722 819 1783 843 er-

386 915 482 945 rore,
512 908 578 937 aut
597 896 723 947 aliqua
738 890 978 946 permotione
997 885 1153 929 mentis,
1175 896 1293 935 quam
1312 880 1482 921 veritate,
1503 885 1567 914 aut
1588 871 1784 927 praescrip-

386 977 442 1013 to,
463 963 639 1017 autjuris
656 973 790 999 norma
805 945 945 1009 aliqua,
966 951 1179 1005 autjudicii
1194 947 1374 991 formula,
1396 953 1460 982 aut
1474 941 1638 995 legibus.
1675 939 1784 989 Qa-

389 1046 443 1078 re,
465 1031 533 1069 nisi
552 1028 648 1081 quid
668 1026 776 1064 vobis
796 1022 900 1062 aliud
920 1021 1058 1074 placet,
1088 1017 1133 1055 ad
1154 1015 1219 1054 illa
1235 1024 1452 1067 pergamus.

446 1096 625 1139 Paulum,
649 1091 778 1144 inquit
809 1088 984 1131 Catulus,
1014 1085 1254 1123 etiamnunc
1275 1077 1392 1117 deeffe
1418 1074 1568 1114 videtur
1588 1071 1633 1109 iis
1660 1068 1787 1112 rebus,
1830 1068 1835 1074 ‘

396 1162 558 1206 Antoni,
594 1171 686 1212 quas
706 1153 923 1209 exposuisti,
954 1150 1059 1204 quod
1079 1149 1122 1188 fit
1142 1148 1216 1186 tibi
1248 1154 1335 1184 ante
1359 1139 1646 1195 explicandum,
1678 1146 1795 1187 quam

398 1231 494 1269 illuc
526 1224 776 1280 proficiscare,
819 1233 899 1273 quo
929 1227 965 1256 te
990 1216 1086 1254 dicis
1118 1212 1327 1252 intendere.
1391 1207 1606 1259 Qidnam,
1638 1199 1794 1252 inquit?

399 1295 482 1345 Qi
502 1292 596 1331 ordo
617 1290 690 1328 tibi
711 1289 847 1342 placet,
870 1283 998 1336 inquit
1019 1280 1196 1323 Catulus,
1216 1287 1254 1315 et
1274 1289 1358 1328 quae
1378 1271 1571 1325 dispositio
1591 1278 1798 1320 argumen-

400 1369 546 1403 torum,
568 1359 607 1395 in
628 1368 704 1408 qua
724 1363 766 1392 tu
786 1350 886 1390 mihi
905 1350 1050 1401 semper
1069 1347 1159 1384 deus
1180 1342 1300 1381 videri
1317 1340 1426 1378 soles.

456 1424 557 1463 Vide
587 1434 706 1474 quam
737 1419 806 1457 sim
838 1417 878 1454 in
908 1415 977 1453 isto
1007 1424 1158 1465 genere,
1189 1408 1331 1459 inquit,
1365 1402 1516 1445 Catule,
1547 1400 1653 1437 deus.
1707 1395 1803 1434 Non

404 1489 626 1532 mehercule
657 1484 771 1530 mihi,
803 1482 871 1521 nisi
894 1479 1108 1521 admonito,
1139 1473 1293 1513 venifl‘et
1326 1471 1366 1508 in
1387 1478 1588 1507 mentem:
1620 1473 1663 1501 ut
1694 1460 1805 1514 poffis

405 1558 633 1600 existimare,
666 1566 729 1592 me
759 1552 799 1589 in
831 1563 886 1593 ea,
922 1548 963 1585 in
994 1544 1136 1598 quibus
1168 1549 1448 1589 nonnunquam
1481 1531 1629 1584 aliquid
1658 1529 1808 1567 efficere

407 1625 551 1668 videor,
581 1620 651 1659 usu
670 1618 784 1657 solere
804 1616 843 1653 in
863 1612 1041 1655 dicendo,
1071 1609 1132 1647 vel
1156 1606 1241 1646 casu
1261 1604 1404 1658 potius,
1425 1601 1628 1638 incurrere.
1672 1596 1732 1633 Ac
1753 1605 1808 1630 res

410 1690 571 1743 quidem
590 1686 670 1731 ista,
703 1696 821 1736 quam
842 1693 926 1734 ego,
963 1677 1053 1730 quia
1072 1688 1149 1713 non
1170 1685 1317 1715 noram,
1350 1669 1399 1720 fic
1427 1676 1611 1718 tanquam
1632 1662 1813 1713 ignotum

413 1754 616 1794 hominem
647 1747 902 1802 praeteribam,
934 1752 1086 1780 tantum
1117 1737 1237 1792 potest
1274 1737 1313 1774 in
1348 1731 1525 1775 dicendo,
1568 1737 1611 1766 ut
1645 1726 1690 1764 ad
1725 1724 1812 1761 vin-

416 1819 584 1859 cendum
605 1815 710 1854 nulla
730 1813 815 1866 plus
838 1809 961 1863 poffit.
1014 1806 1085 1845 Sed
1106 1814 1232 1842 tamen
1255 1799 1353 1839 mihi
1375 1797 1510 1836 videris
1542 1803 1627 1832 ante
1662 1801 1815 1841 tempus

417 1901 438 1924 a
471 1898 535 1924 me
568 1882 755 1921 rationem
784 1876 943 1919 ordinis,
986 1882 1024 1910 et
1068 1867 1388 1922 disponendarum
1436 1875 1578 1904 rerum,
1615 1854 1815 1908 requififl‘e.

419 1953 528 1992 Nam
549 1949 573 1987 s1
592 1961 663 2000 ego
683 1957 843 1984 omnem
863 1942 943 1979 vim
961 1937 1117 1977 oratoris
1142 1936 1182 1973 in
1202 1930 1452 1985 argumentiS,
1480 1936 1518 1965 et
1538 1927 1578 1963 in
1600 1938 1638 1961 re
1656 1922 1734 1975 ipsa
1755 1933 1820 1974 per

423 2019 457 2058 se
470 2012 769 2069 comprobanda,
787 2007 1004 2062 posuiss'em,
1023 2014 1176 2055 tempus
1196 1999 1283 2037 esset
1298 1999 1380 2050 jam
1398 1996 1442 2033 de
1463 1992 1594 2032 ordine
1614 2000 1820 2041 argumen-

423 2095 567 2127 torum,
589 2090 626 2118 et
646 2079 692 2117 de
712 2074 977 2116 collocatione,
999 2068 1146 2121 aliquid
1166 2067 1304 2104 dicere.
1337 2062 1409 2100 Sed
1428 2073 1520 2098 cum
1541 2057 1612 2095 tria
1628 2056 1699 2093 smt
1720 2067 1739 2090 a
1759 2064 1823 2090 me

427 2147 626 2204 propofita,
663 2145 709 2182 de
730 2156 807 2181 uno
828 2141 1001 2182 dictum3
1034 2149 1127 2174 cum
1147 2133 1192 2170 de
1212 2130 1361 2170 duobus
1384 2125 1538 2178 reliquis
1560 2123 1706 2164 dixero,
1740 2127 1825 2156 tum

429 2215 499 2253 erit
519 2212 682 2263 denique
704 2210 749 2247 de
769 2204 999 2260 disponenda
1019 2211 1099 2240 tota
1117 2199 1287 2238 oratione
1303 2193 1566 2248 quaerendum.

486 2283 638 2323 XLIII.
678 2280 793 2317 Valet
812 2278 929 2330 igitur
961 2271 1133 2314 multum
1160 2269 1205 2308 ad
1235 2265 1482 2308 vincendum,
1516 2257 1666 2314 probari
1689 2265 1827 2295 moreS,

434 2350 619 2392 instituta,
655 2356 693 2384 et
712 2344 822 2388 faeta,
853 2352 891 2381 et
910 2343 1030 2380 vitam
1050 2351 1199 2380 eorum,
1229 2334 1297 2386 qui
1320 2341 1431 2384 agent
1451 2327 1589 2370 causas,
1618 2333 1655 2361 et
1681 2331 1827 2366 eorum,

437 2430 506 2471 pro
523 2415 664 2467 quibus
679 2430 689 2457 ς
712 2421 749 2449 et
767 2412 860 2448 item
882 2406 1091 2461 improbari
1103 2401 1423 2441 adversariorum:
1447 2392 1667 2442 animosque
1682 2397 1831 2426 eorum,

438 2480 539 2536 apud
572 2491 669 2531 quos
700 2477 839 2528 agitur,
875 2471 1073 2513 conciliari
1103 2481 1218 2522 quam
1252 2464 1419 2503 maxime
1449 2460 1496 2498 ad
1528 2449 1833 2495 benevolentiam

551 2546 589 2584 T
608 2558 631 2583 0
651 2555 702 2581 M.
735 2543 767 2581 I.
1281 2532 1318 2567 G
1350 2542 1374 2580 g
