2176 2912
468 226 547 269 374
809 210 942 250 DE
1057 209 1529 250 CLARis

465 316 579 359 atque
599 304 793 349 orationis,
816 304 893 358 quo
914 312 951 342 et
971 302 1207 357 magistratus
1227 305 1442 358 personam,
1465 315 1501 344 et
1521 304 1759 344 consularem
1780 305 1867 359 dig-

467 374 630 411 nitatem
650 380 830 410 tueretur.
879 371 997 423 Qod
1027 371 1131 409 idem
1151 371 1198 409 de
1219 373 1266 410 C.
1291 372 1412 410 Caelio
1432 372 1610 417 dixerim,
1644 372 1868 410 industriam

466 439 506 477 in
527 453 571 477 eo
601 438 794 476 summam
812 436 938 481 fuiffe,
968 436 1210 489 summasque
1230 438 1412 482 virtutes;
1445 437 1673 490 eloquentiae
1700 447 1867 482 tantum,

466 505 572 558 quod
592 503 680 542 esset
699 505 739 542 in
760 504 870 542 rebus
891 504 1060 556 privatiS,
1078 504 1212 541 amicis
1233 504 1340 556 ejus,
1364 504 1403 541 in
1419 504 1628 557 republica,
1650 504 1764 557 ipsius
1781 505 1868 556 dig-
1898 551 1902 553 ι

466 571 578 610 nitati
598 571 695 609 satis.

524 637 675 676 Eodem
707 646 880 688 tempore
917 635 980 673 M.
1018 635 1239 672 Herennius
1271 635 1313 672 in
1350 635 1609 673 mediocribus
1641 635 1869 680 oratoribus,

468 704 607 742 Latine
626 713 663 741 et
683 703 886 754 diligenter
904 701 1170 753 loquentibus,
1186 710 1409 739 numeratus
1429 701 1481 738 est
1499 716 1507 739 :
1532 702 1598 753 qui
1619 710 1746 739 tamen
1764 702 1869 739 sum-

469 784 533 808 ma
554 769 754 808 nobilitate
775 767 992 812 hominem,
1021 768 1263 820 cognatione,
1285 767 1494 812 sodalitate,
1522 767 1701 820 collegio,
1724 768 1874 806 summa

467 837 584 874 etiam
600 835 833 887 eloquentia,
853 835 901 873 L.
919 834 1165 887 Philippum,
1180 834 1220 872 in
1237 833 1454 872 consulatus
1470 834 1657 886 petitione
1669 834 1868 887 superavit.

468 903 620 940 Eodem
642 911 812 954 tempore
834 902 881 940 C.
912 900 1089 945 Clodius,
1124 900 1191 939 etfi
1210 909 1367 953 propter
1397 900 1589 938 summam
1610 901 1871 945 nobilitatem,

468 979 505 1007 et
526 968 754 1021 singularem
786 967 1001 1019 potentiam
1030 979 1194 1019 magnus
1214 976 1304 1011 erat,
1337 975 1466 1004 tamen
1496 967 1612 1004 etiam
1644 967 1871 1020 eloquentiae

469 1035 660 1087 quandam
693 1033 1000 1072 mediocritatem
1029 1032 1223 1071 afferebat.
1273 1032 1459 1084 Ejusdem
1487 1031 1563 1069 fere
1590 1033 1774 1085 temporis
1795 1031 1871 1070 fuit

471 1115 586 1153 eques
608 1102 808 1139 Romanus
828 1101 877 1138 C.
900 1100 1047 1144 Titius,
1071 1100 1152 1152 qui,
1175 1112 1263 1137 meo
1277 1098 1442 1150 judicio,
1474 1099 1518 1136 eo
1538 1099 1745 1151 perveniffe
1767 1099 1875 1137 vide-

468 1177 544 1212 tur,
576 1181 654 1219 quo
687 1167 814 1220 potuit
847 1165 926 1204 fere
945 1166 1108 1204 Latinus
1139 1174 1265 1204 orator
1284 1164 1360 1203 fine
1380 1164 1526 1204 Graecis
1557 1164 1691 1210 literis,
1727 1174 1764 1203 et
1795 1165 1873 1204 fine

470 1233 598 1272 multo
619 1232 702 1277 usu,
733 1232 943 1285 pervenire.
980 1232 1112 1284 Hujus
1132 1232 1320 1270 orationes
1341 1240 1495 1269 tantum
1515 1231 1764 1284 argutiarum,
1786 1240 1872 1270 tan-

468 1309 557 1338 tum
577 1298 862 1351 exemplorum,
897 1306 1051 1336 tanturn
1084 1298 1309 1336 urbanitatis
1343 1296 1501 1343 habent,
1532 1306 1576 1336 ut
1609 1311 1706 1350 pene
1738 1299 1874 1337 Attico

468 1367 555 1405 stilo
576 1366 723 1419 scriptae
754 1365 824 1404 effe
853 1365 1068 1404 videantur.
1111 1365 1275 1404 Easdem
1305 1366 1469 1426 argutias
1496 1365 1536 1403 in
1558 1365 1757 1418 tragoedias
1787 1364 1872 1403 satis

468 1433 629 1485 quidem
647 1432 712 1470 ille
732 1441 854 1477 acute,
886 1432 946 1470 sed
966 1425 1104 1485 pfrum
1125 1433 1280 1485 tragice,
1303 1432 1506 1471 transtulit.
1550 1433 1682 1483 Qem
1701 1431 1875 1470 studebat

469 1500 614 1538 imitari
638 1501 685 1538 L.
705 1498 888 1537 Afranius
909 1508 1034 1552 poeta,
1070 1498 1192 1537 homo
1212 1508 1450 1552 perargutus‚
1482 1499 1523 1536 in
1543 1497 1684 1537 fabulis
1713 1498 1874 1551 quidem

469 1567 602 1610 etiam,
625 1574 668 1602 ut
688 1565 804 1609 scitis,
826 1564 999 1602 disertus,
1031 1566 1126 1602 Fuit
1146 1565 1263 1602 etiam
1284 1565 1533 1617 QRubrius
1543 1565 1678 1610 Varro,
1696 1565 1765 1616 qui
1781 1579 1801 1602 a
1814 1565 1872 1602 se-

469 1641 562 1670 natu
581 1630 697 1669 hostis
717 1645 810 1669 curn
832 1632 879 1670 C.
898 1631 1028 1670 Mario
1037 1631 1232 1683 judicatus
1249 1631 1315 1676 est,
1337 1645 1422 1669 acer
1440 1640 1478 1669 et
1497 1630 1702 1669 vehemens
1720 1631 1873 1670 accusa-

470 1708 543 1737 tor.
590 1699 635 1736 In
655 1711 699 1736 eo
718 1711 856 1750 genere
876 1696 959 1735 sane
990 1697 1214 1750 probabilis,
1252 1697 1386 1736 doctus
1413 1706 1541 1735 autem
1563 1697 1709 1736 Graecis
1734 1698 1872 1743 literis,

469 1765 710 1818 propinquus
731 1764 854 1802 noster
872 1763 993 1802 faetus
1014 1763 1059 1801 ad
1079 1763 1289 1801 dicendum
1310 1764 1373 1802 M.
1392 1763 1604 1808 Gratidius,
1627 1764 1690 1801 M.
1709 1763 1875 1802 Antonii

470 1831 753 1885 perfamiliaris,
787 1832 895 1884 cujus
926 1830 1125 1884 praefechis
1146 1844 1238 1869 cum
1258 1830 1344 1869 esset
1366 1831 1405 1868 in
1427 1831 1581 1875 Cilicia,
1617 1830 1669 1868 est
1690 1830 1874 1870 interfec-

470 1908 557 1942 tus,
590 1899 658 1950 qui
679 1898 867 1936 accusavit
888 1899 935 1936 C.
957 1898 1187 1943 Fimbriam,
1210 1898 1273 1935 M.
1294 1898 1411 1935 Marii
1429 1897 1646 1936 Gratidiani
1667 1907 1783 1949 pater.

526 1965 676 2002 XLVI.
709 1966 840 2017 Atque
861 1965 993 2009 etiam,
1029 1964 1131 2017 apud
1152 1964 1270 2002 socios
1301 1972 1339 2001 et
1359 1965 1534 2009 Latinos,
1567 1972 1730 2001 oratores
1750 1962 1876 2001 habiti

472 2030 559 2068 sunt
580 2031 813 2083 QVectius
828 2031 1048 2075 Vestianus,
1070 2044 1090 2067 e
1108 2030 1259 2074 Μαι-63,
1281 2043 1398 2082 quem
1414 2029 1491 2081 ipse
1508 2029 1686 2081 cognovi,
1707 2028 1873 2080 prudens

470 2096 542 2140 vir,
560 2105 596 2134 et
617 2097 656 2134 in
677 2097 839 2134 dicendo
856 2097 1004 2140 brevis,
1038 2097 1147 2147 Qet
1164 2097 1217 2134 D.
1237 2095 1382 2133 Valerii
1400 2095 1544 2139 Sorani,
1566 2094 1684 2132 vicini
1703 2103 1741 2132 et
1756 2093 1874 2132 fami-

471 2161 578 2199 liares
600 2162 690 2207 mei,
712 2176 789 2200 non
812 2171 890 2200 tam
915 2163 955 2199 in
976 2161 1140 2199 dicendo
1170 2160 1424 2206 admirabiles,
1446 2174 1563 2212 quam
1585 2160 1686 2198 (106ὶί
1707 2169 1745 2197 et
1762 2161 1874 2198 Grae-
1933 2198 1937 2200 ,

471 2227 525 2265 cis
547 2227 678 2272 literis,
710 2237 747 2266 et
774 2228 950 2272 Latinis,
984 2229 1031 2265 C.
1056 2227 1290 2265 Rusticellus
1311 2227 1572 2271 Bononienfis,
1604 2227 1634 2264 is
1656 2227 1816 2279 quidem
1837 2235 1876 2264 et

471 2295 711 2339 exercitatus,
749 2304 785 2332 et
817 2294 950 2333 natura
980 2293 1176 2332 volubilis.
1238 2294 1433 2332 Omnium
1460 2302 1589 2331 autem
1603 2293 1874 2346 eloquentiffi-

472 2374 559 2398 mus
579 2371 682 2399 extra
702 2360 799 2400 hanc
821 2361 958 2398 urbem
979 2361 1031 2398 T.
1056 2361 1237 2398 Betucius
1259 2361 1394 2398 Barrus
1416 2359 1643 2404 Asculanus,
1662 2360 1770 2412 cujus
1788 2359 1875 2398 sunt

471 2429 619 2480 aliquot
647 2429 834 2466 orationes
866 2428 998 2466 Asculi
1032 2426 1194 2466 habitae:
1228 2427 1293 2465 illa
1313 2427 1449 2465 Romae
1480 2437 1612 2465 contra
1633 2427 1872 2480 Caepionem,

470 2495 615 2532 nobilis
633 2494 729 2540 sane,
748 2495 811 2534 cui
831 2495 992 2533 orationi
1009 2494 1200 2546 Caepionis
1217 2508 1280 2532 ore
1301 2493 1494 2547 respondit
1511 2493 1652 2538 AElius,
1670 2493 1738 2545 qui
1755 2492 1875 2545 scrip-

471 2562 597 2600 titavit
617 2563 804 2602 orationes
825 2562 966 2602 multas
980 2579 991 2607 5
1016 2570 1139 2602 orator
1156 2562 1233 2616 ipse
1249 2575 1449 2615 nunquam
1469 2559 1559 2600 fuit.
1581 2560 1700 2613 Apud
1714 2559 1874 2612 majores
