2176 2912
414 195 487 247 156
766 191 879 230 DE
957 189 1462 228 ORATORE

410 285 504 339 vqffi’
536 284 622 329 dico,
640 283 719 338 ſsd,
750 293 925 337 tanquam
944 282 1058 321 nudus
1077 297 1181 321 nuces
1200 283 1342 335 legeret,
1374 283 1410 320 in
1441 289 1603 320 ventrem
1628 279 1807 334 alstulffi.

412 354 470 390 Ut
496 351 594 389 illud
615 351 678 388 M.
702 350 837 388 Cicero
868 349 992 394 senex,
1023 347 1138 401 hujus
1166 349 1237 386 viri
1268 349 1421 401 optimi,
1454 348 1569 385 nostri
1595 346 1808 390 familiaris,

413 426 532 470 pater,
555 417 701 470 Nostros
717 416 868 454 homines
870 415 1003 466 similes
1022 414 1081 468 {ff'
1104 416 1273 467 Syrorum
1293 415 1496 453 venalium:
1527 423 1568 452 ut
1588 413 1728 467 quisque
1746 421 1809 466 op-

413 484 496 522 time
512 482 770 535 Graecesc'·t'ret‚
788 482 842 519 ita
858 480 917 533 ff
932 480 1177 533 nequfflmum.

469 548 591 586 Valde
611 557 740 585 autem
772 547 943 584 ridentur
976 546 1092 583 etiam
1114 546 1313 597 imagines,
1345 559 1429 596 quae
1461 544 1538 582 fere
1565 545 1605 581 in
1624 543 1810 581 deformi·
1850 547 1854 548 ⁷

413 624 546 659 tatem,
561 624 625 652 aut
646 615 684 650 in
705 612 862 664 aliquod
878 612 1018 648 vitium
1038 611 1222 662 corporis,
1240 611 1435 648 ducuntur
1451 624 1542 647 cum
1562 610 1813 647 similitudine

411 682 592 735 turpioris
611 700 622 724 ;
654 689 695 717 ut
717 692 850 716 meum
870 677 967 714 illud
988 678 1027 714 in
1050 677 1260 714 Helmium
1281 677 1495 720 Manciam,
1519 677 1612 729 Jam
1627 675 1809 729 ostendam,

414 747 658 801 czfjustnodists
670 765 681 790 3
705 758 797 782 cum
817 744 895 788 ille,
915 743 1072 796 Ostende,
1090 745 1201 796 quaesb
1215 759 1226 781 .·
1248 742 1502 781 demonstravi
1522 743 1645 795 digito
1665 743 1815 795 pictum

418 814 580 852 Gallum
602 813 640 849 in
662 811 838 849 Mariano
866 809 972 848 scuto
994 809 1197 847 Cimbrico
1219 809 1286 846 sub
1308 809 1432 847 Novis
1454 808 1670 853 distortum,
1701 808 1818 860 ejecta

416 880 563 932 lingua,
586 878 717 916 buccis
739 876 961 914 fluentibus.
1000 875 1113 913 Risus
1130 875 1181 912 est
1197 884 1417 913 commotus
1437 890 1445 913 :
1479 873 1578 912 nihil
1600 883 1678 912 tam
1696 874 1816 911 Man-

417 947 486 983 ciae
506 944 629 982 fimile
649 943 773 981 visum
793 941 857 980 est.
881 943 937 979 Ut
953 954 1044 978 cum
1065 941 1196 979 Testio
1218 941 1377 979 Penario
1398 949 1577 978 mentum
1599 941 1637 977 in
1655 939 1818 977 dicendo

418 1010 671 1062 intorquenti,
704 1005 795 1047 Tum
821 1016 863 1046 ut
879 1006 1023 1051 diceret,
1031 1007 1073 1058 st
1089 1005 1177 1059 quid
1192 1007 1310 1051 vellet,
1328 1007 1369 1058 st
1385 1005 1692 1059 nucemfregqfflt.

478 1077 610 1114 Etiam
632 1075 710 1118 illa,
744 1087 828 1126 quae
849 1073 1066 1117 minuendi,
1095 1082 1159 1110 aut
1175 1073 1338 1124 augendi
1367 1072 1474 1109 causa
1493 1072 1538 1108 ad
1552 1070 1820 1109 incredibilem

420 1142 713 1181 admirationem
735 1139 969 1183 efferuntur,
1002 1139 1107 1177 velut
1131 1148 1186 1183 tu,
1220 1138 1357 1183 Craffe,
1389 1138 1429 1175 in
1450 1138 1649 1182 concione,
1680 1137 1733 1175 ita
1749 1136 1822 1175 fibi

420 1209 547 1261 ipsum
570 1221 757 1259 magnum
788 1206 907 1244 videri
930 1206 1187 1249 Memmium,
1219 1215 1260 1242 ut
1287 1205 1323 1242 in
1334 1205 1465 1256 jbrum
1491 1203 1688 1257 dzfiendens
1713 1211 1823 1256 caput

420 1274 653 1327 adfornicem
668 1272 780 1312 Fabii
798 1271 1011 1310 demitteret.
1045 1271 1106 1308 Ex
1123 1284 1201 1323 quo
1219 1284 1354 1323 genere
1374 1271 1489 1308 etiam
1510 1270 1608 1308 illud
1627 1270 1692 1314 est,
1715 1270 1821 1321 quod

422 1341 552 1393 Scipio
583 1340 682 1392 apud
714 1339 987 1382 Numantiam,
1019 1351 1111 1375 cum
1132 1336 1429 1376 stomacharetur
1455 1351 1547 1374 cum
1568 1338 1616 1374 C.
1640 1336 1820 1381 Metello,

420 1405 551 1445 dixisse
571 1406 727 1450 dicitur,
761 1406 801 1443 Sz‘
826 1404 989 1458 quintum
1009 1412 1162 1457 pareret
1181 1413 1298 1442 mater
1317 1403 1401 1456 qjus,
1432 1403 1564 1455 [finum
1577 1402 1649 1455 fui
1672 1417 1688 1440 e
1709 1402 1821 1455 pari-

420 1482 556 1512 turam.

479 1541 628 1590 Arguta
647 1538 763 1575 etiam
787 1536 1013 1589 significatio
1033 1536 1097 1581 est,
1131 1550 1223 1575 cum
1243 1550 1353 1588 parva
1373 1550 1425 1581 re,
1447 1545 1485 1573 et
1506 1536 1598 1587 saepe
1613 1535 1742 1579 verbo,
1768 1548 1824 1573 res

424 1604 582 1642 obscura
602 1612 639 1640 et
660 1602 778 1640 latens
800 1601 1033 1646 illustratur;
1066 1610 1123 1645 ut,
1152 1615 1243 1639 cum
1266 1603 1313 1639 C.
1338 1602 1516 1639 Fabricio
1537 1602 1580 1639 P.
1604 1601 1823 1645 Cornelius,

424 1669 558 1714 homo,
595 1678 638 1707 ut
670 1668 969 1713 existimabatur,
1001 1681 1130 1705 avarus
1160 1678 1197 1705 et
1231 1667 1354 1713 furax,
1386 1668 1447 1706 sed
1477 1669 1627 1720 egregie
1647 1666 1757 1704 fortis
1787 1676 1826 1704 et

426 1737 551 1774 bonus
573 1737 791 1788 imperator,
823 1735 959 1787 gratias
980 1743 1118 1786 ageret,
1150 1734 1253 1786 quod
1274 1734 1309 1772 se
1329 1733 1448 1772 homo
1470 1734 1651 1771 inimicus
1674 1733 1825 1772 Consu-

428 1803 505 1840 lem
526 1802 681 1846 feciffet,
714 1801 816 1839 bello
836 1801 1044 1853 praesertim
1063 1813 1204 1852 magno
1225 1810 1262 1838 et
1277 1801 1405 1853 gravi;
1435 1800 1548 1839 Nihil
1570 1799 1626 1853 est,
1658 1814 1722 1853 quo
1741 1798 1831 1838 mihi

422 1868 569 1921 gratias
587 1883 688 1920 agas,
720 1868 862 1919 inquit,
878 1868 921 1918 st
942 1866 1053 1904 malui
1070 1866 1263 1919 compilari,
1298 1881 1402 1919 quam
1433 1867 1568 1904 venire.
1620 1867 1676 1903 Ut
1697 1865 1828 1903 Asello

427 1933 632 1972 Africanus
651 1933 850 1985 objicienti
871 1932 1034 1970 lustrum
1060 1932 1159 1970 illud
1179 1931 1329 1977 infelix,
1361 1932 1460 1975 Noli,
1497 1931 1639 1983 inquit,
1667 1929 1826 1969 mirari:

427 1999 457 2037 is
477 2000 578 2044 cm'm,
611 1999 674 2052 qui
690 2009 724 2038 te
743 2014 785 2037 ex
801 1999 944 2037 cerariis
963 1998 1101 2042 exemit,
1132 1998 1278 2052 lustrum
1298 1997 1463 2041 condidit,
1485 2006 1520 2035 et
1539 2007 1686 2034 taurum
1706 2010 1827 2034 zmmo-

427 2066 536 2103 hzvz't.
584 2067 710 2103 Tanta
732 2064 891 2116 suspicio
910 2064 976 2108 est,
1008 2073 1051 2100 ut
1077 2063 1260 2116 religione
1290 2063 1491 2100 civitatem
1512 2060 1748 2099 obstrinxisse
1768 2061 1827 2098 vi-

429 2131 562 2169 deatur
583 2131 821 2174 Mummius,
852 2129 956 2182 quod
973 2129 1148 2167 Asellum
1167 2128 1381 2180 ignominia
1401 2128 1545 2165 levarit.

486 2197 655 2235 LXVII.
688 2197 845 2234 Urbana
874 2197 989 2233 etiam
1007 2195 1254 2233 diflimulatio
1273 2195 1338 2239 est,
1375 2208 1466 2232 curn
1495 2194 1566 2231 alia
1586 2194 1769 2232 dicuntur
1787 2206 1829 2232 ac

433 2263 593 2308 sentias;
618 2276 693 2300 non
709 2263 776 2300 illo
793 2275 940 2314 genere,
962 2262 1007 2299 de
1027 2276 1106 2314 quo
1126 2271 1211 2300 ante
1228 2261 1323 2305 dixi,
1347 2275 1439 2298 cum
1454 2261 1641 2298 contraria
1654 2261 1769 2305 dicas,
1790 2269 1833 2298 ut

432 2328 577 2367 Lamia:
598 2328 772 2371 erasnm
804 2327 863 2365 sed
885 2341 977 2365 cum
999 2336 1081 2365 toto
1100 2340 1236 2380 genere
1256 2327 1435 2364 orationis
1457 2326 1577 2363 severe
1598 2326 1718 2370 ludas,
1739 2339 1832 2363 cum

433 2394 542 2432 aliter
577 2394 709 2431 sentias
744 2408 786 2431 ac
815 2393 997 2446 loquare;
1044 2402 1087 2431 ut
1123 2393 1246 2431 noster
1281 2393 1443 2430 Scaevola
1472 2391 1739 2445 Septumuleio
1772 2391 1832 2429 illi

434 2461 655 2513 AnagninO,
687 2460 749 2498 cui
770 2473 839 2512 pro
858 2462 905 2498 C.
929 2459 1099 2498 Gracchi
1119 2460 1243 2512 capite
1263 2468 1339 2497 erat
1358 2472 1493 2497 aurum
1522 2457 1736 2512 repensum,
1768 2471 1830 2496 ro-

432 2529 552 2581 ganti,
586 2536 626 2565 ut
648 2527 682 2566 se
703 2528 742 2565 in
762 2527 891 2566 Asiam
911 2525 1136 2580 praefestum
1166 2526 1335 2574 duceret,
1365 2525 1466 2579 Qid
1493 2525 1563 2565 tibi
1589 2526 1660 2570 vis,
1690 2523 1833 2577 inquit,
