2176 2912
429 223 507 250 210
785 211 899 249 DE
977 207 1486 249 ORATORE

428 303 638 349 audierant,
668 302 915 342 vehementer
944 304 1057 342 essent
1079 303 1268 347 delectati,
1299 301 1518 355 quaerebant
1552 299 1604 338 ab
1620 299 1828 344 Annibale,

429 370 616 422 quidnam
634 370 710 422 ipse
727 370 773 408 de
795 370 862 407 illo
883 369 1118 422 Philosopho
1132 369 1336 421 judicaret.
1360 368 1440 406 Hic
1462 369 1604 406 Poenus
1625 380 1703 404 non
1723 366 1828 418 opti-

428 449 492 473 me
514 436 661 480 Graece‚
685 436 745 473 sed
765 446 892 474 tamen
914 435 1047 480 libere,
1070 434 1294 488 respondisse
1314 433 1447 478 fertur,
1468 433 1613 471 multos
1635 432 1669 470 se
1689 431 1829 469 deliros

429 501 532 539 senes
553 501 646 553 saepe
666 501 795 539 vidiffe
808 520 819 546 3
852 501 913 539 sed
934 502 1001 553 qui
1022 501 1159 552 magis,
1190 514 1307 552 quam
1328 499 1529 544 Phormio,
1558 498 1746 542 deliraret,
1767 497 1828 534 vi-

428 566 520 604 diffe
542 567 753 604 neminem.
797 567 937 618 Neque
960 565 1180 603 mehercule
1201 566 1365 617 injuria:
1398 565 1493 617 quid
1512 564 1618 602 enirn
1638 572 1703 601 aut
1722 576 1828 600 arro-

428 632 595 684 gantius,
627 642 690 669 aut
712 633 910 683 loquacius
942 631 1023 668 fieri
1047 631 1189 682 potuit,
1220 644 1337 681 quam
1362 629 1561 674 Annibali,
1592 629 1660 680 qui
1681 637 1738 666 tot
1758 641 1828 665 an-

426 710 494 735 nos
517 697 562 734 de
589 698 753 750 imperio
774 711 865 734 cum
887 697 1031 749 populo
1054 696 1248 740 Romano,
1275 695 1455 733 omnium
1476 695 1653 746 gentium
1670 694 1829 737 victore,

427 763 609 807 certasset,
642 764 825 801 Graecum
859 761 1076 807 hominem,
1106 762 1175 814 qui
1205 775 1405 814 nunquam
1431 760 1595 805 hostem,
1626 773 1827 812 nunquam

427 828 543 866 castra
563 828 724 873 vidisset,
743 842 943 881 nunquam
964 828 1131 880 denique
1147 827 1353 866 minimam
1373 836 1520 880 partem
1541 827 1657 864 ullius
1678 825 1828 879 publici

428 894 599 934 muneris
619 895 809 948 attigisset,
828 904 1013 947 praecepta
1032 894 1079 932 de
1100 908 1137 931 re
1157 894 1316 931 militari
1336 893 1449 931 dare?
1481 894 1572 931 Hoc
1588 891 1688 930 mihi
1703 891 1827 929 facere

427 973 563 999 omnes
583 961 657 1006 isti,
674 962 743 1014 qui
763 962 810 999 de
829 971 906 999 arte
926 961 1078 999 dicendi
1098 960 1340 1013 praecipiunt,
1357 960 1548 998 videntur.
1581 959 1699 1010 Qod
1719 958 1826 996 enim

426 1026 496 1078 ipfi
525 1028 673 1081 experti
694 1042 772 1066 non
792 1028 892 1073 sunt,
924 1028 962 1065 id
982 1028 1121 1066 docent
1141 1036 1310 1065 caeteros.
1343 1026 1415 1064 Sed
1434 1025 1508 1064 hoc
1529 1025 1659 1063 minus
1676 1023 1827 1063 fortaffe

426 1102 566 1138 errant,
597 1094 700 1146 quod
721 1108 798 1133 non
818 1103 869 1139 te,
902 1103 944 1132 ut
964 1094 1028 1131 ille
1048 1094 1300 1138 Annibalem,
1331 1092 1394 1130 sed
1416 1104 1569 1145 puerOS,
1594 1100 1659 1128 aut
1678 1090 1824 1128 adoles-

426 1159 615 1204 centulos,
646 1160 781 1198 docere
799 1169 1001 1198 conantur.

481 1225 594 1263 XIX.
627 1227 756 1271 Erras,
777 1227 928 1271 Catule,
950 1227 1078 1278 inquit
1097 1225 1317 1263 Antonius:
1338 1237 1427 1262 nam
1444 1231 1598 1276 egomet
1618 1222 1662 1260 in·
1679 1222 1826 1261 multos

420 1290 503 1341 jam
524 1290 778 1329 Phormiones
800 1292 933 1328 incidi.
980 1291 1080 1342 Qis
1100 1290 1205 1328 enim
1225 1290 1276 1328 est
1296 1289 1456 1328 istorum
1483 1289 1724 1332 Graecorum,
1756 1287 1824 1339 qui

425 1369 645 1408 quenquam
677 1357 848 1394 nostrum
869 1357 1083 1409 quidquam
1115 1356 1329 1408 intelligere
1357 1355 1590 1394 arbitretur?
1636 1356 1694 1391 Ac
1722 1352 1824 1390 mihi

423 1422 583 1473 quidem
604 1436 682 1460 non
703 1424 755 1460 ita
775 1423 925 1461 molesti
944 1423 1031 1460 sunt
1046 1441 1058 1467 ;
1089 1422 1201 1460 facile
1227 1436 1361 1460 omnes
1382 1421 1572 1475 perpetior
1594 1429 1631 1458 et
1657 1418 1820 1472 perfero.

425 1489 532 1526 Nam
547 1497 612 1525 aut
627 1487 773 1539 aliquid
789 1487 966 1533 afferunt,
985 1489 1089 1539 quod
1103 1486 1202 1525 mihi
1220 1502 1297 1525 non
1313 1487 1508 1540 displiceat
1521 1504 1532 1530 ς
1556 1494 1620 1523 aut
1632 1485 1821 1529 efficiunt,

425 1562 467 1590 ut
487 1567 550 1591 me
569 1566 645 1590 non
666 1553 834 1591 didiciffe
854 1553 983 1591 minus
1003 1553 1202 1604 poeniteat.
1233 1553 1405 1590 Dimitto
1425 1561 1554 1589 autem
1567 1564 1629 1589 eos
1648 1564 1725 1587 non
1744 1559 1822 1588 tam

425 1618 715 1664 contumeliose,
748 1632 864 1671 quam
896 1617 1177 1671 Philosophum
1207 1618 1321 1656 illum
1353 1617 1537 1661 Annibal,
1579 1626 1617 1654 et
1655 1630 1700 1653 eo
1738 1615 1821 1653 for—

424 1684 510 1722 taffe
529 1685 616 1738 plus
646 1683 771 1723 habeo
800 1685 917 1723 etiam
936 1685 1106 1737 negotii:
1139 1684 1200 1721 sed
1234 1693 1361 1722 tamen
1382 1684 1434 1721 est
1467 1696 1603 1720 eorum
1634 1682 1819 1726 doctrina,

423 1760 613 1802 quantum
632 1764 702 1804 ego
715 1751 887 1803 judicare
907 1750 1071 1804 poffum,
1102 1750 1342 1802 perridicula.
1404 1749 1597 1787 Dividunt
1616 1749 1722 1786 enim
1757 1756 1819 1785 to-

423 1826 502 1854 tam
522 1830 604 1854 rem
623 1818 663 1854 in
684 1817 774 1856 duas
793 1826 931 1870 partes,
952 1818 991 1854 in
1009 1816 1124 1854 causae
1142 1817 1449 1860 controverslam‚
1467 1824 1505 1853 et
1525 1815 1565 1853 in
1586 1814 1817 1867 quaestionis.

423 1883 575 1936 Cazgsc'tm
594 1883 799 1936 appellant,
830 1897 913 1921 rem
946 1883 1107 1936 politam
1128 1883 1167 1920 in
1199 1883 1470 1935 disceptatione
1501 1895 1628 1919 rerum
1654 1889 1691 1918 et
1722 1893 1818 1917 con-

422 1938 618 1987 troversla:
652 1950 877 2002 Qaestionem
900 1959 1043 1994 autem,
1075 1963 1156 1987 rem
1177 1949 1337 2001 posltam
1370 1949 1408 1985 in
1435 1947 1587 1984 infinita
1606 1946 1818 1983 dubitatio-

420 2028 481 2053 ne.
533 2016 594 2053 De
614 2016 721 2054 causa
752 2026 938 2069 praecepta
958 2017 1072 2053 dant:
1104 2016 1149 2052 de
1179 2015 1294 2052 altera
1312 2023 1416 2066 parte
1434 2013 1587 2050 dicendi
1607 2012 1750 2049 mirum
1769 2011 1816 2048 fi-

420 2080 585 2118 lentium
605 2082 670 2119 est.
703 2082 882 2133 Denique
902 2082 1074 2133 quinque
1091 2079 1238 2117 faciunt
1258 2079 1360 2131 quasi
1382 2078 1556 2116 membra
1574 2077 1816 2128 eloquentiao,

420 2147 589 2184 invenire
609 2148 703 2199 quid
723 2148 838 2191 dicas,
866 2148 1020 2185 inventa
1038 2145 1247 2198 disponere,
1270 2144 1404 2182 deinde
1424 2157 1554 2181 ornare
1574 2142 1713 2187 verbis,
1734 2143 1817 2196 post

420 2214 616 2251 memoriae
647 2214 840 2258 mandare,
882 2222 967 2250 tum
998 2212 1043 2249 ad
1073 2221 1289 2250 extremum
1316 2224 1438 2263 agere,
1468 2224 1509 2248 ac
1540 2197 1813 2262 pronuntiare:

420 2294 502 2318 rem
523 2281 605 2318 sane
626 2293 702 2318 non
726 2279 974 2318 reconditam.
1021 2279 1121 2330 Qis
1148 2278 1253 2315 enim
1274 2276 1347 2315 hoc
1376 2291 1453 2314 non
1474 2276 1536 2314 sua
1556 2276 1688 2328 sponte
1709 2275 1816 2312 vide—

419 2348 482 2391 rit,
517 2346 713 2383 neminem
735 2345 835 2398 poffe
866 2354 951 2397 apte
972 2346 1109 2388 dicere,
1142 2343 1209 2381 nifi
1229 2352 1266 2381 et
1298 2343 1392 2395 quid
1422 2343 1577 2386 diceret,
1607 2350 1645 2379 et
1674 2340 1814 2392 quibus

418 2413 556 2457 verbis,
588 2421 625 2449 et
644 2426 723 2464 quo
742 2412 874 2449 ordine
894 2411 1049 2455 diceret,
1071 2409 1240 2454 haberet,
1271 2417 1308 2446 et
1333 2422 1375 2446 ea
1394 2407 1652 2446 meminisset?
1684 2407 1816 2458 Atque

419 2478 500 2517 haec
534 2492 606 2530 ego
632 2492 708 2515 non
734 2476 993 2530 reprehendo;
1026 2476 1086 2514 sed
1115 2484 1201 2513 ante
1231 2475 1363 2513 oculos
1387 2474 1505 2527 posita
1533 2472 1604 2511 effe
1639 2472 1740 2516 dico,
1772 2479 1815 2508 ut

417 2559 476 2583 eas
511 2545 607 2584 item
639 2553 816 2597 quatuor,
857 2543 1044 2596 quinque,
1088 2541 1196 2580 sexve
1230 2549 1367 2595 partes,
1411 2540 1469 2580 vel
1503 2540 1620 2578 etiam
1653 2537 1811 2591 septem,
