2176 2912
477 182 797 223 LIBER
874 182 1450 225 SECUNDUS.
1591 203 1664 243 103

261 277 396 321 nenda,
418 275 757 313 demonstrandum
778 274 843 319 est,
869 284 1060 327 quantum
1072 276 1280 314 voluntatis
1301 286 1338 314 et
1356 278 1469 316 studii
1488 278 1604 318 fuerit
1623 281 1665 319 in

259 342 364 396 ipso;
396 351 434 379 et
453 341 493 379 id
513 341 627 393 signis
648 340 959 379 confirmandum
975 341 1213 394 hujusmodi,
1230 356 1277 381 ex
1296 353 1430 382 caetera
1449 345 1664 398 diligentia,

258 422 305 446 ex
325 417 410 445 ante
429 406 552 452 factis,
571 417 637 445 aut
656 408 767 445 dietis
780 426 792 452 ς
815 416 930 460 atque
948 406 1025 446 hoc
1044 408 1113 461 ipfi
1133 409 1228 446 utile
1242 408 1351 447 fuiffe
1371 409 1507 456 facere,
1529 412 1667 450 inutile

257 483 386 512 autem
407 487 485 511 non
505 472 627 511 facere
639 492 650 518 ς
683 483 720 511 et
739 488 832 512 cum
852 483 985 512 caetera
1003 475 1081 512 vita
1100 475 1222 528 magis
1242 474 1318 513 hoc
1338 475 1447 515 fuiffe
1465 478 1664 517 consenta-

257 553 388 585 neum,
419 554 537 592 quam
556 539 661 592 quod
680 549 837 593 propter
855 540 1007 578 alterius
1028 541 1184 594 culpam
1205 555 1282 580 non
1301 541 1450 582 fecerit.

302 608 434 645 XXX.
458 607 523 645 Sin
540 616 670 645 autem
690 621 768 645 non
789 608 830 645 in
849 606 1053 646 hominem
1074 617 1238 653 certum,
1257 608 1319 647 sed
1338 609 1379 647 in
1398 623 1481 648 rem
1495 609 1665 663 aliquam

256 673 363 711 causa
383 673 659 718 dimovebitur,
681 683 725 711 ut
740 674 780 711 in
801 672 873 711 hac
893 674 1024 711 eadem
1045 687 1098 718 re,
1129 675 1155 712 fi
1170 675 1345 727 Qaestor
1363 686 1540 714 mortuus
1561 677 1661 722 effet,

256 748 293 776 et
324 739 469 777 idcirco
500 738 633 791 legatis
657 739 820 791 pecunia
851 739 935 777 data
959 753 1037 777 non
1063 740 1165 785 esset,
1196 741 1431 780 accusatione
1451 743 1604 780 alterius
1625 753 1663 781 et

256 805 378 858 culpae
394 805 612 858 depulsione
629 805 798 857 dempta,
830 806 973 843 caeteris
1001 806 1175 845 similiter
1195 809 1252 846 uti
1273 808 1368 846 locis
1388 809 1594 862 oportebit,
1625 819 1665 847 et

255 885 303 908 ex
333 871 579 909 conceffionis
607 871 794 923 partibus,
826 885 910 924 quae
931 873 1174 918 convenient,
1202 873 1410 913 assumere:
1443 875 1489 914 de
1520 877 1661 928 quibus

253 936 338 989 post
358 937 469 975 nobis
490 936 699 975 dicendum
720 938 806 975 erit.

252 1028 259 1032 -
309 1003 408 1041 Loci
439 1012 567 1041 autem
588 1017 830 1049 communeS‚
864 1004 983 1043 iidem
1004 1005 1172 1058 utrisque
1192 1005 1284 1052 fere,
1320 1007 1389 1060 qui
1407 1007 1662 1060 superioribus

254 1068 507 1121 affumptivis,
536 1070 723 1108 incident.
759 1071 817 1108 Hi
839 1080 967 1109 tamen
983 1072 1206 1111 certissimi:
1230 1074 1466 1119 accusatoris,
1488 1073 1578 1112 faeti
1598 1074 1660 1111 in-

255 1134 449 1187 dignati03
482 1135 700 1181 defensoris,
732 1150 825 1175 cum
844 1137 885 1174 in
905 1137 981 1175 alio
1001 1138 1116 1191 culpa
1134 1138 1193 1184 s1t,
1223 1139 1264 1177 in
1285 1140 1366 1192 ipso
1385 1154 1463 1178 non
1484 1140 1543 1186 fit,
1571 1140 1662 1192 sup-

254 1200 373 1253 plicio
393 1214 499 1239 reum
517 1201 617 1239 affici
638 1215 715 1240 non
732 1211 919 1255 oportere.
953 1204 1071 1256 Ipsius
1087 1214 1218 1243 autem
1238 1207 1292 1243 rei
1308 1206 1352 1244 fit
1367 1206 1545 1251 remotio,
1568 1220 1661 1244 cum

253 1266 307 1311 id,
343 1267 447 1318 quod
467 1267 577 1305 datur
607 1268 777 1312 crimini,
809 1278 923 1321 negat
953 1283 1076 1321 neque
1103 1271 1150 1308 ad
1183 1270 1232 1316 se,
1264 1285 1387 1324 neque
1413 1272 1459 1310 ad
1483 1273 1660 1310 officium

254 1331 367 1369 suum
387 1345 471 1369 reus
492 1332 711 1385 pertinuisse
725 1352 741 1378 ⁵
770 1347 852 1378 nec,
876 1334 901 1372 fi
921 1335 1026 1386 quod
1046 1335 1085 1373 in
1109 1348 1153 1373 eo
1174 1335 1219 1373 fit
1237 1336 1437 1381 deliffitum,
1459 1337 1529 1375 fibi
1549 1337 1659 1375 attri-

254 1396 322 1436 bui
342 1407 529 1450 oportere.
568 1399 613 1437 Id
633 1413 752 1451 genus
769 1400 886 1438 causae
905 1400 958 1438 est
977 1399 1044 1452 huj
1053 1401 1199 1440 usinodi
1212 1421 1225 1447 5
1257 1403 1303 1440 In
1323 1416 1367 1441 eo
1382 1402 1538 1447 foedere,
1554 1403 1659 1454 quod

251 1462 398 1501 fastum
414 1463 466 1501 est
486 1465 682 1516 quondam
709 1479 801 1502 cum
822 1465 1073 1510 Samnitibus,
1102 1466 1261 1518 quidam
1282 1467 1495 1505 adolescens
1516 1469 1657 1506 nobilis

252 1542 408 1581 porcam
428 1529 604 1568 sustinuit
616 1530 719 1582 juffu
739 1531 994 1583 imperatoris.
1045 1532 1206 1570 Foedere
1221 1542 1350 1571 autem
1370 1534 1416 1571 ab
1436 1533 1565 1571 senatu
1579 1535 1657 1572 im-

252 1596 427 1648 probato,
449 1606 487 1634 et
513 1596 741 1649 imperatore
763 1597 999 1636 Samnitibus
1013 1597 1156 1643 dedito,
1179 1599 1338 1651 quidam
1362 1600 1401 1637 in
1418 1600 1545 1638 senatu
1566 1615 1657 1638 eum

251 1675 405 1715 quoque
425 1663 533 1708 dicit,
565 1664 634 1716 qui
653 1677 810 1717 porcam
841 1665 1017 1709 tenuerit,
1040 1664 1127 1702 dedi
1148 1675 1333 1718 oportere.
1394 1667 1565 1705 Intentio
1588 1667 1654 1712 est,

253 1728 355 1765 Dedi
375 1738 538 1781 oportet.
598 1729 869 1782 Depulsioest,
893 1731 985 1768 Non
1017 1740 1181 1783 oportet.
1243 1732 1412 1784 Qaestio
1432 1733 1498 1778 est,
1523 1734 1654 1785 Opor-

253 1801 377 1831 teatne
396 1795 408 1831 ?
441 1796 557 1833 Ratio
577 1795 642 1839 est,
675 1797 769 1834 Non
790 1796 895 1833 enim
917 1810 1049 1833 meum
1070 1796 1145 1835 fuit
1163 1798 1352 1843 officium,
1384 1812 1453 1836 nec
1474 1812 1559 1836 mea
1580 1812 1654 1851 po-

250 1858 372 1903 testas,
403 1873 495 1897 cum
521 1869 558 1898 et
576 1860 616 1897 id
644 1862 776 1905 aetatis‚
798 1870 835 1898 et
856 1861 1024 1913 privatus
1051 1862 1177 1906 essem,
1201 1872 1238 1900 et
1258 1863 1346 1902 esset
1376 1864 1527 1902 summa
1558 1878 1654 1903 cum

251 1925 473 1963 auctoritate
493 1934 530 1963 et
549 1925 732 1978 potestate
751 1927 971 1978 imperator,
1003 1927 1070 1979 qui
1100 1928 1254 1972 videret,
1278 1939 1320 1966 ut
1340 1929 1424 1967 satis
1445 1929 1653 1968 honesturn

250 1989 375 2029 foedus
393 1991 582 2030 ferIretur.
615 1991 831 2030 Infirmatio
851 1992 917 2037 est,
940 1995 1124 2030 Attamen
1145 1995 1330 2046 quoniam
1353 2004 1393 2032 tu
1409 1997 1596 2048 particeps
1614 2009 1652 2034 es

251 2057 290 2094 in
312 2058 527 2111 turpiffimo
547 2057 689 2096 foedere
715 2059 876 2096 sumrnae
896 2059 1105 2111 religionis,
1128 2060 1215 2098 dedi
1237 2070 1272 2098 te
1292 2063 1484 2100 convenit.
1536 2063 1653 2113 Judi—

250 2123 350 2160 catio
370 2123 435 2168 est,
459 2125 563 2162 Cum
585 2124 629 2168 is,
662 2125 729 2176 qui
750 2125 943 2176 potestatis
962 2124 1060 2162 nihil
1082 2124 1271 2171 habuerit,
1288 2127 1371 2178 juff
1369 2141 1390 2164 u
1411 2128 1651 2180 imperatoris

250 2189 291 2226 in
310 2188 453 2228 foedere
482 2199 521 2228 et
550 2191 591 2228 in
613 2199 713 2228 tanta
734 2191 916 2243 religione
943 2191 1172 2237 interfuerit,
1203 2193 1446 2230 dedendusne
1466 2195 1510 2231 fit
1530 2193 1651 2232 hosti-

251 2253 339 2299 bus,
369 2268 499 2293 necne.
559 2256 650 2293 Hoc
670 2269 789 2308 genus
811 2256 927 2293 causae
953 2270 973 2293 a
993 2257 1182 2309 superiore
1203 2257 1277 2295 hoc
1303 2257 1443 2303 differt,
1476 2259 1581 2311 quod
1609 2260 1649 2296 in

251 2318 319 2356 illo
339 2320 515 2358 concedit
536 2320 569 2358 se
590 2334 673 2358 reus
695 2322 897 2373 oportuisse
917 2321 1039 2359 facere
1060 2323 1112 2367 id,
1145 2323 1248 2375 quod
1275 2323 1357 2361 fieri
1377 2325 1478 2362 djcat
1498 2324 1649 2362 accusa—

253 2394 310 2422 tor
337 2386 558 2437 oportuisse,
586 2387 645 2424 sed
667 2388 781 2425 alicui
813 2389 878 2432 rei,
910 2398 974 2425 aut
1000 2387 1152 2427 homini
1184 2390 1332 2427 causam
1353 2391 1542 2435 attribuit,
1567 2403 1650 2442 quae

251 2450 437 2489 voluntati
454 2452 525 2490 suae
543 2451 657 2490 fuerit
674 2454 956 2507 impedimento
974 2455 1048 2492 sine
1069 2456 1315 2493 conceffionis
1333 2458 1516 2507 partibus.
1542 2457 1649 2494 Nam

250 2529 381 2555 earum
402 2518 523 2570 major
542 2519 715 2570 quaedam
737 2520 792 2558 vis
814 2520 889 2565 est5
923 2520 1025 2572 quod
1044 2521 1157 2573 paulo
1177 2521 1259 2573 post
1279 2522 1528 2574 intelligetur„
