2176 2912
590 176 1549 218 LIBERSECUNDUS.
1693 195 1770 235 273

367 268 525 322 majoris
541 269 674 322 copiae,
706 269 752 306 de
772 269 912 321 quibus
934 282 1050 308 nemo
1069 268 1147 307 fere
1167 270 1400 323 praeciperet,
1415 281 1453 309 et
1473 273 1577 324 quod
1597 286 1665 311 nos
1686 275 1769 312 lau-

370 335 589 373 dationibus
610 349 687 373 non
715 336 767 373 ita
787 335 959 374 multum
988 336 1045 373 uti
1065 335 1285 380 soleremus,
1317 345 1445 374 totum
1474 337 1579 376 hunc
1601 339 1771 393 segrega—

371 401 459 439 bam
483 401 630 439 locum.
674 401 747 453 Ipfi
769 401 875 439 enim
888 402 1016 439 Graeci
1034 401 1209 454 legendi5
1242 402 1311 454 qui
1324 403 1446 455 magis
1465 412 1530 441 aut
1549 404 1771 443 delcetatio-

369 465 444 510 nis,
475 475 540 504 aut
559 465 731 504 hominis
752 467 913 519 alicujus
935 468 1108 512 ornandi,
1146 481 1263 520 quam
1285 468 1462 506 utilitatis
1483 468 1599 520 hujus
1616 468 1771 508 forensis

368 531 490 576 causa,
522 532 756 570 laudationes
787 532 1095 585 scriptitaverunt
1113 548 1121 571 :
1168 547 1336 585 quorum
1368 533 1455 572 sunt
1481 534 1585 579 libri,
1631 535 1771 586 quibus

368 596 668 643 Themistocles,
713 599 911 644 Aristides,
957 600 1168 652 Agesilaus,
1206 600 1508 653 Epaminondas,
1552 600 1772 653 Philippus,

370 664 603 709 Alexander,
618 665 759 717 aliique
779 665 995 704 laudantur.
1028 666 1177 704 Nostrae
1198 666 1447 711 laudationes,
1470 667 1612 718 quibus
1633 667 1673 704 in
1689 666 1774 705 foro

369 731 531 775 utimur,
563 741 628 769 aut
658 731 867 770 testimonii
899 732 1125 770 brevitatem
1144 731 1288 771 habent
1319 732 1462 770 nudam
1483 741 1598 785 atque
1616 733 1773 771 inorna-

368 805 464 842 tam,
496 806 561 835 aut
591 797 810 835 scribuntur
839 798 885 835 ad
905 796 1109 836 funebrem
1140 799 1385 843 concionem,
1418 813 1504 851 quae
1525 799 1571 837 ad
1590 799 1773 838 orationis

368 863 524 902 laudem
545 863 710 901 minime
726 858 1017 902 accommodata
1031 864 1097 901 est.
1130 864 1202 902 Sed
1222 874 1365 910 tamen,
1380 865 1565 916 quoniam
1585 865 1638 904 est
1659 875 1773 904 uten-

368 929 466 967 dum
486 929 705 982 aliquandO,
737 943 1019 982 nonnunquam
1049 930 1166 968 etiam
1194 929 1453 976 scribendum,
1474 931 1580 969 velut
1608 932 1773 984 QTu-

370 996 503 1035 beroni
524 995 756 1035 Africanum
776 997 1013 1035 avunculum
1034 996 1205 1035 laudanti
1227 997 1372 1050 scripfit
1392 999 1440 1036 C.
1463 997 1620 1042 Laelius,
1651 997 1711 1035 vel
1732 1007 1775 1036 ut

369 1062 604 1115 nosmetipsi,
621 1063 782 1101 ornandi
794 1063 916 1108 causa,
935 1064 1164 1102 Graecorum
1184 1077 1306 1109 more,
1323 1064 1350 1102 fi
1370 1077 1466 1117 quos
1486 1064 1666 1109 velimus,
1687 1063 1772 1103 lau·-

370 1129 458 1167 dare
479 1129 661 1182 poffimus
675 1147 687 1174 3
720 1129 764 1167 fit
784 1144 805 1167 a
824 1130 934 1168 nobis
956 1144 1112 1183 quoque
1133 1133 1310 1170 traetatus
1331 1131 1363 1169 is
1383 1131 1505 1170 locus.

427 1195 680 1249 Perspicuum
713 1196 765 1234 est
784 1196 916 1248 igitur,
947 1197 1019 1234 alia
1038 1197 1108 1235 effe
1133 1197 1174 1236 in
1208 1196 1369 1236 homine
1386 1198 1567 1251 optanda,
1599 1197 1671 1236 alia
1689 1197 1774 1236 lau-

372 1261 507 1300 danda.
560 1263 708 1306 Genus,
739 1260 876 1307 forma,
907 1262 1018 1308 vires,
1040 1275 1144 1315 opeS,
1173 1263 1329 1307 divitiae,
1357 1273 1565 1315 caeteraque
1588 1277 1672 1315 quae
1691 1261 1774 1300 for-

370 1336 465 1366 tuna
484 1328 562 1373 det,
593 1337 657 1365 aut
677 1328 924 1373 extrinsecus,
955 1337 1020 1367 aut
1051 1329 1215 1382 corpori,
1247 1343 1325 1367 non
1355 1328 1499 1367 habent
1530 1329 1571 1367 in
1590 1329 1626 1366 se
1646 1342 1775 1367 veram

371 1393 551 1438 1audem3
585 1407 668 1445 quae
689 1393 818 1431 deberi
849 1394 983 1432 virtuti
1004 1394 1069 1431 uni
1100 1403 1282 1447 putatur;
1316 1394 1377 1432 sed
1398 1403 1527 1432 tamen
1557 1394 1662 1446 quod
1697 1394 1776 1446 ipsa

371 1459 490 1498 virtus
512 1460 552 1498 in
564 1473 695 1498 earum
715 1473 844 1498 rerum
865 1459 933 1498 usu
946 1473 988 1498 ac
1007 1460 1269 1498 moderatione
1287 1460 1457 1498 maxime
1477 1460 1658 1504 cernitur,
1674 1468 1775 1497 trac-

371 1526 485 1564 tanda
514 1527 629 1564 etiam
651 1526 691 1564 in
713 1525 996 1564 laudationibus
1016 1525 1099 1564 haec
1119 1525 1206 1564 sunt
1232 1534 1373 1564 naturae
1393 1535 1431 1564 et
1462 1525 1626 1564 fortunae
1646 1526 1771 1564 bona:

371 1592 412 1630 in
433 1593 573 1645 quibus
594 1592 646 1630 est
665 1592 816 1630 summa
835 1593 930 1637 laus,
948 1606 1025 1631 non
1046 1592 1219 1632 extuliffe
1239 1593 1275 1630 se
1295 1594 1335 1630 in
1355 1592 1551 1645 potestate,
1569 1607 1647 1631 non
1666 1591 1778 1630 fuisse

372 1659 601 1697 insolentem
614 1659 653 1697 in
671 1660 847 1711 pecunia,
862 1672 939 1697 non
955 1658 990 1696 se
1010 1658 1212 1711 praetuliffe
1228 1659 1310 1697 aliis
1324 1669 1479 1711 propter
1499 1658 1775 1696 abundantiam

373 1723 560 1769 fortunae3
593 1734 635 1762 ut
655 1738 744 1777 opes
763 1735 800 1762 et
819 1725 938 1776 copiae
957 1738 1033 1762 non
1048 1724 1230 1776 superbiae
1250 1725 1450 1763 videantur
1466 1738 1507 1762 ac
1528 1724 1697 1769 libidini,
1713 1723 1776 1761 sed

374 1791 537 1829 bonitati
557 1804 599 1828 ac
619 1791 887 1834 moderationi,
909 1790 1132 1828 facultatem
1152 1801 1190 1828 et
1210 1792 1408 1830 materiam
1429 1791 1579 1829 dedisse.

430 1857 562 1894 Virtus
584 1866 727 1901 autem,
750 1870 834 1908 quae
853 1856 905 1894 est
926 1870 992 1908 per
1011 1855 1046 1893 se
1067 1857 1144 1909 ipsa
1164 1857 1380 1902 laudabilis,
1411 1866 1450 1895 et
1483 1857 1559 1895 fine
1579 1871 1654 1909 qua
1675 1856 1775 1894 nihil

373 1924 516 1962 laudari
547 1924 683 1976 potest,
717 1933 843 1961 tamen
870 1923 985 1961 habet
1019 1923 1146 1975 plures
1180 1934 1317 1976 partes,
1349 1937 1513 1975 quarum
1534 1924 1605 1961 alia
1624 1923 1677 1960 est
1703 1923 1775 1960 alia

374 1990 420 2028 ad
440 1990 700 2028 laudationem
731 1990 867 2042 aptior.
928 1991 1024 2027 Sunt
1047 1989 1152 2027 enim
1177 1989 1257 2026 aliae
1290 1990 1462 2032 virtutes,
1494 2003 1578 2040 quae
1597 1989 1776 2026 videntur

375 2057 414 2095 in
436 2057 609 2095 moribus
630 2056 854 2101 hominum,
886 2066 923 2093 et
944 2056 1109 2108 quadam
1130 2057 1312 2093 comitate
1332 2070 1373 2093 ac
1399 2055 1681 2100 beneficientia,
1703 2069 1774 2108 po—

376 2122 474 2160 sltae:
496 2123 590 2166 aliae,
613 2136 697 2174 quae
718 2122 759 2159 in
780 2122 926 2174 ingenii
946 2122 1073 2173 aliqua
1088 2120 1280 2166 facultate,
1292 2131 1355 2159 aut
1372 2121 1490 2158 animi
1509 2121 1777 2173 magnitudine

375 2201 417 2226 ac
439 2189 586 2226 robore.
637 2189 742 2226 Nam
762 2188 1155 2240 clementia‚justitia,
1185 2188 1415 2240 benignitas,
1447 2187 1554 2232 fides,
1587 2186 1776 2225 fortitudo

375 2254 416 2290 in
448 2253 627 2305 periculis
662 2254 954 2299 communibus,
980 2254 1154 2305 jucunda
1173 2254 1225 2291 est
1251 2253 1382 2291 auditu
1414 2253 1454 2290 in
1476 2253 1773 2290 laudationibus.

378 2321 528 2357 Omnes
559 2320 664 2357 enim
698 2318 756 2357 hae
777 2321 934 2358 virtutes
965 2334 1043 2358 non
1073 2330 1151 2358 tam
1183 2320 1284 2372 ipsis,
1322 2320 1389 2372 qui
1416 2320 1535 2357 casin
1556 2319 1591 2356 se
1618 2318 1774 2361 habent,

377 2398 495 2437 quam
515 2385 644 2437 generi
665 2383 886 2431 hominum,
917 2385 1116 2424 frucstuosae
1136 2396 1331 2438 putantur.
1383 2385 1572 2437 Sapientia
1597 2394 1635 2421 et
1665 2397 1774 2434 mag-

377 2451 515 2490 nitudo
552 2451 686 2495 animi,
730 2465 804 2503 qua
841 2466 973 2490 omnes
1013 2466 1068 2490 res
1107 2451 1285 2489 humanae
1324 2460 1454 2489 tenues
1488 2459 1526 2488 et
1561 2463 1628 2502 pro
1654 2447 1776 2485 nihilo

376 2527 560 2571 putantur
575 2536 587 2562 ;
609 2526 647 2555 et
668 2517 709 2555 in
725 2518 976 2571 excogitando
995 2519 1052 2558 vis
1066 2518 1240 2570 quaedam
1261 2517 1421 2569 ingenii,
1441 2526 1478 2555 et
1494 2515 1572 2568 ipsa
1591 2515 1774 2566 eloquen-

431 2584 566 2623 ToM.
599 2584 632 2623 Ι.
1314 2582 1424 2621 Mm
