2176 2912
614 147 935 187 LIBER
1011 147 1588 189 SECUNDUS.
1735 165 1807 192 211

406 241 610 293 (quoniam
631 240 739 278 aliter
759 240 806 277 ab
826 239 909 277 aliis
930 238 1173 291 digeruntur)
1194 240 1231 278 in
1251 255 1344 292 quas
1365 241 1418 279 est
1434 242 1479 278 ab
1502 241 1561 280 his
1580 244 1708 281 omnis
1725 257 1810 281 ora-

405 308 461 345 tio
480 307 693 344 distributa.
740 306 888 356 Jubent
907 305 1013 343 enim
1035 306 1268 351 exordiriita,
1291 316 1333 344 ut
1352 321 1458 352 eum,
1480 309 1548 358 qui
1569 310 1710 353 audiat,
1740 309 1808 347 be-

405 372 586 410 nevolum
607 371 718 410 nobis
739 370 940 415 faciamus,
971 379 1009 408 et
1029 371 1211 415 docilem,
1248 383 1285 410 et
1305 382 1509 410 attentum.
1557 374 1707 411 Deinde
1730 388 1811 413 rem

404 451 563 482 narrare,
594 438 646 475 ita
666 446 708 475 ut
728 437 942 485 verifimilis
962 437 1126 475 narratio
1147 437 1204 482 fit,
1238 447 1280 475 ut
1301 447 1440 490 aperta,
1463 448 1506 476 ut
1528 439 1664 477 brevis.
1724 440 1811 477 Post

404 513 533 541 autem
553 503 720 542 dividere
751 503 917 548 causam,
948 512 1013 540 aut
1033 517 1242 556 proponere
1261 520 1270 542 ;
1303 504 1425 542 nostra
1449 504 1675 542 confirmare
1696 518 1810 556 argu-

404 570 559 614 mentis,
595 584 637 608 ac
668 569 904 613 rationibus;
936 569 1071 607 deinde
1102 571 1290 608 contraria
1324 569 1500 608 refutare.
1543 571 1653 607 Tum
1680 580 1810 608 autem

404 635 468 672 alii
502 635 792 673 conclusionem
824 634 1022 679 orationis,
1063 643 1102 672 et
1136 635 1238 686 quali
1272 636 1553 688 perorationem
1586 636 1779 673 collocant
1798 650 1807 674 ε

404 701 470 738 alii
482 701 637 753 jubent,
672 711 879 753 antequam
899 710 1107 753 peroretur‚
1139 701 1298 739 ornandi
1329 710 1393 739 aut
1418 701 1583 754 augendi
1604 701 1725 746 causa,
1747 701 1808 738 di-

404 767 541 820 gredi:
574 767 710 805 deinde
740 767 981 811 concludere,
1013 780 1054 804 ac
1074 780 1258 819 perorare.
1309 769 1373 806 Ne
1399 767 1480 806 haec
1501 768 1659 820 quidem
1680 781 1808 820 repre-

405 832 557 872 hendo:
579 834 667 871 sunt
678 833 784 871 enim
800 827 989 871 concinne
1008 832 1207 871 distributa
1215 852 1226 878 ς
1250 833 1310 871 sed
1328 844 1469 879 tamen,
1491 835 1529 872 id
1548 834 1651 885 quod
1668 833 1810 872 neceffe

405 898 482 937 fuit
502 898 729 938 hominibus
749 899 969 952 expertibus
990 899 1171 944 veritatis,
1202 913 1279 938 non
1298 902 1430 953 perite.
1465 902 1564 952 Qae
1583 901 1689 938 enim
1712 914 1808 953 prae-

405 974 515 1018 cepta
543 966 838 1019 principiorum,
869 974 908 1004 et
932 966 1193 1004 narrationum
1223 966 1292 1004 effe
1318 967 1536 1011 voluerunt,
1568 979 1610 1004 ea
1643 967 1682 1003 in
1717 966 1808 1004 totis

405 1032 644 1070 orationibus
665 1032 751 1070 sunt
770 1032 1034 1071 conservanda.
1066 1033 1174 1071 Nam
1197 1042 1234 1070 et
1249 1047 1321 1086 ego
1336 1032 1436 1071 mihi
1456 1032 1687 1070 benevolum
1700 1031 1808 1084 judi-

406 1111 493 1136 cem
514 1097 664 1136 facilius
686 1097 807 1137 facere
828 1098 977 1151 poffum
997 1099 1037 1137 in
1066 1098 1178 1136 cursu
1198 1100 1395 1144 orationis,
1427 1113 1545 1151 quam
1564 1113 1657 1136 cum
1680 1099 1811 1137 onmia

408 1163 496 1202 sunt
516 1164 712 1208 inaudita;
744 1164 912 1202 docilem
945 1173 1089 1209 autern,
1120 1179 1198 1203 non
1230 1179 1322 1203 cum
1348 1166 1533 1218 polliceor
1553 1178 1616 1203 me
1646 1164 1810 1203 demon-

409 1229 628 1275 straturum,
651 1230 712 1267 sed
733 1239 948 1275 tun1,.cum
967 1230 1100 1275 doceo,
1123 1240 1159 1268 et
1179 1231 1342 1283 explano
1355 1250 1366 1275 3
1399 1240 1590 1269 attentum
1603 1244 1704 1274 vem,
1726 1243 1809 1268 cre-

409 1296 479 1334 bro
497 1305 577 1334 tota
596 1298 742 1334 actione
762 1297 973 1335 excitandis
991 1297 1188 1335 mentibus
1202 1297 1396 1349 judicum,
1420 1311 1496 1335 non
1515 1298 1639 1350 prima
1659 1297 1809 1334 denun-

408 1362 580 1407 tiatione,
602 1363 751 1400 efficere
772 1362 982 1416 poffumus.

463 1430 551 1480 Jam
572 1444 659 1467 vero
691 1431 945 1468 narrationem
965 1430 1071 1482 quod
1095 1430 1237 1481 jubent
1256 1430 1501 1468 verisimilem
1521 1430 1605 1474 esse,
1634 1439 1672 1467 et
1701 1442 1810 1482 aper-

409 1504 502 1541 tam,
524 1505 561 1533 et
582 1496 751 1540 brevem,
773 1498 869 1534 recte
890 1509 958 1534 nos
979 1495 1200 1533 admonent.
1234 1495 1353 1546 Qod
1373 1495 1454 1533 haec
1481 1496 1705 1533 narrationis
1727 1509 1810 1533 ma-

408 1563 468 1615 gis
498 1571 636 1616 putant
666 1562 736 1601 effe
766 1562 931 1615 propria,
963 1576 1081 1614 quam
1111 1563 1229 1600 totius
1255 1563 1450 1607 orationis,
1482 1562 1590 1600 valde
1617 1561 1717 1600 mihi
1751 1562 1809 1599 vi-

410 1629 548 1667 dentur
568 1642 710 1667 errare:
743 1630 983 1681 omninoque
1009 1630 1049 1666 in
1075 1628 1150 1667 hoc
1177 1629 1305 1667 omnis
1335 1629 1387 1667 est
1407 1643 1522 1674 error,
1555 1629 1659 1681 quod
1680 1628 1811 1666 existi-

412 1704 532 1739 mant,
564 1695 770 1733 artificium
800 1695 870 1733 effe
904 1695 978 1733 hoc
1013 1695 1207 1747 quoddam
1243 1710 1320 1733 non
1348 1695 1526 1734 diffimile
1556 1704 1780 1733 caeterorum
1798 1711 1811 1738 ς

412 1760 627 1812 cujusmodi
658 1761 703 1798 de
724 1761 805 1812 ipso
819 1762 905 1812 jure
925 1761 1031 1798 civili
1053 1760 1226 1799 hesterno
1246 1762 1305 1799 die
1327 1762 1476 1800 Craffus
1497 1761 1680 1814 componi
1711 1760 1814 1813 poffe

411 1826 590 1871 dicebat3
623 1837 664 1864 ut
684 1840 820 1879 genera
840 1840 966 1864 rerum
995 1828 1169 1879 primum
1189 1837 1483 1880 exponerentur,
1515 1829 1554 1866 in
1576 1842 1654 1880 quo
1673 1827 1814 1865 vitium

411 1892 477 1937 est,
509 1893 533 1930 fi
554 1906 674 1945 genus
696 1893 822 1930 ullum
844 1893 1178 1945 praetermittatur:
1212 1894 1348 1931 deinde
1369 1894 1606 1946 singulorum
1625 1907 1814 1946 generum

412 1968 533 2011 partes
550 1978 562 2004 3
594 1960 634 1997 in
665 1974 744 2011 quo
777 1970 815 1997 et
849 1960 967 1997 deesse
993 1960 1160 2012 aliquam
1182 1969 1343 2012 partem,
1374 1970 1411 1997 et
1432 1960 1616 2012 superare,
1647 1960 1813 1998 mendo-

412 2025 497 2063 sum
518 2025 593 2063 est:
627 2035 711 2063 tum
732 2026 936 2063 verborum
957 2027 1137 2064 omnium
1158 2026 1428 2071 definitiones,
1461 2026 1500 2063 in
1521 2026 1662 2078 quibus
1691 2038 1816 2078 neque

413 2091 532 2130 abeffe
551 2092 764 2144 quidquam
781 2092 902 2137 decet,
934 2105 1055 2144 neque
1072 2092 1292 2131 redundare.

469 2158 560 2195 XX.
584 2158 655 2195 Sed
675 2157 749 2195 hoc
766 2158 790 2195 fi
812 2159 851 2195 in
866 2159 954 2210 jure
967 2159 1085 2203 civili,
1104 2159 1128 2195 fi
1146 2159 1262 2196 etiam
1280 2159 1317 2196 in
1336 2159 1457 2211 parvis
1474 2168 1539 2196 aut
1555 2158 1815 2198 mediocribus

415 2223 541 2267 rebus,
566 2223 751 2262 doctiores
771 2223 911 2276 affequi
928 2224 1104 2277 poffunt3
1135 2238 1211 2262 non
1233 2225 1335 2263 idem
1357 2225 1476 2263 sentio
1498 2235 1600 2262 tanta
1617 2224 1686 2263 hac
1701 2226 1739 2262 in
1761 2237 1814 2268 re,

416 2298 570 2340 tamque
590 2289 788 2334 immensa,
806 2289 907 2342 poffe
928 2290 1023 2328 fieri.
1084 2291 1149 2328 Sin
1170 2300 1299 2329 autem
1320 2292 1388 2343 qui
1408 2292 1660 2335 arbitrantur3
1693 2290 1815 2327 dedu-

415 2354 526 2392 cendi
558 2354 645 2391 sunt
678 2355 724 2392 ad
758 2368 834 2400 eos,
867 2357 934 2408 qui
968 2355 1049 2394 haec
1071 2357 1224 2395 docent.
1287 2358 1432 2395 Omnia
1460 2358 1542 2409 jam
1563 2357 1751 2409 explicata
1779 2363 1817 2392 et

417 2420 603 2473 perpolita
622 2419 874 2472 assequentur.
920 2423 1016 2460 Sunt
1036 2423 1140 2461 enim
1167 2423 1465 2461 innumerabiles
1486 2423 1532 2460 de
1552 2421 1612 2459 his
1634 2422 1744 2459 rebus
1765 2419 1815 2456 li-

418 2487 491 2532 bri,
522 2500 646 2540 neque
677 2487 812 2533 abditi,
842 2501 968 2541 neque
993 2489 1156 2527 obscuri.
1208 2489 1279 2527 Sed
1312 2490 1464 2527 videant
1494 2489 1589 2541 quid
1610 2487 1740 2531 velint,
1771 2487 1816 2525 ad

1107 2560 1145 2599 D
1169 2559 1193 2598 d
1225 2573 1246 2598 2
