<?xml version="1.0" encoding="UTF-8"?>
<!DOCTYPE html PUBLIC "-//W3C//DTD XHTML 1.0 Transitional//EN"
    "http://www.w3.org/TR/xhtml1/DTD/xhtml1-transitional.dtd">
<html xmlns="http://www.w3.org/1999/xhtml" xml:lang="en" lang="en">
 <head>
  <title>
</title>
<meta http-equiv="Content-Type" content="text/html;charset=utf-8" />
  <meta name='ocr-system' content='tesseract 3.04.00' />
  <meta name='ocr-capabilities' content='ocr_page ocr_carea ocr_par ocr_line ocrx_word'/>
</head>
<body>
  <div class='ocr_page' id='page_1' title='image "./operacumindicibu01ciceuoft_0054.png"; bbox 0 0 2176 2912; ppageno 0'>
   <div class='ocr_carea' id='block_1_1' title="bbox 402 250 1500 301">
    <p class='ocr_par' dir='ltr' id='par_1_1' title="bbox 402 250 1500 301">
     <span class='ocr_line' id='line_1_1' title="bbox 402 250 1500 301; baseline 0.001 -13"><span class='ocrx_word' id='word_1_1' title='bbox 402 264 455 301; x_wconf 70' lang='lat'>44</span> <span class='ocrx_word' id='word_1_2' title='bbox 707 250 810 288; x_wconf 92' lang='lat' dir='ltr'>DE</span> <span class='ocrx_word' id='word_1_3' title='bbox 887 250 1500 289; x_wconf 87' lang='lat' dir='ltr'>INVENTIONE</span> 
     </span>
    </p>
   </div>
   <div class='ocr_carea' id='block_1_2' title="bbox 403 337 1826 2483">
    <p class='ocr_par' dir='ltr' id='par_1_2' title="bbox 403 337 1826 652">
     <span class='ocr_line' id='line_1_2' title="bbox 404 337 1802 392; baseline 0.002 -18"><span class='ocrx_word' id='word_1_4' title='bbox 404 337 753 389; x_wconf 84' lang='lat' dir='ltr'>Qemadmodum</span> <span class='ocrx_word' id='word_1_5' title='bbox 781 338 900 390; x_wconf 86' lang='lat' dir='ltr'>igitur</span> <span class='ocrx_word' id='word_1_6' title='bbox 926 337 995 377; x_wconf 85' lang='lat' dir='ltr'>hic</span> <span class='ocrx_word' id='word_1_7' title='bbox 1018 348 1056 376; x_wconf 87' lang='lat' dir='ltr'>et</span> <span class='ocrx_word' id='word_1_8' title='bbox 1082 339 1128 376; x_wconf 89' lang='lat' dir='ltr'>ad</span> <span class='ocrx_word' id='word_1_9' title='bbox 1148 339 1316 391; x_wconf 84' lang='lat' dir='ltr'>primam</span> <span class='ocrx_word' id='word_1_10' title='bbox 1336 352 1532 391; x_wconf 85' lang='lat' dir='ltr'>quamque</span> <span class='ocrx_word' id='word_1_11' title='bbox 1552 347 1700 391; x_wconf 88' lang='lat' dir='ltr'>partem</span> <span class='ocrx_word' id='word_1_12' title='bbox 1720 339 1802 392; x_wconf 83' lang='lat' dir='ltr'>pri-</span> 
     </span>
     <span class='ocr_line' id='line_1_3' title="bbox 406 403 1801 449; baseline 0.002 -9"><span class='ocrx_word' id='word_1_13' title='bbox 406 417 519 441; x_wconf 88' lang='lat' dir='ltr'>mum</span> <span class='ocrx_word' id='word_1_14' title='bbox 539 403 701 447; x_wconf 84' lang='lat' dir='ltr'>acceffit,</span> <span class='ocrx_word' id='word_1_15' title='bbox 723 413 774 447; x_wconf 91' lang='lat' dir='ltr'>et,</span> <span class='ocrx_word' id='word_1_16' title='bbox 797 404 979 442; x_wconf 89' lang='lat' dir='ltr'>omnibus</span> <span class='ocrx_word' id='word_1_17' title='bbox 999 404 1195 449; x_wconf 81' lang='lat' dir='ltr'>absolutis,</span> <span class='ocrx_word' id='word_1_18' title='bbox 1222 405 1342 443; x_wconf 89' lang='lat' dir='ltr'>finem</span> <span class='ocrx_word' id='word_1_19' title='bbox 1359 405 1511 443; x_wconf 91' lang='lat' dir='ltr'>dicendi</span> <span class='ocrx_word' id='word_1_20' title='bbox 1530 403 1637 449; x_wconf 87' lang='lat' dir='ltr'>fecit,</span> <span class='ocrx_word' id='word_1_21' title='bbox 1660 405 1709 442; x_wconf 87' lang='lat' dir='ltr'>fic</span> <span class='ocrx_word' id='word_1_22' title='bbox 1730 419 1801 443; x_wconf 88' lang='lat' dir='ltr'>no-</span> 
     </span>
     <span class='ocr_line' id='line_1_4' title="bbox 405 468 1802 521; baseline 0.001 -16"><span class='ocrx_word' id='word_1_23' title='bbox 405 468 463 506; x_wconf 89' lang='lat' dir='ltr'>bis</span> <span class='ocrx_word' id='word_1_24' title='bbox 490 469 615 520; x_wconf 91' lang='lat' dir='ltr'>placet</span> <span class='ocrx_word' id='word_1_25' title='bbox 641 478 678 505; x_wconf 91' lang='lat' dir='ltr'>et</span> <span class='ocrx_word' id='word_1_26' title='bbox 705 469 750 506; x_wconf 86' lang='lat' dir='ltr'>ad</span> <span class='ocrx_word' id='word_1_27' title='bbox 770 469 932 520; x_wconf 78' lang='lat' dir='ltr'>lingulas</span> <span class='ocrx_word' id='word_1_28' title='bbox 953 479 1076 521; x_wconf 88' lang='lat' dir='ltr'>partes</span> <span class='ocrx_word' id='word_1_29' title='bbox 1102 470 1293 514; x_wconf 82' lang='lat' dir='ltr'>accedere,</span> <span class='ocrx_word' id='word_1_30' title='bbox 1323 479 1374 514; x_wconf 91' lang='lat' dir='ltr'>et,</span> <span class='ocrx_word' id='word_1_31' title='bbox 1402 470 1584 507; x_wconf 84' lang='lat' dir='ltr'>omnibus</span> <span class='ocrx_word' id='word_1_32' title='bbox 1604 470 1802 514; x_wconf 81' lang='lat' dir='ltr'>absolutis,</span> 
     </span>
     <span class='ocr_line' id='line_1_5' title="bbox 403 534 1826 588; baseline 0.001 -17"><span class='ocrx_word' id='word_1_33' title='bbox 403 547 592 586; x_wconf 81' lang='lat' dir='ltr'>perorare.</span> <span class='ocrx_word' id='word_1_34' title='bbox 655 535 777 572; x_wconf 90' lang='lat' dir='ltr'>Nunc</span> <span class='ocrx_word' id='word_1_35' title='bbox 811 534 858 571; x_wconf 88' lang='lat' dir='ltr'>de</span> <span class='ocrx_word' id='word_1_36' title='bbox 886 535 1179 573; x_wconf 88' lang='lat' dir='ltr'>confirmatione</span> <span class='ocrx_word' id='word_1_37' title='bbox 1208 535 1402 588; x_wconf 86' lang='lat' dir='ltr'>deinceps,</span> <span class='ocrx_word' id='word_1_38' title='bbox 1442 536 1495 573; x_wconf 90' lang='lat' dir='ltr'>ita</span> <span class='ocrx_word' id='word_1_39' title='bbox 1526 544 1569 573; x_wconf 93' lang='lat' dir='ltr'>ut</span> <span class='ocrx_word' id='word_1_40' title='bbox 1598 535 1692 573; x_wconf 87' lang='lat' dir='ltr'>ordo</span> <span class='ocrx_word' id='word_1_41' title='bbox 1726 535 1826 587; x_wconf 12' lang='lat' dir='ltr'>ipse,</span> 
     </span>
     <span class='ocr_line' id='line_1_6' title="bbox 405 599 1103 652; baseline 0.003 -16"><span class='ocrx_word' id='word_1_42' title='bbox 405 599 584 652; x_wconf 87' lang='lat' dir='ltr'>postulat,</span> <span class='ocrx_word' id='word_1_43' title='bbox 614 600 918 651; x_wconf 73' lang='lat' dir='ltr'>praecipiendum</span> <span class='ocrx_word' id='word_1_44' title='bbox 939 600 1103 638; x_wconf 88' lang='lat' dir='ltr'>videtur.</span> 
     </span>
    </p>

    <p class='ocr_par' dir='ltr' id='par_1_3' title="bbox 405 664 1811 2092">
     <span class='ocr_line' id='line_1_7' title="bbox 461 664 1804 718; baseline 0.001 -16"><span class='ocrx_word' id='word_1_45' title='bbox 461 665 612 702; x_wconf 91' lang='lat' dir='ltr'>XXIV.</span> <span class='ocrx_word' id='word_1_46' title='bbox 647 664 902 702; x_wconf 88' lang='lat' dir='ltr'>Confirmatio</span> <span class='ocrx_word' id='word_1_47' title='bbox 917 665 982 709; x_wconf 90' lang='lat' dir='ltr'>est,</span> <span class='ocrx_word' id='word_1_48' title='bbox 1005 679 1071 717; x_wconf 91' lang='lat' dir='ltr'>per</span> <span class='ocrx_word' id='word_1_49' title='bbox 1087 679 1204 717; x_wconf 90' lang='lat' dir='ltr'>quarn</span> <span class='ocrx_word' id='word_1_50' title='bbox 1217 666 1521 718; x_wconf 83' lang='lat' dir='ltr'>argumentando</span> <span class='ocrx_word' id='word_1_51' title='bbox 1538 666 1670 704; x_wconf 85' lang='lat' dir='ltr'>nostrae</span> <span class='ocrx_word' id='word_1_52' title='bbox 1686 665 1804 705; x_wconf 83' lang='lat' dir='ltr'>causae</span> 
     </span>
     <span class='ocr_line' id='line_1_8' title="bbox 406 730 1807 782; baseline 0.001 -15"><span class='ocrx_word' id='word_1_53' title='bbox 406 730 524 768; x_wconf 90' lang='lat' dir='ltr'>fidem</span> <span class='ocrx_word' id='word_1_54' title='bbox 551 740 588 767; x_wconf 90' lang='lat' dir='ltr'>et</span> <span class='ocrx_word' id='word_1_55' title='bbox 614 731 879 768; x_wconf 61' lang='lat' dir='ltr'>auctoritatem</span> <span class='ocrx_word' id='word_1_56' title='bbox 905 740 943 767; x_wconf 92' lang='lat' dir='ltr'>et</span> <span class='ocrx_word' id='word_1_57' title='bbox 972 730 1264 768; x_wconf 86' lang='lat' dir='ltr'>firmamentum</span> <span class='ocrx_word' id='word_1_58' title='bbox 1290 732 1466 782; x_wconf 89' lang='lat' dir='ltr'>adjungit</span> <span class='ocrx_word' id='word_1_59' title='bbox 1485 731 1620 769; x_wconf 90' lang='lat' dir='ltr'>oratio.</span> <span class='ocrx_word' id='word_1_60' title='bbox 1671 731 1807 782; x_wconf 87' lang='lat' dir='ltr'>Hujus</span> 
     </span>
     <span class='ocr_line' id='line_1_9' title="bbox 405 795 1804 848; baseline 0.001 -16"><span class='ocrx_word' id='word_1_61' title='bbox 405 797 521 848; x_wconf 88' lang='lat' dir='ltr'>partis</span> <span class='ocrx_word' id='word_1_62' title='bbox 542 804 644 832; x_wconf 90' lang='lat' dir='ltr'>certa</span> <span class='ocrx_word' id='word_1_63' title='bbox 659 795 745 832; x_wconf 90' lang='lat' dir='ltr'>sunt</span> <span class='ocrx_word' id='word_1_64' title='bbox 765 805 967 848; x_wconf 64' lang='lat' dir='ltr'>praecepta,</span> <span class='ocrx_word' id='word_1_65' title='bbox 999 809 1083 848; x_wconf 80' lang='lat' dir='ltr'>quae</span> <span class='ocrx_word' id='word_1_66' title='bbox 1103 797 1144 833; x_wconf 92' lang='lat' dir='ltr'>in</span> <span class='ocrx_word' id='word_1_67' title='bbox 1164 796 1311 848; x_wconf 90' lang='lat' dir='ltr'>fingula</span> <span class='ocrx_word' id='word_1_68' title='bbox 1330 796 1529 834; x_wconf 86' lang='lat' dir='ltr'>causarum</span> <span class='ocrx_word' id='word_1_69' title='bbox 1549 809 1687 848; x_wconf 89' lang='lat' dir='ltr'>genera</span> <span class='ocrx_word' id='word_1_70' title='bbox 1703 796 1804 834; x_wconf 87' lang='lat' dir='ltr'>divi-</span> 
     </span>
     <span class='ocr_line' id='line_1_10' title="bbox 407 861 1805 913; baseline 0.001 -15"><span class='ocrx_word' id='word_1_71' title='bbox 407 861 562 899; x_wconf 79' lang='lat' dir='ltr'>dentur.</span> <span class='ocrx_word' id='word_1_72' title='bbox 607 861 887 899; x_wconf 85' lang='lat' dir='ltr'>Verumtamen</span> <span class='ocrx_word' id='word_1_73' title='bbox 914 875 991 899; x_wconf 91' lang='lat' dir='ltr'>non</span> <span class='ocrx_word' id='word_1_74' title='bbox 1020 862 1319 900; x_wconf 89' lang='lat' dir='ltr'>incommodum</span> <span class='ocrx_word' id='word_1_75' title='bbox 1350 861 1501 899; x_wconf 87' lang='lat' dir='ltr'>videtur</span> <span class='ocrx_word' id='word_1_76' title='bbox 1526 862 1720 913; x_wconf 91' lang='lat' dir='ltr'>quandam</span> <span class='ocrx_word' id='word_1_77' title='bbox 1740 861 1805 899; x_wconf 88' lang='lat' dir='ltr'>fil-</span> 
     </span>
     <span class='ocr_line' id='line_1_11' title="bbox 407 925 1805 979; baseline 0.001 -17"><span class='ocrx_word' id='word_1_78' title='bbox 407 939 495 963; x_wconf 89' lang='lat' dir='ltr'>vam</span> <span class='ocrx_word' id='word_1_79' title='bbox 529 934 644 977; x_wconf 89' lang='lat' dir='ltr'>atque</span> <span class='ocrx_word' id='word_1_80' title='bbox 672 926 872 963; x_wconf 87' lang='lat' dir='ltr'>materiam</span> <span class='ocrx_word' id='word_1_81' title='bbox 903 925 1130 971; x_wconf 88' lang='lat' dir='ltr'>universam,</span> <span class='ocrx_word' id='word_1_82' title='bbox 1163 936 1250 965; x_wconf 86' lang='lat' dir='ltr'>ante</span> <span class='ocrx_word' id='word_1_83' title='bbox 1281 926 1502 979; x_wconf 88' lang='lat' dir='ltr'>permistam</span> <span class='ocrx_word' id='word_1_84' title='bbox 1525 936 1564 964; x_wconf 92' lang='lat' dir='ltr'>et</span> <span class='ocrx_word' id='word_1_85' title='bbox 1588 925 1805 971; x_wconf 87' lang='lat' dir='ltr'>confusam,</span> 
     </span>
     <span class='ocr_line' id='line_1_12' title="bbox 405 991 1806 1044; baseline 0.002 -17"><span class='ocrx_word' id='word_1_86' title='bbox 405 1004 596 1042; x_wconf 85' lang='lat' dir='ltr'>exponere</span> <span class='ocrx_word' id='word_1_87' title='bbox 615 991 796 1028; x_wconf 84' lang='lat' dir='ltr'>omnium</span> <span class='ocrx_word' id='word_1_88' title='bbox 817 992 1200 1043; x_wconf 87' lang='lat' dir='ltr'>argumentationum</span> <span class='ocrx_word' id='word_1_89' title='bbox 1209 1011 1221 1036; x_wconf 59' lang='grc'><em>3</em></span> <span class='ocrx_word' id='word_1_90' title='bbox 1250 992 1333 1044; x_wconf 91' lang='lat' dir='ltr'>post</span> <span class='ocrx_word' id='word_1_91' title='bbox 1352 1002 1483 1030; x_wconf 90' lang='lat' dir='ltr'>autem</span> <span class='ocrx_word' id='word_1_92' title='bbox 1503 992 1648 1029; x_wconf 89' lang='lat' dir='ltr'>tradere</span> <span class='ocrx_word' id='word_1_93' title='bbox 1664 1005 1806 1043; x_wconf 83' lang='lat' dir='ltr'>quern-</span> 
     </span>
     <span class='ocr_line' id='line_1_13' title="bbox 407 1055 1805 1110; baseline 0.002 -18"><span class='ocrx_word' id='word_1_94' title='bbox 407 1055 619 1093; x_wconf 88' lang='lat' dir='ltr'>admodum</span> <span class='ocrx_word' id='word_1_95' title='bbox 641 1056 951 1108; x_wconf 85' lang='lat' dir='ltr'>unumquodque</span> <span class='ocrx_word' id='word_1_96' title='bbox 971 1070 1092 1108; x_wconf 88' lang='lat' dir='ltr'>genus</span> <span class='ocrx_word' id='word_1_97' title='bbox 1112 1057 1244 1102; x_wconf 84' lang='lat' dir='ltr'>causae,</span> <span class='ocrx_word' id='word_1_98' title='bbox 1275 1058 1459 1095; x_wconf 86' lang='lat' dir='ltr'>omnibus</span> <span class='ocrx_word' id='word_1_99' title='bbox 1481 1056 1577 1095; x_wconf 90' lang='lat' dir='ltr'>hinc</span> <span class='ocrx_word' id='word_1_100' title='bbox 1596 1071 1805 1110; x_wconf 84' lang='lat' dir='ltr'>argumen-</span> 
     </span>
     <span class='ocr_line' id='line_1_14' title="bbox 408 1120 1807 1175; baseline 0.003 -19"><span class='ocrx_word' id='word_1_101' title='bbox 408 1120 514 1157; x_wconf 88' lang='lat' dir='ltr'>tandi</span> <span class='ocrx_word' id='word_1_102' title='bbox 534 1120 747 1158; x_wconf 88' lang='lat' dir='ltr'>rationibus</span> <span class='ocrx_word' id='word_1_103' title='bbox 775 1122 916 1166; x_wconf 71' lang='lat' dir='ltr'>traffis,</span> <span class='ocrx_word' id='word_1_104' title='bbox 948 1122 1167 1160; x_wconf 86' lang='lat' dir='ltr'>confirmari</span> <span class='ocrx_word' id='word_1_105' title='bbox 1193 1131 1379 1175; x_wconf 88' lang='lat' dir='ltr'>oporteat.</span> <span class='ocrx_word' id='word_1_106' title='bbox 1431 1123 1580 1160; x_wconf 85' lang='lat' dir='ltr'>Omnes</span> <span class='ocrx_word' id='word_1_107' title='bbox 1608 1137 1664 1160; x_wconf 89' lang='lat' dir='ltr'>res</span> <span class='ocrx_word' id='word_1_108' title='bbox 1691 1136 1807 1175; x_wconf 86' lang='lat' dir='ltr'>argu-</span> 
     </span>
     <span class='ocr_line' id='line_1_15' title="bbox 408 1186 1809 1241; baseline 0.002 -18"><span class='ocrx_word' id='word_1_109' title='bbox 408 1186 618 1224; x_wconf 87' lang='lat' dir='ltr'>mentando</span> <span class='ocrx_word' id='word_1_110' title='bbox 639 1186 935 1232; x_wconf 84' lang='lat' dir='ltr'>confirmantur,</span> <span class='ocrx_word' id='word_1_111' title='bbox 954 1197 1020 1226; x_wconf 89' lang='lat' dir='ltr'>aut</span> <span class='ocrx_word' id='word_1_112' title='bbox 1039 1201 1085 1226; x_wconf 85' lang='lat' dir='ltr'>ex</span> <span class='ocrx_word' id='word_1_113' title='bbox 1106 1202 1150 1226; x_wconf 91' lang='lat' dir='ltr'>eo</span> <span class='ocrx_word' id='word_1_114' title='bbox 1171 1189 1275 1240; x_wconf 93' lang='lat' dir='ltr'>quod</span> <span class='ocrx_word' id='word_1_115' title='bbox 1291 1188 1474 1241; x_wconf 90' lang='lat' dir='ltr'>personis,</span> <span class='ocrx_word' id='word_1_116' title='bbox 1496 1198 1560 1226; x_wconf 88' lang='lat' dir='ltr'>aut</span> <span class='ocrx_word' id='word_1_117' title='bbox 1576 1202 1623 1225; x_wconf 87' lang='lat' dir='ltr'>ex</span> <span class='ocrx_word' id='word_1_118' title='bbox 1639 1202 1684 1225; x_wconf 91' lang='lat' dir='ltr'>eo</span> <span class='ocrx_word' id='word_1_119' title='bbox 1701 1188 1809 1240; x_wconf 90' lang='lat' dir='ltr'>quod</span> 
     </span>
     <span class='ocr_line' id='line_1_16' title="bbox 407 1252 1807 1306; baseline 0.003 -18"><span class='ocrx_word' id='word_1_120' title='bbox 407 1252 588 1304; x_wconf 82' lang='lat' dir='ltr'>negotiis,</span> <span class='ocrx_word' id='word_1_121' title='bbox 612 1252 665 1289; x_wconf 91' lang='lat' dir='ltr'>est</span> <span class='ocrx_word' id='word_1_122' title='bbox 684 1253 930 1291; x_wconf 88' lang='lat' dir='ltr'>attributum.</span> <span class='ocrx_word' id='word_1_123' title='bbox 972 1255 1032 1292; x_wconf 93' lang='lat' dir='ltr'>Ac</span> <span class='ocrx_word' id='word_1_124' title='bbox 1048 1254 1216 1306; x_wconf 86' lang='lat' dir='ltr'>personis</span> <span class='ocrx_word' id='word_1_125' title='bbox 1229 1253 1295 1291; x_wconf 85' lang='lat' dir='ltr'>has</span> <span class='ocrx_word' id='word_1_126' title='bbox 1317 1267 1373 1291; x_wconf 88' lang='lat' dir='ltr'>res</span> <span class='ocrx_word' id='word_1_127' title='bbox 1388 1254 1590 1291; x_wconf 87' lang='lat' dir='ltr'>attributas</span> <span class='ocrx_word' id='word_1_128' title='bbox 1610 1263 1807 1306; x_wconf 88' lang='lat' dir='ltr'>putamus,</span> 
     </span>
     <span class='ocr_line' id='line_1_17' title="bbox 408 1317 1807 1364; baseline 0.001 -9"><span class='ocrx_word' id='word_1_129' title='bbox 408 1330 566 1361; x_wconf 88' lang='lat' dir='ltr'>nomen,</span> <span class='ocrx_word' id='word_1_130' title='bbox 599 1327 789 1362; x_wconf 87' lang='lat' dir='ltr'>naturam,</span> <span class='ocrx_word' id='word_1_131' title='bbox 811 1318 973 1363; x_wconf 64' lang='lat' dir='ltr'>victum,</span> <span class='ocrx_word' id='word_1_132' title='bbox 995 1317 1206 1364; x_wconf 90' lang='lat' dir='ltr'>fortunam,</span> <span class='ocrx_word' id='word_1_133' title='bbox 1229 1317 1424 1363; x_wconf 87' lang='lat' dir='ltr'>habitum,</span> <span class='ocrx_word' id='word_1_134' title='bbox 1445 1317 1704 1362; x_wconf 49' lang='lat' dir='ltr'>affectionem,</span> <span class='ocrx_word' id='word_1_135' title='bbox 1726 1318 1807 1356; x_wconf 90' lang='lat' dir='ltr'>stu-</span> 
     </span>
     <span class='ocr_line' id='line_1_18' title="bbox 407 1382 1806 1436; baseline 0.002 -17"><span class='ocrx_word' id='word_1_136' title='bbox 407 1383 482 1427; x_wconf 89' lang='lat' dir='ltr'>dia,</span> <span class='ocrx_word' id='word_1_137' title='bbox 515 1383 681 1427; x_wconf 73' lang='lat' dir='ltr'>confina,</span> <span class='ocrx_word' id='word_1_138' title='bbox 710 1382 820 1427; x_wconf 60' lang='lat' dir='ltr'>faeta,</span> <span class='ocrx_word' id='word_1_139' title='bbox 847 1383 966 1428; x_wconf 87' lang='lat' dir='ltr'>casus,</span> <span class='ocrx_word' id='word_1_140' title='bbox 994 1385 1197 1423; x_wconf 88' lang='lat' dir='ltr'>orationes.</span> <span class='ocrx_word' id='word_1_141' title='bbox 1243 1385 1404 1423; x_wconf 88' lang='lat' dir='ltr'>Nomen</span> <span class='ocrx_word' id='word_1_142' title='bbox 1425 1384 1491 1429; x_wconf 92' lang='lat' dir='ltr'>est,</span> <span class='ocrx_word' id='word_1_143' title='bbox 1524 1383 1629 1436; x_wconf 90' lang='lat' dir='ltr'>quod</span> <span class='ocrx_word' id='word_1_144' title='bbox 1650 1385 1806 1422; x_wconf 88' lang='lat' dir='ltr'>unicui-</span> 
     </span>
     <span class='ocr_line' id='line_1_19' title="bbox 407 1448 1811 1502; baseline 0.001 -16"><span class='ocrx_word' id='word_1_145' title='bbox 407 1462 483 1500; x_wconf 89' lang='lat' dir='ltr'>que</span> <span class='ocrx_word' id='word_1_146' title='bbox 511 1448 676 1500; x_wconf 87' lang='lat' dir='ltr'>personae</span> <span class='ocrx_word' id='word_1_147' title='bbox 707 1449 830 1494; x_wconf 90' lang='lat' dir='ltr'>datur,</span> <span class='ocrx_word' id='word_1_148' title='bbox 862 1463 940 1501; x_wconf 88' lang='lat' dir='ltr'>quo</span> <span class='ocrx_word' id='word_1_149' title='bbox 966 1449 1033 1487; x_wconf 91' lang='lat' dir='ltr'>suo</span> <span class='ocrx_word' id='word_1_150' title='bbox 1059 1464 1221 1502; x_wconf 86' lang='lat' dir='ltr'>quaeque</span> <span class='ocrx_word' id='word_1_151' title='bbox 1246 1451 1404 1502; x_wconf 85' lang='lat' dir='ltr'>proprio</span> <span class='ocrx_word' id='word_1_152' title='bbox 1428 1459 1467 1488; x_wconf 91' lang='lat' dir='ltr'>et</span> <span class='ocrx_word' id='word_1_153' title='bbox 1494 1459 1599 1488; x_wconf 89' lang='lat' dir='ltr'>certo</span> <span class='ocrx_word' id='word_1_154' title='bbox 1619 1450 1811 1488; x_wconf 90' lang='lat' dir='ltr'>vocabulo</span> 
     </span>
     <span class='ocr_line' id='line_1_20' title="bbox 408 1513 1807 1567; baseline 0.002 -17"><span class='ocrx_word' id='word_1_155' title='bbox 408 1513 633 1566; x_wconf 87' lang='lat' dir='ltr'>appellatur.</span> <span class='ocrx_word' id='word_1_156' title='bbox 666 1514 857 1551; x_wconf 88' lang='lat' dir='ltr'>Naturam</span> <span class='ocrx_word' id='word_1_157' title='bbox 874 1514 993 1566; x_wconf 85' lang='lat' dir='ltr'>ipsam</span> <span class='ocrx_word' id='word_1_158' title='bbox 1006 1515 1164 1552; x_wconf 87' lang='lat' dir='ltr'>definire</span> <span class='ocrx_word' id='word_1_159' title='bbox 1176 1515 1334 1552; x_wconf 85' lang='lat' dir='ltr'>difficile</span> <span class='ocrx_word' id='word_1_160' title='bbox 1350 1515 1420 1552; x_wconf 91' lang='lat' dir='ltr'>est:</span> <span class='ocrx_word' id='word_1_161' title='bbox 1443 1524 1566 1567; x_wconf 92' lang='lat' dir='ltr'>partes</span> <span class='ocrx_word' id='word_1_162' title='bbox 1583 1524 1713 1554; x_wconf 87' lang='lat' dir='ltr'>autem</span> <span class='ocrx_word' id='word_1_163' title='bbox 1726 1517 1807 1567; x_wconf 87' lang='lat' dir='ltr'>ejus</span> 
     </span>
     <span class='ocr_line' id='line_1_21' title="bbox 409 1579 1808 1633; baseline 0.003 -18"><span class='ocrx_word' id='word_1_164' title='bbox 409 1592 632 1616; x_wconf 85' lang='lat' dir='ltr'>enumerare</span> <span class='ocrx_word' id='word_1_165' title='bbox 651 1592 725 1623; x_wconf 62' lang='lat' dir='ltr'>erm,</span> <span class='ocrx_word' id='word_1_166' title='bbox 757 1592 921 1631; x_wconf 86' lang='lat' dir='ltr'>quarum</span> <span class='ocrx_word' id='word_1_167' title='bbox 947 1580 1166 1632; x_wconf 88' lang='lat' dir='ltr'>indigemus</span> <span class='ocrx_word' id='word_1_168' title='bbox 1197 1581 1244 1617; x_wconf 90' lang='lat' dir='ltr'>ad</span> <span class='ocrx_word' id='word_1_169' title='bbox 1274 1579 1374 1618; x_wconf 90' lang='lat' dir='ltr'>hanc</span> <span class='ocrx_word' id='word_1_170' title='bbox 1404 1582 1717 1633; x_wconf 67' lang='lat' dir='ltr'>praeceptionem,</span> <span class='ocrx_word' id='word_1_171' title='bbox 1748 1581 1808 1619; x_wconf 87' lang='lat' dir='ltr'>fa-</span> 
     </span>
     <span class='ocr_line' id='line_1_22' title="bbox 410 1644 1809 1699; baseline 0.003 -18"><span class='ocrx_word' id='word_1_172' title='bbox 410 1645 523 1682; x_wconf 86' lang='lat' dir='ltr'>cilius</span> <span class='ocrx_word' id='word_1_173' title='bbox 554 1644 619 1682; x_wconf 84' lang='lat' dir='ltr'>est.</span> <span class='ocrx_word' id='word_1_174' title='bbox 671 1645 745 1682; x_wconf 81' lang='lat' dir='ltr'>Hae</span> <span class='ocrx_word' id='word_1_175' title='bbox 771 1654 900 1683; x_wconf 85' lang='lat' dir='ltr'>autem</span> <span class='ocrx_word' id='word_1_176' title='bbox 920 1646 1061 1697; x_wconf 85' lang='lat' dir='ltr'>partim</span> <span class='ocrx_word' id='word_1_177' title='bbox 1083 1646 1229 1690; x_wconf 90' lang='lat' dir='ltr'>divino,</span> <span class='ocrx_word' id='word_1_178' title='bbox 1260 1647 1401 1699; x_wconf 89' lang='lat' dir='ltr'>partim</span> <span class='ocrx_word' id='word_1_179' title='bbox 1421 1647 1575 1684; x_wconf 85' lang='lat' dir='ltr'>mortali</span> <span class='ocrx_word' id='word_1_180' title='bbox 1595 1648 1635 1685; x_wconf 92' lang='lat' dir='ltr'>in</span> <span class='ocrx_word' id='word_1_181' title='bbox 1656 1661 1809 1699; x_wconf 87' lang='lat' dir='ltr'>genere,</span> 
     </span>
     <span class='ocr_line' id='line_1_23' title="bbox 411 1710 1809 1765; baseline 0.003 -18"><span class='ocrx_word' id='word_1_182' title='bbox 411 1710 616 1748; x_wconf 85' lang='lat' dir='ltr'>versantur.</span> <span class='ocrx_word' id='word_1_183' title='bbox 658 1711 891 1748; x_wconf 90' lang='lat' dir='ltr'>Mortalium</span> <span class='ocrx_word' id='word_1_184' title='bbox 909 1721 1038 1750; x_wconf 89' lang='lat' dir='ltr'>autem</span> <span class='ocrx_word' id='word_1_185' title='bbox 1051 1725 1134 1764; x_wconf 89' lang='lat' dir='ltr'>pars</span> <span class='ocrx_word' id='word_1_186' title='bbox 1149 1713 1187 1750; x_wconf 90' lang='lat' dir='ltr'>in</span> <span class='ocrx_word' id='word_1_187' title='bbox 1205 1711 1427 1757; x_wconf 88' lang='lat' dir='ltr'>hominurn,</span> <span class='ocrx_word' id='word_1_188' title='bbox 1447 1727 1531 1765; x_wconf 86' lang='lat' dir='ltr'>pars</span> <span class='ocrx_word' id='word_1_189' title='bbox 1547 1714 1586 1750; x_wconf 91' lang='lat' dir='ltr'>in</span> <span class='ocrx_word' id='word_1_190' title='bbox 1604 1713 1809 1752; x_wconf 87' lang='lat' dir='ltr'>bestiarum</span> 
     </span>
     <span class='ocr_line' id='line_1_24' title="bbox 411 1776 1808 1830; baseline 0.003 -18"><span class='ocrx_word' id='word_1_191' title='bbox 411 1789 561 1828; x_wconf 85' lang='lat' dir='ltr'>genere,</span> <span class='ocrx_word' id='word_1_192' title='bbox 584 1785 823 1814; x_wconf 87' lang='lat' dir='ltr'>numeratur.</span> <span class='ocrx_word' id='word_1_193' title='bbox 864 1778 996 1828; x_wconf 89' lang='lat' dir='ltr'>Atque</span> <span class='ocrx_word' id='word_1_194' title='bbox 1011 1776 1219 1816; x_wconf 88' lang='lat' dir='ltr'>hominum</span> <span class='ocrx_word' id='word_1_195' title='bbox 1236 1791 1356 1830; x_wconf 90' lang='lat' dir='ltr'>genus</span> <span class='ocrx_word' id='word_1_196' title='bbox 1374 1788 1411 1816; x_wconf 91' lang='lat' dir='ltr'>et</span> <span class='ocrx_word' id='word_1_197' title='bbox 1431 1779 1471 1815; x_wconf 91' lang='lat' dir='ltr'>in</span> <span class='ocrx_word' id='word_1_198' title='bbox 1489 1778 1578 1816; x_wconf 84' lang='lat' dir='ltr'>sexu</span> <span class='ocrx_word' id='word_1_199' title='bbox 1595 1779 1808 1816; x_wconf 87' lang='lat' dir='ltr'>confidera-</span> 
     </span>
     <span class='ocr_line' id='line_1_25' title="bbox 411 1841 1809 1897; baseline 0.003 -19"><span class='ocrx_word' id='word_1_200' title='bbox 411 1851 486 1885; x_wconf 88' lang='lat' dir='ltr'>tur,</span> <span class='ocrx_word' id='word_1_201' title='bbox 519 1841 641 1885; x_wconf 87' lang='lat' dir='ltr'>virile,</span> <span class='ocrx_word' id='word_1_202' title='bbox 672 1855 719 1879; x_wconf 87' lang='lat' dir='ltr'>an</span> <span class='ocrx_word' id='word_1_203' title='bbox 749 1842 938 1879; x_wconf 87' lang='lat' dir='ltr'>muliebre</span> <span class='ocrx_word' id='word_1_204' title='bbox 964 1843 1035 1887; x_wconf 77' lang='lat' dir='ltr'>s1t3</span> <span class='ocrx_word' id='word_1_205' title='bbox 1073 1844 1170 1881; x_wconf 89' lang='lat' dir='ltr'>etin</span> <span class='ocrx_word' id='word_1_206' title='bbox 1199 1845 1366 1889; x_wconf 87' lang='lat' dir='ltr'>natione,</span> <span class='ocrx_word' id='word_1_207' title='bbox 1398 1845 1532 1897; x_wconf 85' lang='lat' dir='ltr'>patria,</span> <span class='ocrx_word' id='word_1_208' title='bbox 1563 1845 1809 1896; x_wconf 83' lang='lat' dir='ltr'>cognatione,</span> 
     </span>
     <span class='ocr_line' id='line_1_26' title="bbox 413 1907 1810 1962; baseline 0.004 -19"><span class='ocrx_word' id='word_1_209' title='bbox 413 1916 533 1944; x_wconf 84' lang='lat' dir='ltr'>aetate.</span> <span class='ocrx_word' id='word_1_210' title='bbox 589 1907 772 1951; x_wconf 81' lang='lat' dir='ltr'>Natione,</span> <span class='ocrx_word' id='word_1_211' title='bbox 813 1908 954 1945; x_wconf 89' lang='lat' dir='ltr'>Graius</span> <span class='ocrx_word' id='word_1_212' title='bbox 985 1922 1032 1946; x_wconf 88' lang='lat' dir='ltr'>an</span> <span class='ocrx_word' id='word_1_213' title='bbox 1063 1910 1276 1953; x_wconf 77' lang='lat' dir='ltr'>Barbarus3</span> <span class='ocrx_word' id='word_1_214' title='bbox 1317 1910 1452 1962; x_wconf 84' lang='lat' dir='ltr'>patria,</span> <span class='ocrx_word' id='word_1_215' title='bbox 1483 1909 1732 1948; x_wconf 84' lang='lat' dir='ltr'>Athenienfis</span> <span class='ocrx_word' id='word_1_216' title='bbox 1762 1924 1810 1948; x_wconf 84' lang='lat' dir='ltr'>an</span> 
     </span>
     <span class='ocr_line' id='line_1_27' title="bbox 413 1972 1809 2027; baseline 0.002 -17"><span class='ocrx_word' id='word_1_217' title='bbox 413 1972 754 2017; x_wconf 63' lang='lat' dir='ltr'>Lacedaemonius,</span> <span class='ocrx_word' id='word_1_218' title='bbox 785 1974 1026 2025; x_wconf 85' lang='lat' dir='ltr'>cognatione,</span> <span class='ocrx_word' id='word_1_219' title='bbox 1058 1975 1200 2026; x_wconf 85' lang='lat' dir='ltr'>quibus</span> <span class='ocrx_word' id='word_1_220' title='bbox 1227 1976 1453 2027; x_wconf 87' lang='lat' dir='ltr'>majoribus,</span> <span class='ocrx_word' id='word_1_221' title='bbox 1484 1976 1626 2027; x_wconf 89' lang='lat' dir='ltr'>quibus</span> <span class='ocrx_word' id='word_1_222' title='bbox 1648 1975 1809 2013; x_wconf 90' lang='lat' dir='ltr'>consan-</span> 
     </span>
     <span class='ocr_line' id='line_1_28' title="bbox 413 2038 1807 2092; baseline 0.003 -19"><span class='ocrx_word' id='word_1_223' title='bbox 413 2038 590 2089; x_wconf 84' lang='lat' dir='ltr'>guineis;</span> <span class='ocrx_word' id='word_1_224' title='bbox 632 2047 753 2082; x_wconf 66' lang='lat' dir='ltr'>aetate,</span> <span class='ocrx_word' id='word_1_225' title='bbox 793 2052 886 2091; x_wconf 91' lang='lat' dir='ltr'>puer</span> <span class='ocrx_word' id='word_1_226' title='bbox 915 2053 961 2077; x_wconf 88' lang='lat' dir='ltr'>an</span> <span class='ocrx_word' id='word_1_227' title='bbox 995 2039 1224 2084; x_wconf 83' lang='lat' dir='ltr'>adolescens,</span> <span class='ocrx_word' id='word_1_228' title='bbox 1266 2050 1357 2077; x_wconf 84' lang='lat' dir='ltr'>natu</span> <span class='ocrx_word' id='word_1_229' title='bbox 1388 2041 1567 2092; x_wconf 88' lang='lat' dir='ltr'>grandior</span> <span class='ocrx_word' id='word_1_230' title='bbox 1601 2054 1647 2077; x_wconf 87' lang='lat' dir='ltr'>an</span> <span class='ocrx_word' id='word_1_231' title='bbox 1682 2040 1807 2078; x_wconf 82' lang='lat' dir='ltr'>senex.</span> 
     </span>
    </p>

    <p class='ocr_par' dir='ltr' id='par_1_4' title="bbox 408 2104 1813 2483">
     <span class='ocr_line' id='line_1_29' title="bbox 469 2104 1813 2145; baseline 0.003 -6"><span class='ocrx_word' id='word_1_232' title='bbox 469 2104 651 2140; x_wconf 68' lang='lat' dir='ltr'>Praetcrea</span> <span class='ocrx_word' id='word_1_233' title='bbox 683 2104 889 2142; x_wconf 84' lang='lat' dir='ltr'>commoda</span> <span class='ocrx_word' id='word_1_234' title='bbox 922 2114 959 2142; x_wconf 86' lang='lat' dir='ltr'>et</span> <span class='ocrx_word' id='word_1_235' title='bbox 993 2105 1242 2144; x_wconf 88' lang='lat' dir='ltr'>incommoda</span> <span class='ocrx_word' id='word_1_236' title='bbox 1279 2106 1562 2143; x_wconf 86' lang='lat' dir='ltr'>confiderantur</span> <span class='ocrx_word' id='word_1_237' title='bbox 1595 2106 1642 2143; x_wconf 92' lang='lat' dir='ltr'>ab</span> <span class='ocrx_word' id='word_1_238' title='bbox 1679 2116 1813 2145; x_wconf 81' lang='lat' dir='ltr'>natura</span> 
     </span>
     <span class='ocr_line' id='line_1_30' title="bbox 414 2167 1808 2222; baseline 0.003 -17"><span class='ocrx_word' id='word_1_239' title='bbox 414 2167 499 2206; x_wconf 82' lang='lat' dir='ltr'>data</span> <span class='ocrx_word' id='word_1_240' title='bbox 529 2169 672 2213; x_wconf 88' lang='lat' dir='ltr'>animo,</span> <span class='ocrx_word' id='word_1_241' title='bbox 719 2179 782 2207; x_wconf 87' lang='lat' dir='ltr'>aut</span> <span class='ocrx_word' id='word_1_242' title='bbox 813 2171 978 2222; x_wconf 88' lang='lat' dir='ltr'>corpori,</span> <span class='ocrx_word' id='word_1_243' title='bbox 1013 2169 1087 2208; x_wconf 91' lang='lat' dir='ltr'>hoc</span> <span class='ocrx_word' id='word_1_244' title='bbox 1120 2171 1265 2215; x_wconf 69' lang='lat' dir='ltr'>modo,</span> <span class='ocrx_word' id='word_1_245' title='bbox 1306 2171 1447 2209; x_wconf 82' lang='lat' dir='ltr'>Valens</span> <span class='ocrx_word' id='word_1_246' title='bbox 1479 2185 1524 2209; x_wconf 90' lang='lat' dir='ltr'>an</span> <span class='ocrx_word' id='word_1_247' title='bbox 1560 2172 1808 2216; x_wconf 43' lang='lat' dir='ltr'>imbecillum</span> 
     </span>
     <span class='ocr_line' id='line_1_31' title="bbox 408 2234 1810 2286; baseline 0.004 -16"><span class='ocrx_word' id='word_1_248' title='bbox 408 2234 548 2286; x_wconf 83' lang='lat' dir='ltr'>longus</span> <span class='ocrx_word' id='word_1_249' title='bbox 586 2246 633 2271; x_wconf 87' lang='lat' dir='ltr'>an</span> <span class='ocrx_word' id='word_1_250' title='bbox 674 2234 825 2279; x_wconf 74' lang='lat' dir='ltr'>brevi33</span> <span class='ocrx_word' id='word_1_251' title='bbox 870 2235 1063 2274; x_wconf 86' lang='lat' dir='ltr'>formosus</span> <span class='ocrx_word' id='word_1_252' title='bbox 1102 2250 1148 2274; x_wconf 90' lang='lat' dir='ltr'>an</span> <span class='ocrx_word' id='word_1_253' title='bbox 1188 2236 1404 2281; x_wconf 80' lang='lat' dir='ltr'>deformis;</span> <span class='ocrx_word' id='word_1_254' title='bbox 1450 2237 1561 2275; x_wconf 85' lang='lat' dir='ltr'>velox</span> <span class='ocrx_word' id='word_1_255' title='bbox 1600 2251 1647 2274; x_wconf 89' lang='lat' dir='ltr'>an</span> <span class='ocrx_word' id='word_1_256' title='bbox 1683 2238 1810 2275; x_wconf 86' lang='lat' dir='ltr'>tardus</span> 
     </span>
     <span class='ocr_line' id='line_1_32' title="bbox 415 2299 1810 2346; baseline 0.004 -11"><span class='ocrx_word' id='word_1_257' title='bbox 415 2299 485 2343; x_wconf 83' lang='lat' dir='ltr'>fit3</span> <span class='ocrx_word' id='word_1_258' title='bbox 527 2308 659 2336; x_wconf 86' lang='lat' dir='ltr'>acutus</span> <span class='ocrx_word' id='word_1_259' title='bbox 694 2313 740 2336; x_wconf 88' lang='lat' dir='ltr'>an</span> <span class='ocrx_word' id='word_1_260' title='bbox 774 2299 977 2346; x_wconf 82' lang='lat' dir='ltr'>hebeti0r;</span> <span class='ocrx_word' id='word_1_261' title='bbox 1018 2315 1169 2340; x_wconf 88' lang='lat' dir='ltr'>memor</span> <span class='ocrx_word' id='word_1_262' title='bbox 1203 2315 1250 2339; x_wconf 87' lang='lat' dir='ltr'>an</span> <span class='ocrx_word' id='word_1_263' title='bbox 1279 2301 1510 2346; x_wconf 74' lang='lat' dir='ltr'>obliviosus5</span> <span class='ocrx_word' id='word_1_264' title='bbox 1547 2302 1685 2346; x_wconf 87' lang='lat' dir='ltr'>comis,</span> <span class='ocrx_word' id='word_1_265' title='bbox 1717 2303 1810 2340; x_wconf 83' lang='lat' dir='ltr'>offi-</span> 
     </span>
     <span class='ocr_line' id='line_1_33' title="bbox 414 2363 1812 2419; baseline 0.004 -19"><span class='ocrx_word' id='word_1_266' title='bbox 414 2363 550 2407; x_wconf 88' lang='lat' dir='ltr'>ciosus,</span> <span class='ocrx_word' id='word_1_267' title='bbox 582 2364 742 2415; x_wconf 79' lang='lat' dir='ltr'>pudenS,</span> <span class='ocrx_word' id='word_1_268' title='bbox 778 2366 940 2417; x_wconf 85' lang='lat' dir='ltr'>patiens,</span> <span class='ocrx_word' id='word_1_269' title='bbox 972 2380 1017 2404; x_wconf 90' lang='lat' dir='ltr'>an</span> <span class='ocrx_word' id='word_1_270' title='bbox 1039 2376 1184 2404; x_wconf 89' lang='lat' dir='ltr'>contra.</span> <span class='ocrx_word' id='word_1_271' title='bbox 1233 2367 1285 2404; x_wconf 90' lang='lat' dir='ltr'>Et</span> <span class='ocrx_word' id='word_1_272' title='bbox 1315 2368 1490 2411; x_wconf 90' lang='lat' dir='ltr'>omnino,</span> <span class='ocrx_word' id='word_1_273' title='bbox 1523 2381 1608 2419; x_wconf 82' lang='lat' dir='ltr'>quae</span> <span class='ocrx_word' id='word_1_274' title='bbox 1636 2381 1654 2404; x_wconf 89' lang='lat' dir='ltr'>a</span> <span class='ocrx_word' id='word_1_275' title='bbox 1676 2378 1812 2405; x_wconf 85' lang='lat' dir='ltr'>natura</span> 
     </span>
     <span class='ocr_line' id='line_1_34' title="bbox 414 2429 1812 2483; baseline 0.004 -18"><span class='ocrx_word' id='word_1_276' title='bbox 414 2429 499 2466; x_wconf 86' lang='lat' dir='ltr'>data</span> <span class='ocrx_word' id='word_1_277' title='bbox 525 2429 655 2466; x_wconf 86' lang='lat' dir='ltr'>animo</span> <span class='ocrx_word' id='word_1_278' title='bbox 686 2440 722 2467; x_wconf 90' lang='lat' dir='ltr'>et</span> <span class='ocrx_word' id='word_1_279' title='bbox 753 2432 903 2483; x_wconf 91' lang='lat' dir='ltr'>corpori</span> <span class='ocrx_word' id='word_1_280' title='bbox 935 2433 1285 2477; x_wconf 70' lang='lat' dir='ltr'>considerabuntur,</span> <span class='ocrx_word' id='word_1_281' title='bbox 1318 2434 1357 2470; x_wconf 90' lang='lat' dir='ltr'>in</span> <span class='ocrx_word' id='word_1_282' title='bbox 1385 2443 1517 2470; x_wconf 88' lang='lat' dir='ltr'>natura</span> <span class='ocrx_word' id='word_1_283' title='bbox 1542 2433 1812 2471; x_wconf 86' lang='lat' dir='ltr'>confideranda</span> 
     </span>
    </p>
   </div>
   <div class='ocr_carea' id='block_1_3' title="bbox 414 2494 1811 2613">
    <p class='ocr_par' dir='ltr' id='par_1_5' title="bbox 414 2494 1811 2613">
     <span class='ocr_line' id='line_1_35' title="bbox 414 2494 1811 2553; baseline 0.005 -22"><span class='ocrx_word' id='word_1_284' title='bbox 414 2494 522 2532; x_wconf 87' lang='lat' dir='ltr'>sunt:</span> <span class='ocrx_word' id='word_1_285' title='bbox 556 2508 645 2532; x_wconf 89' lang='lat' dir='ltr'>nam</span> <span class='ocrx_word' id='word_1_286' title='bbox 666 2509 749 2546; x_wconf 78' lang='lat' dir='ltr'>qua·</span> <span class='ocrx_word' id='word_1_287' title='bbox 769 2497 950 2534; x_wconf 89' lang='lat' dir='ltr'>industria</span> <span class='ocrx_word' id='word_1_288' title='bbox 965 2507 1234 2552; x_wconf 84' lang='lat' dir='ltr'>comparantur</span> <span class='ocrx_word' id='word_1_289' title='bbox 1251 2498 1297 2537; x_wconf 86' lang='lat' dir='ltr'>ad</span> <span class='ocrx_word' id='word_1_290' title='bbox 1317 2497 1495 2538; x_wconf 84' lang='lat' dir='ltr'>habitum</span> <span class='ocrx_word' id='word_1_291' title='bbox 1512 2500 1729 2553; x_wconf 71' lang='lat' dir='ltr'>pertinent5</span> <span class='ocrx_word' id='word_1_292' title='bbox 1764 2499 1811 2538; x_wconf 85' lang='lat' dir='ltr'>de</span> 
     </span>
     <span class='ocr_line' id='line_1_36' title="bbox 415 2560 1015 2613; baseline 0.01 -16"><span class='ocrx_word' id='word_1_293' title='bbox 415 2574 492 2613; x_wconf 91' lang='lat' dir='ltr'>quo</span> <span class='ocrx_word' id='word_1_294' title='bbox 513 2560 696 2613; x_wconf 87' lang='lat' dir='ltr'>posterius</span> <span class='ocrx_word' id='word_1_295' title='bbox 718 2562 927 2602; x_wconf 87' lang='lat' dir='ltr'>dicendum</span> <span class='ocrx_word' id='word_1_296' title='bbox 949 2564 1015 2603; x_wconf 77' lang='lat' dir='ltr'>est.</span> 
     </span>
    </p>
   </div>
  </div>
 </body>
</html>
