2176 2912
402 243 450 282 28
700 241 802 280 DE
882 236 1536 281 INVENTIONE'

399 342 474 379 fine
495 351 682 380 certarum
703 341 947 393 personarum
968 341 1267 393 interpositione,
1298 340 1345 378 ad
1364 338 1469 378 hunc
1489 339 1680 384 modum;
1712 339 1793 377 Ec-

398 408 494 459 quid
515 408 558 445 fit
580 409 724 446 bonum
747 417 880 460 praeter
898 406 1163 444 honestatem?
1196 406 1335 444 Verine
1355 406 1427 444 sint
1446 406 1568 444 sensus
1587 405 1599 442 ?
1632 407 1729 456 Qae
1750 404 1793 441 fit

398 474 543 512 Mundi
560 473 706 511 forma?
731 474 828 524 Qae
845 474 888 510 sit
905 473 999 511 Solis
1016 472 1266 524 magnitudo?
1284 472 1390 522 Qas
1406 472 1641 525 quaestiones,
1659 471 1793 524 procul

398 541 444 577 ab
461 540 619 578 oratoris
639 540 767 577 officio
789 548 966 583 remotas,
988 537 1100 575 facile
1123 551 1258 576 omnes
1279 538 1494 591 intelligere
1514 538 1792 576 existimamus.

400 607 521 651 Nam,
553 599 693 657 quibus
726 606 764 642 in
787 607 898 642 rebus
926 605 1075 642 summa
1102 605 1255 656 ingenia
1281 604 1602 657 philosophorum
1622 604 1794 656 plurimo

399 686 490 710 cum
512 673 639 710 labore
659 672 885 723 consumpta
904 670 1173 722 intelligimus,
1198 684 1272 716 eas,
1294 671 1388 709 ficut
1408 671 1551 723 aliquas
1573 683 1700 723 parvas
1722 683 1792 712 res,

399 739 537 776 oratori
558 738 763 776 attribuere
785 751 922 789 magna
951 737 1117 775 amentia
1136 736 1299 775 videtur.
1343 737 1463 788 Qod
1494 737 1518 774 fi
1545 749 1727 788 magnam
1754 736 1794 772 in

398 803 460 842 his
481 806 738 856 Hermagoras
759 802 944 840 habuisset
974 801 1212 847 facultatem,
1244 802 1368 841 studio
1398 811 1436 840 et
1456 802 1655 855 disciplina
1683 814 1794 839 com-

399 879 581 922 paratam,
614 869 818 913 videretur,
849 867 968 906 fretus
999 868 1061 905 sua
1081 868 1248 913 scientia,
1280 867 1419 906 falsum
1445 868 1632 919 quiddam
1652 866 1794 905 consti-

398 935 506 973 tuiffe
527 936 572 972 de
593 935 749 972 oratoris
770 934 913 978 officio,
944 942 996 978 et,
1027 947 1104 971 non
1136 933 1231 985 quid
1261 947 1331 979 arS,
1363 933 1425 971 sed
1451 934 1544 985 quid
1565 933 1642 986 ipse
1662 931 1794 985 posset,

399 1000 620 1053 exposuiffe.
653 1001 772 1038 Nunc
794 1012 881 1037 vero
901 1012 943 1036 ea
962 999 1017 1037 vis
1039 999 1091 1037 est
1111 1000 1150 1037 in
1171 998 1345 1044 homine,
1368 1009 1410 1037 ut
1429 1000 1464 1037 ei
1484 999 1610 1037 multo
1630 997 1795 1036 rhetori-

398 1079 484 1105 cam
505 1066 619 1104 citius
640 1066 726 1119 quis
742 1065 940 1110 ademerit,
958 1079 1075 1118 quam
1091 1064 1376 1118 philosophiam
1395 1064 1630 1104 concesserit.
1654 1065 1796 1116 Neque

395 1132 445 1171 eo
465 1133 566 1178 dico,
588 1132 692 1185 quod
712 1133 793 1184 ejus
821 1146 892 1176 ars,
918 1145 1035 1184 quam
1055 1133 1189 1177 edidit,
1223 1132 1324 1171 mihi
1350 1132 1630 1171 mendofiffitne
1658 1131 1796 1183 scripta

399 1199 584 1244 videatur,
605 1199 712 1250 (nam
734 1198 818 1235 satis
838 1198 878 1235 in
899 1211 941 1235 ea
960 1198 1110 1236 videtur
1125 1211 1173 1236 ex
1192 1198 1359 1250 antiquis
1380 1198 1524 1235 artibus
1545 1196 1739 1249 ingeniose
1758 1205 1797 1233 et

399 1260 602 1312 diligenter
630 1259 763 1297 electas
800 1271 856 1296 res
888 1259 1100 1304 collocaffe,
1131 1268 1168 1297 et
1200 1258 1379 1297 nonnihil
1411 1258 1488 1311 ipse
1520 1271 1675 1310 quoque
1705 1258 1797 1295 novi

399 1326 613 1378 protulisse)
646 1339 780 1363 verum
801 1326 939 1363 oratori
961 1326 1173 1364 minimum
1192 1326 1245 1363 est
1266 1325 1311 1363 de
1337 1334 1413 1362 arte
1444 1325 1567 1376 loqui,
1596 1324 1700 1376 quod
1730 1323 1795 1361 hic

398 1392 517 1436 fecit,
549 1392 675 1430 multo
709 1392 927 1430 maximum
953 1405 1000 1430 ex
1020 1401 1097 1430 arte
1118 1392 1256 1437 dicere,
1287 1391 1391 1444 quod
1422 1405 1512 1428 eum
1540 1390 1703 1428 minime
1724 1404 1794 1442 po-

398 1459 507 1498 tuisse
538 1472 670 1497 omnes
704 1458 894 1497 videmus.
928 1459 1057 1509 Qare
1090 1460 1246 1496 materia
1265 1459 1423 1510 quidem
1455 1457 1566 1496 nobis
1598 1456 1797 1495 rhetoricae

398 1525 548 1564 videtur
569 1538 623 1568 ea,
645 1538 762 1576 quam
782 1524 977 1562 Aristoteli
998 1524 1113 1562 visam
1133 1524 1204 1562 effe
1224 1524 1410 1562 diximus.

455 1592 547 1629 VII.
581 1591 707 1628 Partes
729 1599 854 1628 autem
875 1589 933 1628 hae
952 1590 1052 1634 sunt,
1078 1603 1170 1642 quas
1191 1591 1364 1643 plerique
1384 1591 1578 1634 dixerunt,
1610 1590 1792 1633 inventio,

399 1656 605 1709 dispositio,
637 1655 818 1700 elocutio,
850 1656 1049 1700 memoria,
1080 1656 1354 1707 pronuntiatio.
1399 1657 1575 1693 Inventio
1596 1655 1646 1692 est
1677 1668 1794 1692 exco-

399 1723 535 1775 gitatio
563 1735 691 1760 rerum
712 1734 900 1766 verarum,
928 1730 992 1759 aut
1020 1721 1299 1766 verisimilium,
1336 1736 1420 1774 quae
1440 1721 1588 1759 causam
1613 1721 1794 1774 probabi-

401 1790 477 1828 lem
499 1788 668 1826 reddant.
699 1787 907 1839 Dispositio
926 1787 977 1825 est
998 1802 1127 1825 rerum
1147 1788 1390 1826 inventarum
1412 1789 1451 1826 in
1473 1789 1646 1826 ordinem
1669 1788 1794 1825 distri—

399 1856 521 1893 butio.
554 1853 737 1892 Elocutio
759 1853 810 1890 est
832 1853 1059 1891 idoneorum
1081 1854 1299 1899 verborum,
1316 1864 1354 1892 et
1374 1855 1646 1893 sententiarum
1668 1853 1712 1890 ad
1733 1854 1795 1891 in-

399 1921 618 1958 ventionem
650 1919 969 1958 accommodatio.
1002 1920 1194 1957 Memoria
1223 1920 1275 1958 est
1305 1920 1417 1958 firma
1446 1921 1565 1958 animi
1593 1934 1720 1958 rerum
1753 1933 1795 1957 ac

400 1987 602 2027 verborum
635 1985 679 2022 ad
710 1985 971 2023 inventionem
992 1986 1197 2038 perceptio.
1231 1987 1497 2024 Pronuntiatio
1527 1987 1579 2023 est
1599 2000 1644 2022 ex
1666 1999 1795 2022 rerum

400 2062 436 2089 et
458 2052 661 2089 verborum
689 2051 887 2103 dignitate,
912 2052 1014 2089 vocis
1046 2060 1083 2089 et
1101 2052 1269 2104 corporis
1297 2052 1521 2089 moderatio.
1586 2052 1706 2089 Nunc
1735 2050 1794 2088 his

400 2119 511 2155 rebus
544 2118 706 2154 breviter
736 2117 966 2161 constitutis,
997 2130 1056 2155 eas
1088 2118 1263 2162 rationes,
1295 2118 1436 2170 quibus
1469 2117 1659 2155 ostendere
1678 2116 1793 2168 pofii—

401 2198 486 2222 mus
507 2198 640 2236 genus,
656 2193 691 2221 ct
712 2184 901 2228 officium,
915 2193 952 2221 et
972 2183 1091 2221 finem
1111 2182 1226 2236 hujus
1247 2185 1349 2228 artis,
1365 2184 1520 2222 aliudin
1541 2193 1693 2236 tempus
1715 2182 1793 2221 dis-

400 2250 578 2287 seremus.
606 2250 708 2287 Nam
725 2259 761 2287 ct
783 2250 996 2288 multorum
1015 2250 1219 2288 verborum
1235 2251 1424 2302 indigent,
1442 2259 1479 2288 et
1500 2264 1576 2287 non
1599 2259 1794 2302 tantopere

400 2316 444 2353 ad
464 2317 552 2353 artis
573 2315 866 2368 descriptionem
893 2325 930 2354 ct
950 2325 1137 2369 praecepta
1158 2317 1336 2354 tradenda
1361 2317 1566 2369 pertinent.
1600 2317 1703 2354 Eum
1725 2330 1793 2353 au-

401 2392 494 2426 tem,
518 2383 583 2434 qui
605 2391 723 2419 artem
746 2381 974 2420 rhetoricam
995 2383 1144 2427 scribat,
1177 2383 1223 2420 de
1249 2383 1395 2421 duabus
1415 2383 1571 2434 reliquis
1593 2383 1719 2427 rebus,
1749 2383 1795 2419 de

400 2449 558 2486 materia
578 2448 665 2485 artis
686 2462 726 2485 ac
748 2450 932 2500 partibus,
952 2449 1111 2486 scribere
1126 2458 1298 2501 oportere
1315 2449 1591 2488 existimamus.
1615 2451 1674 2486 Ac
1694 2448 1794 2486 mihi

401 2514 557 2566 quidem
580 2513 728 2551 videtur
747 2517 831 2567 conj
841 2517 949 2553 unCte
965 2515 1155 2568 agendum
1177 2515 1222 2553 de
1241 2516 1397 2554 materia
1415 2529 1457 2553 ac
1474 2516 1658 2568 partibus.
1683 2516 1794 2566 (Qa-

402 2593 438 2616 rc
458 2579 642 2623 inventio,
674 2593 758 2631 quse
786 2581 961 2633 princeps
989 2580 1041 2619 est
1062 2581 1240 2620 omnium
1271 2581 1452 2634 partium,
1483 2581 1722 2634 potissimum
1753 2580 1794 2617 in
