2176 2912
467 224 549 279 358
817 222 950 263 DE
1064 224 1537 264 CLARIS

527 319 638 357 Tum
658 318 706 356 L.
731 317 875 357 Caffius
897 318 1069 357 multum
1090 318 1233 372 potuit,
1264 333 1342 358 non
1362 318 1596 371 eloquentia,
1632 317 1694 357 sed
1715 317 1879 358 dicendo

472 395 603 424 tamen
620 403 631 430 ;
663 383 784 423 homo
804 399 881 424 non
902 386 1141 430 liberalitate,
1174 395 1218 424 ut
1244 386 1323 431 alii,
1354 384 1416 423 sed
1435 385 1517 438 ipsa
1538 385 1688 423 tristitia
1707 395 1744 423 et
1775 386 1878 424 seve-

474 452 598 496 ritate,
620 451 814 504 popularis
831 471 842 497 3
875 453 984 504 cujus
1005 452 1165 504 quidem
1186 451 1262 505 legi
1283 452 1485 491 tabellariae
1507 453 1569 490 M.
1593 451 1736 490 Antius
1757 452 1877 497 Briso,

473 518 652 557 tribunus
673 518 811 570 plebis,
843 518 910 556 diu
931 518 1078 563 restitit,
1100 519 1164 557 M.
1187 519 1338 571 Lepido
1361 519 1528 557 Consule
1547 518 1761 570 adjuvante.
1800 519 1878 556 Ea-
1903 559 1906 561 Α

473 598 549 637 que
579 598 635 622 res
668 586 712 623 P.
735 583 919 622 Africano
938 585 1211 637 vituperationi
1239 583 1329 629 fuit,
1361 585 1466 636 quod
1485 586 1565 636 ejus
1593 586 1814 623 auctoritate
1833 585 1880 622 de

475 651 658 689 sententia
677 650 861 688 deductus
884 649 989 687 Briso
1008 650 1227 701 putabatur.
1259 651 1369 687 Tum
1390 650 1467 687 duo
1488 650 1686 702 Caepiones
1707 651 1880 689 multum

473 717 630 756 clientes
651 716 810 753 confilio
828 724 865 752 et
885 715 1032 767 lingua,
1068 715 1156 767 plus
1177 716 1398 754 auctoritate
1419 725 1547 753 tamen
1568 725 1605 754 et
1624 717 1755 768 gratia,
1787 717 1878 754 sub-

475 784 663 822 levabant.
703 781 774 819 Sed
794 781 973 834 Pompeii
994 781 1081 819 sunt
1102 781 1239 834 scripta
1259 795 1329 820 nec
1350 782 1468 820 nimis
1488 791 1703 828 extenuata,
1737 783 1880 835 (quan-

473 863 593 902 quam
613 857 788 886 veterum
809 847 861 885 est
881 847 1032 900 similis)
1055 856 1093 886 et
1112 849 1225 901 plena
1243 849 1468 901 prudentiae.

521 916 673 954 XXVI.
705 916 749 952 P.
770 913 945 952 Craffum
960 914 1069 952 valde
1085 914 1292 967 probatum
1310 925 1499 953 oratorem
1522 915 1656 953 iisdem
1678 915 1756 953 fere
1776 925 1879 954 tem-

476 983 633 1037 poribus
667 981 901 1034 accepimus,
935 981 1003 1033 qui
1036 990 1073 1018 et
1099 981 1254 1034 ingenio
1276 982 1409 1026 valuit,
1442 992 1479 1019 et
1510 981 1647 1027 studio,
1681 992 1718 1019 et
1742 981 1879 1020 habuit

474 1048 658 1101 quasdam
678 1047 794 1084 etiam
816 1046 1040 1084 domesticas
1061 1046 1292 1099 disciplinas.
1339 1048 1446 1085 Nam
1466 1057 1503 1084 et
1524 1061 1617 1084 cum
1638 1047 1792 1085 summo
1813 1048 1881 1085 illo

474 1124 621 1152 oratore
642 1113 771 1152 Servio
791 1113 930 1158 Galba,
961 1113 1069 1165 cujus
1092 1114 1139 1151 C.
1162 1113 1244 1151 filio
1265 1113 1384 1151 filiam
1406 1113 1511 1151 suam
1532 1113 1797 1158 collocaverat,
1818 1113 1878 1151 af-

476 1181 623 1219 finitate
644 1179 717 1218 sese
736 1179 954 1217 devinxerat
967 1198 978 1224 ς
1001 1188 1052 1224 et,
1074 1193 1166 1217 cum
1186 1179 1274 1217 effet
1295 1180 1338 1218 P.
1363 1180 1491 1218 Mucii
1512 1179 1629 1223 filius,
1646 1178 1881 1233 fratremque

474 1246 633 1286 haberet
653 1248 697 1285 P.
717 1246 938 1291 Scaevolam,
956 1246 1139 1298 domijus
1160 1246 1273 1284 civile
1293 1255 1537 1299 cognoverat.
1569 1247 1615 1285 In
1636 1259 1681 1285 eo
1696 1246 1878 1285 industri-

475 1329 539 1353 am
558 1314 703 1353 constat
723 1313 915 1351 summam
930 1312 1054 1358 fuisse,
1073 1313 1364 1366 maximamque
1383 1314 1560 1366 gratiam,
1575 1327 1667 1352 cum
1683 1323 1720 1352 et
1740 1314 1879 1352 consu-

475 1381 617 1419 leretur
636 1379 868 1433 plurimum,
899 1388 938 1417 et
955 1379 1110 1418 diceret.
1172 1380 1330 1418 Horum
1348 1380 1521 1419 aetatibus
1541 1380 1709 1433 adjuncti
1730 1380 1807 1418 duo
1828 1380 1877 1419 C.

477 1448 631 1491 Fannii,
664 1448 711 1485 C.
734 1456 771 1484 et
798 1447 861 1484 M.
881 1446 966 1490 filii,
995 1445 1176 1491 fuerunt3
1209 1461 1379 1500 quorum
1400 1447 1486 1485 Caii
1501 1446 1618 1491 filius,
1644 1447 1711 1499 qui
1733 1446 1881 1484 Consul

477 1528 569 1552 cum
592 1515 771 1552 Domitio
791 1512 881 1557 fuit,
904 1527 1021 1550 unam
1042 1514 1255 1552 orationem
1276 1515 1321 1552 de
1342 1514 1465 1559 sociis,
1486 1522 1524 1551 et
1544 1515 1703 1552 nomine
1724 1514 1878 1558 Latino,

477 1590 612 1619 contra
630 1578 857 1617 Gracchum
878 1579 1048 1630 reliquit,
1070 1579 1155 1617 sane
1175 1590 1212 1617 et
1234 1580 1391 1624 bonam,
1413 1590 1450 1617 et
1470 1581 1657 1618 nobilem.

532 1648 642 1685 Tum
670 1646 841 1689 Atticus,
874 1644 982 1696 Qid
1002 1658 1091 1697 ergo
1110 1646 1123 1682 ?
1155 1645 1256 1683 estne
1277 1646 1343 1683 ista
1363 1646 1500 1683 Fannii
1519 1646 1531 1682 ?
1564 1659 1654 1683 nam
1674 1646 1774 1683 varia
1793 1645 1879 1698 opi-

476 1714 542 1752 nio
563 1714 688 1767 pueris
711 1712 821 1750 nobis
842 1720 933 1749 erat.
993 1711 1074 1749 Alii
1095 1725 1115 1748 a
1135 1712 1182 1750 C.
1204 1713 1341 1757 Persio,
1372 1712 1522 1750 literato
1552 1711 1726 1756 homine,
1759 1711 1880 1765 scrip-

475 1789 557 1818 tam
577 1779 646 1817 effe
666 1779 829 1823 aiebant,
851 1778 932 1822 illo,
951 1792 1068 1830 quem
1089 1778 1276 1831 significat
1296 1778 1403 1816 valde
1419 1778 1576 1816 doctum
1593 1777 1662 1815 effe
1681 1778 1878 1818 Lucilius:

476 1847 541 1885 alii
562 1846 706 1884 multos
740 1845 901 1888 nobiles,
933 1844 1038 1896 quod
1059 1845 1219 1897 quisque
1251 1845 1442 1897 potuiffet,
1479 1845 1517 1882 in
1539 1844 1646 1882 illam
1667 1845 1881 1883 orationem

476 1911 688 1950 contulisse.
721 1913 831 1949 Tum
853 1924 936 1964 egO,
955 1910 1099 1948 Audivi
1120 1911 1300 1963 equidem
1316 1911 1394 1956 ista,
1418 1912 1591 1964 inquam,
1608 1911 1654 1949 de
1671 1911 1880 1963 majoribus

477 1988 584 2024 natu,
616 1978 676 2016 sed
697 1991 897 2031 nunquam
920 1977 1004 2015 sum
1024 1977 1222 2023 adductus,
1256 1987 1298 2015 ut
1328 1978 1544 2022 crederem,
1576 1991 1739 2029 eamque
1758 1977 1881 2029 suspi-

477 2047 630 2084 cionem
651 2055 804 2099 propter
823 2044 922 2083 hanc
943 2045 1093 2083 causam
1120 2044 1232 2082 credo
1252 2043 1374 2089 fuiffe,
1406 2045 1510 2096 quod
1541 2044 1710 2082 Fannius
1732 2043 1771 2080 in
1793 2057 1879 2081 me-

477 2113 671 2150 diocribus
693 2112 905 2150 oratoribus
926 2110 1078 2149 habitus
1097 2111 1184 2148 esset
1201 2130 1212 2155 ;
1248 2111 1368 2148 oratio
1388 2120 1517 2148 autem
1538 2110 1595 2147 vel
1616 2111 1764 2162 optima
1792 2109 1881 2148 effet

477 2178 546 2217 illo
567 2178 725 2231 quidem
747 2186 918 2230 tempore
939 2177 1158 2214 orationum
1178 2177 1370 2215 omnium.
1419 2176 1490 2214 Sed
1511 2189 1580 2214 nec
1598 2176 1785 2228 ejusmodi
1813 2175 1879 2221 est,
1922 2207 1925 2210 Α

478 2254 521 2283 ut
541 2258 561 2281 a
592 2243 766 2297 pluribus
787 2242 945 2281 confusa
963 2243 1135 2280 videatur
1153 2257 1162 2280 t
1194 2256 1292 2280 unus
1321 2243 1426 2280 enim
1446 2242 1557 2281 sonus
1584 2242 1637 2279 est
1656 2242 1773 2280 totius
1793 2255 1879 2280 ora-

476 2311 609 2355 tionis,
633 2320 670 2348 et
691 2310 793 2348 idem
814 2309 944 2361 stylus.
995 2310 1082 2348 Nec
1103 2309 1148 2347 de
1170 2309 1294 2349 Persio
1311 2309 1513 2348 reticuisset
1535 2308 1752 2353 Gracchus,
1786 2322 1879 2347 cum

476 2388 515 2416 et
536 2377 704 2416 Fannius
726 2377 771 2414 de
793 2376 972 2414 Menelao
998 2375 1245 2422 Maratheno,
1268 2385 1305 2414 et
1326 2377 1371 2414 de
1390 2376 1532 2415 caeteris
1554 2375 1759 2428 objeciffet,
1782 2389 1878 2428 prae-

478 2444 607 2483 sertim
639 2457 731 2482 cum
768 2443 936 2481 Fannius
972 2457 1172 2496 nunquam
1204 2443 1247 2481 s1t
1278 2442 1432 2482 habitus
1464 2443 1645 2495 elinguis.
1705 2442 1812 2480 Nam
1843 2449 1880 2478 et

474 2511 605 2549 causas
634 2510 883 2555 defenfitavit‚
915 2519 952 2548 et
973 2510 1190 2548 tribunatus
1219 2510 1314 2563 ejus,
1345 2510 1503 2550 arbitrio
1523 2518 1560 2548 et
1580 2508 1800 2548 auctoritate
1832 2507 1876 2546 P.

478 2577 653 2617 Africani
672 2576 812 2632 gestus,
834 2590 911 2618 uon
927 2576 1109 2618 obscurus
1130 2575 1220 2618 fuit.
