2176 2912
483 218 558 258 286
836 217 949 256 DE
1027 217 1532 258 ORATORE

484 311 549 349 suo
569 323 703 364 genere
721 323 776 349 res
797 311 1013 364 complures
1034 311 1228 350 diflimiles
1245 311 1344 350 inter
1364 312 1412 357 se,
1435 326 1519 364 quae
1540 321 1668 350 tamen
1688 312 1880 352 consimili

473 377 592 414 -laude
613 377 831 429 dignentur.
892 378 997 416 Nam
1026 387 1064 416 et
1091 379 1242 416 auribus
1271 378 1393 416 multa
1412 379 1659 432 percipimu8‚
1688 393 1786 431 quae,
1813 380 1879 418 etsi

484 457 552 480 nos
586 443 744 481 vocibus
776 443 975 488 dele-stant,
1007 453 1136 482 tamen
1166 445 1218 482 ita
1246 444 1333 482 sunt
1358 446 1458 483 varia
1484 445 1590 498 saepe,
1621 453 1664 482 ut
1690 445 1744 489 id,
1775 444 1879 497 quod

484 510 707 562 proximum
726 509 868 553 audias,
894 509 1216 561 jucundiffimum
1243 510 1312 548 effe
1337 510 1533 549 videatur:
1565 520 1603 549 et
1622 510 1744 549 oculis
1765 511 1879 557 colliff
1906 547 1910 550 ,

484 584 628 627 guntur
648 588 744 627 pene
765 575 1060 613 innumerabiles
1091 576 1319 628 voluptateS,
1350 590 1434 628 quae
1465 589 1532 615 nos
1558 577 1611 614 ita
1635 577 1806 629 capiunt,
1837 585 1880 614 ut

486 655 610 679 unum
631 641 780 679 sensum
810 640 980 678 diffimili
1007 654 1142 693 genere
1161 641 1372 685 deleetent5
1404 651 1442 679 et
1467 641 1632 693 reliquos
1661 642 1785 681 sensus
1810 656 1883 681 vo-

483 707 649 760 luptates
679 707 873 744 obleetant
902 706 1078 759 dispares,
1110 715 1153 745 ut
1180 707 1225 745 fit
1255 707 1412 746 difficile
1434 707 1630 760 judicium
1660 709 1881 747 excellentis

483 775 650 811 maxime
671 773 875 811 suavitatis.
1399 819 1406 826 ⁸

538 842 591 877 At
622 838 696 877 hoc
730 839 848 883 idem,
879 839 985 892 quod
1018 839 1071 878 est
1106 839 1146 877 in
1172 841 1318 879 naturis
1349 853 1492 885 rerum,
1534 839 1727 879 transferri
1760 840 1882 894 potest

483 906 600 943 etiam
621 905 665 942 ad
687 914 795 943 artes.
847 906 934 942 Una
954 905 1125 957 fingendi
1151 906 1203 943 est
1220 919 1291 950 ars,
1323 906 1362 944 in
1396 920 1472 958 qua
1491 906 1703 959 praestantes
1725 906 1882 945 fuerunt

484 972 616 1022 Myro,
649 971 882 1022 Polycletus,
914 971 1116 1024 Lysippus,
1148 973 1216 1024 qui
1242 985 1374 1010 omnes
1395 973 1495 1011 inter
1515 972 1549 1010 se
1576 972 1772 1011 diffirniles
1792 971 1879 1010 fue-

485 1047 574 1075 runt
589 1056 600 1082 ;
634 1037 694 1074 sed
724 1037 774 1075 ita
794 1046 935 1081 tamen,
957 1046 1000 1075 ut
1022 1039 1220 1076 neminem
1240 1038 1296 1076 sui
1316 1040 1407 1077 velis
1423 1038 1494 1077 effe
1513 1039 1748 1077 diffimilem.
1791 1039 1881 1076 Una

483 1104 537 1142 est
556 1118 611 1142 ars
643 1104 814 1156 ratioque
846 1105 1016 1156 pieturae,
1049 1104 1371 1158 dissimillimique
1391 1113 1520 1143 tamen
1546 1105 1645 1143 inter
1664 1104 1699 1142 se
1721 1105 1880 1149 Zeuxis,

481 1169 726 1223 Aglaophon,
755 1170 909 1224 Apelles
923 1189 934 1215 ς
967 1184 1089 1223 neque
1109 1183 1243 1209 eorum
1263 1172 1467 1224 quisquam
1487 1171 1553 1216 est,
1584 1171 1648 1209 cui
1668 1171 1881 1224 quidquam

483 1238 523 1275 in
543 1246 619 1274 arte
638 1237 700 1275 sua
719 1237 836 1275 deefi'e
856 1237 1040 1275 videatur.
1087 1238 1153 1282 Et,
1185 1238 1210 1276 fi
1230 1237 1305 1276 hoc
1325 1238 1365 1276 in
1386 1237 1446 1276 his
1473 1238 1575 1291 quafi
1597 1238 1717 1276 mutis
1736 1237 1881 1276 artibus

484 1303 537 1340 est
567 1303 802 1346 mirandum,
847 1313 884 1340 et
911 1312 1039 1341 tamen
1069 1316 1218 1349 verum,
1260 1312 1404 1356 quanto
1437 1304 1698 1342 admirabilius
1726 1303 1766 1341 in
1795 1316 1880 1341 ora-

484 1370 587 1406 tione
607 1378 720 1421 atque
744 1369 789 1406 rin
819 1369 981 1422 lingua?
1013 1384 1110 1422 quae,
1132 1384 1225 1408 cum
1247 1371 1286 1408 in
1307 1370 1441 1409 iisdem
1461 1370 1656 1408 sententiis
1683 1369 1882 1421 verbisque

482 1435 661 1481 versetur,
692 1436 858 1475 summas
890 1435 1008 1475 habet
1032 1436 1356 1476 diffimilitudines
1372 1456 1384 1483 ς
1417 1451 1494 1476 non
1521 1438 1585 1483 sse,
1617 1446 1659 1475 ut
1689 1436 1753 1474 alii
1775 1437 1880 1474 vitu-

478 1503 640 1553 perandi
671 1502 757 1546 fint,
789 1503 849 1540 sed
884 1512 927 1540 ut
958 1503 998 1547 ii,
1030 1517 1125 1555 quos
1161 1504 1307 1542 constet
1325 1503 1395 1542 effe
1426 1503 1646 1549 laudandos,
1677 1503 1718 1541 in
1744 1501 1882 1555 dispari

483 1576 611 1605 tamen
631 1581 766 1620 genere
786 1567 1000 1605 laudentur.
1046 1570 1177 1620 Atque
1197 1569 1236 1606 id
1257 1570 1429 1622 primum
1448 1570 1490 1607 in
1510 1569 1630 1622 poetis
1650 1569 1754 1607 cerni
1774 1568 1879 1613 licet,

481 1634 624 1686 quibus
645 1634 697 1672 est
717 1635 892 1687 proxima
911 1635 1089 1687 cognatio
1107 1647 1200 1673 cum
1220 1635 1447 1680 oratoribus,
1463 1649 1581 1687 quam
1598 1636 1670 1674 fint
1690 1636 1787 1673 inter
1807 1634 1881 1673 sese

482 1700 649 1745 Ennius,
681 1701 881 1745 Pacuvius,
912 1701 1131 1753 Acciusque
1165 1700 1389 1740 diffimiles:
1435 1715 1552 1753 quam
1587 1701 1689 1754 apud
1724 1702 1880 1740 Graecos

482 1765 700 1817 AEschylus‚
733 1765 954 1819 Sophocles,
985 1767 1212 1820 Euripides;
1243 1781 1464 1820 quanquam
1484 1768 1665 1807 omnibus
1696 1780 1762 1821 par
1785 1781 1884 1821 pene

481 1832 562 1870 laus
584 1834 622 1870 in
643 1833 813 1871 diffimili
833 1833 1021 1871 scribendi
1042 1847 1179 1886 genere
1199 1834 1403 1873 tribuatur.

537 1898 708 1950 Aspicite
743 1912 845 1936 nunc
883 1913 945 1937 eos
993 1898 1171 1938 homines
1215 1909 1329 1953 atque
1367 1900 1589 1945 intuemini,
1629 1913 1797 1952 quorum
1835 1899 1882 1938 de

480 1961 663 2002 facultate
693 1965 914 2016 quaerimuS,
959 1966 1054 2018 quid
1086 1965 1231 2004 interfit
1261 1967 1359 2004 inter
1395 1974 1590 2004 oratorum
1620 1965 1742 2003 studia
1766 1973 1881 2017 atque

483 2038 646 2068 naturas.
708 2031 939 2069 suavitatem
979 2031 1185 2076 Isocrates,
1229 2031 1481 2069 subtilitatem
1519 2031 1673 2081 Lyfias‚
1718 2043 1879 2068 acumen

482 2095 713 2147 Hyperides,
744 2096 912 2135 sonitum
931 2095 1146 2142 AEschines,
1177 2097 1258 2135 vim
1279 2095 1572 2140 Demosthenes,
1595 2095 1744 2134 habuit.
1777 2096 1878 2148 Qis

483 2174 615 2199 eorum
649 2177 725 2200 non
756 2165 958 2215 egregius?
992 2173 1117 2201 tamen
1149 2164 1234 2215 quis
1265 2163 1492 2215 cujusquam
1523 2163 1592 2200 nis1
1624 2162 1679 2201 sui
1710 2163 1877 2201 fimilis?
1906 2195 1910 2198 .

483 2228 721 2265 Gravitatem
755 2227 958 2266 Africanus
978 2258 988 2274 ‚
1020 2229 1216 2267 lenitatem
1251 2229 1420 2274 Laelius,
1462 2228 1698 2282 asperitatem
1738 2229 1878 2275 Galba,

481 2293 674 2346 profluens
706 2294 891 2345 quiddam
912 2294 1048 2332 habuit
1069 2295 1196 2333 Carbo
1216 2304 1253 2333 et
1274 2309 1472 2333 canorum.
1513 2295 1612 2347 Qis
1632 2294 1775 2333 horum
1801 2308 1879 2334 non

481 2359 657 2412 princeps
690 2360 927 2412 temporibus
948 2360 1024 2398 illis
1045 2359 1152 2399 fuit?
1183 2370 1221 2398 et
1241 2360 1306 2399 suo
1328 2370 1455 2399 tamen
1486 2361 1646 2414 quisque
1676 2362 1715 2399 in
1745 2373 1880 2414 genere

484 2438 677 2478 princeps.
1646 2475 1655 2484 ο

538 2491 651 2529 VIII.
685 2490 755 2528 Sed
790 2491 883 2543 quid
917 2505 987 2545 ego
1007 2501 1130 2530 vetera
1149 2493 1389 2545 conquiram,
1424 2507 1517 2531 cum
1551 2493 1651 2531 mihi
1684 2492 1795 2531 liceat
1821 2491 1879 2529 uti

484 2557 727 2609 praesentibus
748 2558 934 2612 exemplis
951 2568 1064 2612 atque
1079 2560 1173 2599 vivis
1190 2561 1202 2598 ?
1226 2560 1333 2613 Qid.
1348 2560 1559 2613 jucundius
1575 2559 1726 2598 auribus
1744 2556 1877 2597 nostris
