2176 2912
446 209 525 247 224
775 196 1509 235 DEORATORE

443 299 572 328 tamen
592 288 806 328 criminum
825 289 878 328 est
897 288 1124 335 multitudo,
1153 304 1231 328 non
1257 289 1535 335 defenfionum,
1567 298 1632 329 aut
1650 288 1842 336 locorum,

444 354 609 392 infinita.

501 421 674 459 XXXII.
699 421 797 472 Qae
818 434 921 465 vero,
943 434 1035 459 cum
1056 421 1102 459 de
1121 421 1221 459 facto
1252 436 1330 460 non
1357 421 1582 474 ambigitnr‚
1605 430 1843 473 quaeruntur,

446 487 587 538 Qalia
606 488 690 532 sint,
713 500 767 531 ea,
801 486 827 524 fi
848 500 894 525 ex
915 487 986 525 reis
1007 501 1196 533 numeres,
1219 498 1256 527 et
1276 488 1572 526 innumerabilia
1591 487 1692 532 sunt,
1714 496 1752 525 et
1771 487 1844 526 ob—
1865 536 1869 537 ⁷

444 553 549 591 scura
564 572 575 598 3
599 554 623 591 fi
644 567 690 591 ex
711 553 836 597 rebus,
859 553 966 591 valde
985 563 1022 591 et
1043 554 1208 599 modica,
1231 564 1268 592 et
1289 554 1458 592 illustria.
1491 554 1598 593 Nam
1618 554 1644 592 fi
1666 553 1845 594 Mancini

444 619 593 657 causam
614 620 654 656 in
676 632 752 656 uno
768 619 957 656 Mancino
977 620 1173 670 ponimus,
1188 619 1490 670 quotiescunque
1511 619 1556 663 is,
1575 633 1692 670 quem
1715 620 1845 657 Pater-

443 694 610 737 patratus
632 684 830 729 dediderit,
854 692 1026 736 receptus
1047 697 1125 721 non
1146 684 1230 728 erit,
1264 685 1376 722 toties
1408 684 1516 722 causa
1542 697 1640 721 nova
1658 683 1845 722 nascetur.

445 751 511 787 Sin
532 750 597 787 illa
616 749 866 786 controverfia
885 748 1036 786 causam
1056 747 1163 793 facit,
1185 749 1420 787 Videaturne
1446 749 1493 794 ei,
1526 762 1643 802 quem
1665 750 1846 801 Paterpa-

444 825 563 854 tratus
585 815 784 860 dediderit,
803 815 828 853 s1
848 815 879 853 is
900 829 977 853 non
998 815 1043 853 fit
1063 825 1250 868 receptus,
1265 815 1548 868 postliminium
1565 815 1660 860 effe3
1683 813 1783 853 nihil
1801 814 1849 852 ad

445 892 565 920 artem
587 881 753 926 dicendi,
789 895 859 920 nec
894 882 940 920 ad
974 891 1200 934 argumenta
1221 881 1462 926 defenfionis,
1495 882 1675 920 Mancini
1703 895 1849 920 nomen

446 950 625 1002 pertinet.
685 950 759 993 Ac,
792 948 817 986 fi
839 948 934 1000 quid
962 948 1070 986 affert
1090 959 1268 1001 praeterea
1296 948 1468 987 hominis
1489 958 1554 986 aut
1574 948 1755 1000 dignitas,
1783 956 1849 985 aut

447 1016 669 1068 indignitas,
691 1024 794 1053 extra
814 1015 1062 1067 quaestionem
1082 1015 1159 1060 est;
1188 1024 1226 1054 et
1246 1030 1288 1053 ea
1307 1024 1434 1054 tamen
1454 1015 1533 1068 ipsa
1550 1015 1671 1053 oratio
1691 1014 1736 1052 ad
1757 1014 1848 1052 uni-

446 1083 538 1120 verfi
557 1082 705 1134 generis
726 1081 1021 1134 disputationem
1042 1080 1222 1120 referatur
1242 1081 1384 1120 neceffe
1403 1081 1468 1119 est.
1501 1082 1598 1119 Haec
1619 1094 1691 1132 ego
1706 1093 1784 1118 non
1803 1093 1849 1118 eo

447 1149 606 1187 consilio
626 1148 791 1200 disputo,
814 1156 857 1186 ut
872 1146 1050 1186 homines
1071 1149 1239 1186 eruditos
1260 1149 1484 1200 redarguam
1499 1165 1512 1193 3
1544 1159 1768 1199 quanquam
1787 1159 1849 1184 re-

448 1214 707 1268 prehendendi
724 1215 824 1259 sunt,
842 1215 966 1267 quiin
987 1228 1122 1266 genere
1142 1215 1360 1253 definiendo
1380 1214 1464 1252 istas
1485 1213 1611 1252 causas
1631 1212 1852 1251 describunt

448 1282 488 1318 in
520 1281 685 1334 personis
718 1290 755 1318 et
782 1281 822 1318 in
853 1281 1092 1333 temporibus
1113 1281 1249 1333 pofitas
1281 1280 1364 1319 effe.
1424 1280 1621 1319 Nametfi
1647 1280 1852 1317 incurrunt

449 1356 621 1399 tempora
650 1355 687 1384 et
707 1346 885 1399 personae,
921 1355 1050 1385 tamen
1082 1346 1383 1399 intelligendum
1411 1346 1477 1391 est,
1509 1360 1586 1384 non
1618 1359 1664 1383 ex
1695 1345 1756 1390 iis,
1788 1344 1851 1382 sed

450 1427 496 1451 ex
517 1427 653 1465 genere
673 1413 904 1465 quaestionis,
922 1413 1085 1465 pendere
1106 1412 1244 1451 causas.
1279 1413 1350 1451 Sed
1370 1412 1445 1451 hoc
1466 1411 1566 1451 nihil
1587 1412 1634 1449 ad
1649 1425 1736 1455 me;
1759 1410 1851 1448 nul-

449 1479 533 1518 lum
555 1479 660 1516 enim
681 1479 790 1516 nobis
811 1488 1004 1516 certamen
1026 1492 1118 1517 cum
1138 1479 1216 1516 istis
1237 1479 1308 1516 effe
1328 1479 1455 1517 debet.
1498 1480 1674 1517 Tantum
1694 1477 1778 1515 satis
1799 1476 1853 1515 est

451 1544 631 1596 intelligi,
677 1556 724 1580 ne
752 1542 828 1581 hoc
858 1543 1018 1594 quidem
1052 1556 1114 1580 eos
1149 1543 1385 1588 consecutos,
1428 1543 1533 1595 quod
1562 1543 1602 1580 in
1633 1551 1739 1581 tanto
1769 1542 1851 1580 otio

449 1610 565 1647 etiam
587 1609 662 1647 fine
682 1607 753 1646 hac
773 1607 908 1646 forenfi
929 1609 1197 1647 exercitatione
1216 1609 1365 1647 efficere
1392 1618 1613 1662 potuerunt,
1644 1617 1688 1646 ut
1716 1620 1854 1660 genera

451 1689 581 1714 rerum
615 1675 881 1720 discernerent,
913 1688 1031 1726 eaque
1060 1675 1174 1727 paulo
1194 1675 1370 1714 subtilius
1393 1676 1643 1727 explicarent.
1703 1674 1853 1713 Verum

449 1741 540 1786 hoc,
564 1750 606 1780 ut
626 1742 720 1786 dixi,
744 1740 841 1779 nihil
863 1741 908 1778 ad
929 1755 1005 1779 me.
1066 1741 1170 1779 Illud
1189 1741 1235 1779 ad
1255 1755 1332 1787 me,
1363 1755 1405 1779 ac
1436 1741 1563 1779 multo
1582 1741 1700 1779 etiam
1730 1740 1852 1793 magis

451 1808 497 1847 ad
518 1822 597 1853 vos,
630 1810 746 1847 Cotta
765 1807 901 1853 noster,
933 1816 970 1845 et
987 1807 1149 1859 Sulpici.

509 1874 601 1925 Qo
633 1873 750 1911 modo
770 1887 874 1912 nunc
906 1873 941 1911 se
960 1873 1120 1910 istorum
1154 1882 1249 1911 artes
1284 1873 1441 1919 habent,
1473 1872 1773 1926 pertimescenda
1801 1871 1854 1910 est

454 1938 667 1977 multitudo
687 1938 911 1984 causarum3
943 1939 996 1976 est
1021 1939 1127 1976 enim
1148 1938 1310 1978 infinita.
1344 1939 1381 1977 Si
1411 1940 1450 1976 in
1480 1939 1646 1992 personis
1666 1938 1823 1989 ponitur
1837 1954 1850 1983 3

454 2014 550 2057 quot
571 2004 764 2050 homines,
782 2013 839 2043 tot
859 2004 989 2043 causae.
1050 2005 1115 2042 Sin
1139 2005 1185 2042 ad
1211 2018 1395 2056 generum
1422 2003 1610 2041 universas
1629 2002 1853 2054 quaestiones

457 2069 700 2115 referuntur3
731 2071 784 2109 ita
814 2071 977 2108 modicae
1003 2079 1041 2108 et
1060 2083 1189 2122 paucae
1221 2070 1320 2114 sunt,
1350 2079 1391 2107 ut
1420 2083 1553 2108 omnes
1579 2082 1653 2113 eaS,
1684 2068 1853 2120 diligen-

454 2145 524 2181 tes,
553 2145 593 2177 et
626 2150 828 2181 memores,
858 2145 896 2174 et
921 2136 1035 2174 sobrii
1069 2145 1231 2174 oratores
1266 2135 1458 2189 percursas
1492 2135 1636 2179 animo,
1668 2143 1706 2172 et
1735 2147 1855 2187 prope

454 2202 667 2240 decantatas
701 2201 840 2240 habere
870 2202 1058 2240 debeant:
1091 2202 1159 2239 nisi
1193 2200 1292 2239 forte
1323 2201 1561 2245 existimatis,
1592 2214 1612 2238 a
1638 2201 1714 2238 Μ’.
1735 2201 1858 2242 Curio

455 2268 606 2306 causam
628 2268 798 2306 didiciffe
818 2268 866 2306 L.
890 2267 1092 2312 Craffum5
1125 2276 1162 2305 et
1182 2281 1223 2305 ea
1243 2282 1281 2305 re
1302 2268 1425 2306 multa
1454 2267 1630 2311 attulisse,
1661 2267 1855 2319 quamob-

457 2348 553 2380 rem,
576 2333 783 2387 posthumo
804 2348 880 2372 non
902 2342 1005 2380 nato,
1037 2335 1203 2372 Curium
1225 2343 1353 2372 tamen
1383 2333 1564 2372 heredem
1586 2334 1754 2386 Coponii
1784 2332 1856 2371 esse

457 2410 662 2454 oporteret.
722 2399 837 2439 Nihil
867 2400 913 2438 ad
943 2401 1097 2453 copiam
1131 2410 1463 2452 argumentorum,
1506 2413 1629 2452 neque
1664 2399 1709 2437 ad
1739 2399 1856 2438 causae

458 2467 540 2506 vim
573 2480 615 2505 ac
659 2476 835 2507 naturam
869 2479 1012 2506 nomen
1061 2466 1242 2520 Coponii,
1284 2476 1348 2506 aut
1383 2467 1507 2513 Curii,
1549 2465 1748 2519 pertinuit.
1808 2465 1855 2504 In
