2176 2912
533 215 853 255 LIBER
931 213 1352 253 PRIMUS.
1576 230 1652 270 157

246 308 432 348 continuo
448 308 650 346 confilium
668 306 869 352 dimiserit,
887 306 999 344 simul
1016 320 1058 345 ac
1078 320 1142 344 me
1158 305 1322 344 fractum
1343 319 1386 344 ac
1406 306 1651 347 debilitatum

247 384 358 414 metu
376 374 527 412 viderit.

301 440 383 478 Hic
402 453 537 477 omnes
557 438 699 484 affenfi,
734 438 944 491 significare
965 438 1064 476 inter
1084 437 1132 482 se,
1168 446 1205 475 et
1223 437 1395 490 colloqui
1421 449 1620 490 coeperunt
1639 454 1648 478 :

245 504 319 543 fuit
339 505 444 542 enim
466 503 655 542 mirificus
675 504 836 557 quidam
849 504 889 541 in
908 503 1036 542 Craffo
1052 504 1190 556 pudor,
1207 504 1276 554 qui
1295 512 1423 541 tamen
1439 517 1516 541 non
1533 505 1652 543 modo

246 585 323 609 non
353 570 494 609 obeffet
527 572 608 624 ejus
643 571 820 616 orationi,
852 570 913 608 sed
940 571 1058 608 etiam
1089 570 1292 622 probitatis
1313 570 1654 609 commendatione

245 636 446 690 prodeffet.

300 702 476 740 XXVII.
508 703 618 740 Tum
641 703 852 747 Antonius,
874 701 981 755 saepe,
1014 710 1057 739 ut
1076 701 1187 746 dicis,
1219 701 1363 753 inquit,
1381 701 1650 747 animadverti,

247 768 386 812 Craffe,
420 777 458 806 et
477 777 527 813 te,
560 778 599 806 et
623 778 776 806 caeteros
798 768 970 806 summos
991 777 1170 812 oratores,
1201 768 1442 819 (quanquam
1469 767 1541 806 tibi
1572 781 1652 820 par,

245 847 331 871 mea
348 834 543 878 sententia,
563 847 678 871 nemo
700 846 873 885 unquam
894 832 987 885 fuit)
1011 834 1051 871 in
1072 833 1225 871 dicendi
1243 834 1399 872 exordio
1420 834 1650 886 permoveri.

246 900 368 951 Cujus
390 899 549 951 quidem
571 899 625 936 rei
645 911 737 936 cum
757 898 907 936 causam
929 912 1152 950 quaererem,
1172 899 1360 950 quidnam
1379 898 1480 944 esset,
1505 913 1586 944 cur,
1608 909 1652 938 ut

246 965 285 1002 in
307 978 462 1017 quoque
481 974 628 1002 oratore
654 964 872 1016 plurimum
893 965 996 1009 esset,
1027 965 1079 1002 ita
1099 965 1272 1002 maxime
1297 965 1328 1002 is
1355 965 1650 1016 pertimesceret,

244 1029 310 1068 has
330 1029 454 1068 causas
475 1030 719 1068 inveniebam
741 1030 846 1069 duas.
907 1031 1054 1075 Unam,
1077 1031 1182 1082 quod
1202 1030 1462 1083 intelligerent
1486 1031 1528 1075 ii,
1556 1043 1652 1083 quos

246 1096 331 1134 usus
363 1110 405 1134 ac
438 1107 569 1134 natura
603 1096 798 1142 docuisset,
830 1110 1110 1149 nonnunquam
1142 1097 1305 1135 summis
1334 1096 1546 1134 oratoribus
1573 1111 1652 1135 non

244 1162 330 1200 satis
360 1176 407 1201 ex
435 1162 619 1200 sententia
649 1173 832 1201 eventum
860 1163 1014 1201 dicendi
1045 1164 1277 1217 procedere:
1310 1164 1362 1201 ita
1392 1176 1469 1201 non
1498 1164 1649 1215 injuria,

245 1228 568 1280 quotiescumque
601 1228 785 1274 dicerent,
831 1229 885 1273 id,
931 1230 1036 1281 quod
1071 1229 1276 1281 aliquando
1311 1228 1430 1281 poffet
1464 1229 1648 1273 accidere,

246 1308 293 1332 ne
313 1304 398 1333 tum
418 1295 619 1339 accideret,
653 1296 812 1333 timere:
844 1296 957 1333 altera
977 1296 1029 1333 est
1049 1294 1145 1340 haec,
1177 1296 1223 1333 de
1251 1308 1326 1347 qua
1346 1296 1454 1346 queri
1474 1295 1568 1348 saepe
1588 1295 1649 1333 so-

245 1360 320 1405 leo,
353 1371 574 1399 caeterarum
610 1361 788 1400 homines
823 1362 963 1399 artium
996 1361 1150 1414 spe&ati
1180 1370 1218 1399 et
1252 1361 1417 1413 probati,
1448 1361 1475 1399 fi
1499 1361 1654 1413 quando

243 1427 391 1478 aliquid
412 1428 541 1465 minus
563 1428 659 1465 bene
680 1427 866 1472 fecerunt,
899 1441 1015 1480 quarn
1036 1427 1170 1471 solent,
1206 1437 1271 1465 aut
1292 1426 1464 1471 noluisse,
1496 1437 1560 1465 aut
1580 1441 1647 1465 va-

244 1492 414 1531 letudine
449 1494 627 1545 impediti
662 1507 739 1531 non
771 1493 932 1546 potuifi‘e
963 1493 1157 1545 consequi,
1188 1493 1228 1530 id
1254 1493 1360 1544 quod
1389 1493 1539 1538 scirent,
1571 1507 1647 1545 pu-

245 1568 385 1598 tantur.
445 1560 601 1605 Noluit,
634 1560 830 1612 inquiunt,
870 1558 986 1597 hodie
1017 1573 1124 1611 agere
1151 1558 1342 1603 Roscius,
1385 1568 1463 1603 aut,
1495 1559 1649 1597 crudior

244 1624 332 1663 fuit.
366 1626 539 1664 Oratoris
560 1635 778 1678 peccatum,
796 1626 821 1663 fi
840 1625 943 1677 quod
963 1625 1015 1662 est
1032 1624 1350 1668 animadversum,
1371 1624 1540 1662 stultitiae
1555 1638 1649 1677 pec-2

243 1701 373 1730 catum
389 1693 552 1730 videtur.
585 1692 754 1730 Stultitia
769 1702 898 1729 autem
911 1691 1197 1730 excusationem
1217 1704 1295 1728 non
1313 1689 1427 1728 habet
1435 1709 1448 1735 5
1471 1691 1560 1742 quia
1576 1703 1646 1728 ne-

245 1771 312 1796 mo
331 1759 495 1803 videtur,
517 1767 582 1796 aut
601 1759 691 1810 quia
711 1759 852 1796 crudus
869 1756 999 1802 fuerit,
1022 1767 1086 1795 aut
1103 1757 1208 1809 quod
1228 1757 1281 1794 ita
1296 1757 1488 1801 maluerit,
1510 1756 1647 1794 stultus

245 1822 367 1861 fuisse.
399 1825 493 1874 Qo
512 1824 629 1861 etiam
649 1824 798 1875 gravius
814 1823 1011 1875 judicium
1032 1824 1072 1860 in
1093 1823 1258 1860 dicendo
1277 1822 1475 1860 subimus:
1496 1821 1646 1874 quoties

241 1889 350 1926 enim
370 1888 551 1933 dicimus,
585 1889 697 1926 toties
718 1888 763 1926 de
784 1888 894 1925 nobis
921 1888 1118 1939 judicatur
1136 1903 1144 1925 :
1177 1897 1228 1931 et,
1255 1888 1324 1939 qui
1344 1886 1460 1925 semel
1479 1888 1521 1925 in
1539 1886 1648 1940 gestu

244 1955 429 2007 peccavit,
460 1968 539 1992 non
560 1954 746 1992 continuo
767 1953 1004 1991 existimatur
1026 1953 1166 1990 nescire
1187 1953 1363 2004 gestum;
1385 1953 1496 2004 cujus
1516 1962 1647 1991 autem

244 2021 285 2058 in
305 2019 467 2058 dicendo
497 2019 644 2071 aliquid
664 2018 937 2072 reprehensum
957 2019 1022 2063 est,
1059 2028 1123 2057 aut
1146 2028 1283 2058 aeterna
1312 2017 1353 2057 in
1373 2031 1432 2063 eo,
1465 2026 1529 2057 aut
1546 2026 1648 2058 certe

242 2086 436 2131 diuturna,
459 2085 558 2124 valet
579 2086 712 2138 opinio
732 2085 931 2123 tarditatis.

298 2152 490 2191 XXVIII.
520 2151 624 2190 Illud
644 2165 746 2196 vero,
768 2151 874 2204 quod
892 2165 912 2189 a
932 2160 968 2188 te
988 2151 1138 2188 di&um
1157 2151 1223 2195 est,
1246 2149 1316 2188 effe
1332 2150 1539 2203 permulta,
1561 2162 1647 2202 quae

241 2228 380 2262 orator,
402 2218 472 2255 nifi
491 2231 512 2255 a
530 2226 663 2256 natura
682 2217 851 2263 haberet,
871 2231 947 2255 non
968 2217 1142 2256 multum
1158 2230 1178 2254 a
1190 2216 1370 2269 magistro
1390 2217 1643 2268 adjuvaretur,

244 2283 350 2322 valde
369 2283 440 2321 tibi
455 2283 654 2328 assentior,
676 2284 794 2335 inque
813 2297 858 2322 eo
877 2283 936 2321 vel
957 2283 1128 2320 maxime
1144 2283 1303 2335 probavi
1315 2281 1514 2321 summum
1530 2281 1646 2319 illum

240 2348 454 2393 doctorem,
483 2349 790 2387 Alabandensem
811 2348 1084 2401 Apollonium,
1115 2348 1197 2400 qui,
1219 2345 1311 2386 curn
1331 2347 1506 2387 mercede
1527 2347 1643 2384 doce-

243 2423 313 2458 ret,
337 2423 465 2453 tamen
486 2428 562 2453 non
583 2415 810 2467 patiebatur,
835 2428 912 2459 eos,
935 2414 1241 2466 quosjudicabat
1262 2427 1339 2451 non
1359 2413 1460 2465 posse
1480 2422 1643 2450 oratores

240 2479 407 2524 evadere,
439 2493 594 2532 operam
614 2480 715 2531 apud
737 2480 807 2518 sese
827 2480 982 2533 perdere
998 2498 1009 2523 3
1041 2479 1354 2531 dimittebatque,
1379 2488 1430 2522 et,
1459 2478 1504 2515 ad
1526 2489 1642 2528 quam

240 2558 436 2601 quemque
471 2554 591 2586 artem
622 2545 782 2600 putabat
815 2545 885 2585 effe
915 2554 1067 2599 aptum,
1098 2545 1143 2584 ad
1177 2543 1263 2585 ea'm
1296 2542 1497 2597 impellere
1529 2549 1642 2594 atque
