2176 2912
794 170 1325 210 ORATOR.
1689 178 1766 231 463

417 262 486 299 LI.
525 260 612 299 Post
632 261 786 298 inventa
808 262 1003 300 conclufio
1023 263 1088 307 est,
1120 277 1196 315 qua
1221 264 1335 302 credo
1367 265 1495 304 usuros
1517 277 1657 307 veteres
1678 271 1766 310 illos

361 326 486 371 fuiffe,
511 327 537 364 s1
553 328 635 378 jam
657 336 760 371 nota,
792 337 905 379 atque
926 329 1100 381 usurpata
1120 343 1176 367 res
1197 330 1309 375 effet3
1342 345 1416 383 qua
1436 333 1603 380 inventa,
1632 351 1766 375 omnes

363 393 445 430 usos
467 405 626 444 magnos
646 402 811 430 oratores
832 393 1022 432 videmus.
1057 395 1127 432 Sed
1148 394 1265 433 habet
1285 409 1427 435 nomen
1452 399 1652 447 invidiam,
1675 416 1768 441 cum

361 458 401 495 in
421 459 592 495 oratione
606 459 785 510 judiciali
805 469 843 497 et
862 459 999 497 forenfi
1021 475 1204 499 numerus
1226 462 1379 507 Latine,
1403 465 1538 502 Graece
1557 463 1683 514 ῥυθμὸς,
1705 470 1767 506 in—

360 523 431 561 effe
452 525 607 562 dicitur.
640 526 775 563 Nimis
796 527 900 563 enim
924 527 1145 565 insidiarum
1173 528 1220 565 ad
1243 530 1443 582 capiendas
1466 544 1572 568 aures
1594 532 1768 572 adhiberi

359 589 525 634 videtur,
553 590 577 627 fi
599 590 715 628 etiam
736 591 775 628 in
804 591 967 629 dicendo
983 594 1135 631 numeri
1156 593 1202 631 ab
1224 603 1371 632 oratore
1393 606 1632 647 quaeruntur.
1677 600 1767 637 Hoc

359 653 448 692 freti
470 655 544 699 isti,
576 666 613 693 et
643 656 711 708 ipsi
743 655 901 694 infracta
927 667 965 695 et
985 668 1181 711 amputata
1200 660 1429 712 loquuntur,
1461 671 1498 699 et
1529 675 1592 700 eos
1613 663 1767 716 vitupe-

360 730 457 765 rant,
473 721 541 773 qui
557 731 643 774 apta
658 730 695 759 et
712 721 820 760 finita
832 724 1096 775 pronuntiant.
1130 726 1168 762 Si
1188 725 1367 764 inanibus
1384 727 1523 772 verbis,
1541 728 1766 782 levibusque

359 785 579 831 sententiis;
605 788 704 838 jure.
757 788 821 825 Sin
853 789 982 840 probae
1013 803 1084 835 res,
1116 791 1212 828 lecta
1232 792 1357 837 verba,
1379 793 1541 844 quidest
1561 808 1630 832 cur
1658 795 1767 833 clau—

358 850 496 896 dicare,
515 861 580 889 aut
600 852 763 890 infistere
783 855 996 892 orationem
1016 856 1170 900 malint,
1190 870 1307 908 quam
1324 872 1417 895 cum
1432 858 1616 897 sententia
1628 861 1768 913 pariter

358 930 556 955 excurrere
575 919 588 955 ?
620 919 702 956 Hic
722 920 829 957 enim
859 920 1068 959 invidiosus
1100 936 1285 960 numerus
1306 923 1404 961 nihil
1426 925 1534 963 affert
1555 927 1673 972 aliud,
1697 927 1766 965 nifi

359 992 402 1021 ut
422 983 466 1021 fit
486 994 572 1037 apte
591 986 715 1023 verbis
737 985 1012 1039 comprehensa
1032 987 1218 1026 sententia
1234 1008 1245 1033 ;
1279 990 1384 1042 quod
1417 991 1461 1028 fit
1481 993 1598 1030 etiam
1629 993 1675 1030 ab
1696 1007 1764 1031 an-

358 1050 492 1101 tiquis,
515 1051 577 1088 sed
597 1051 828 1103 plerumque
847 1053 948 1098 casu,
968 1053 1062 1107 saepe
1082 1055 1215 1092 natura
1234 1071 1242 1093 :
1274 1065 1312 1093 et
1332 1071 1417 1108 quae
1437 1057 1545 1095 valde
1565 1059 1767 1098 laudantur

358 1117 460 1169 apud
480 1117 581 1162 illos,
604 1132 645 1155 ea
665 1117 757 1164 fere,
783 1120 874 1171 quia
892 1120 981 1158 sunt
1000 1122 1190 1166 conclusa,
1213 1123 1430 1162 laudantur.

415 1183 468 1220 Et
494 1183 595 1235 apud
630 1184 786 1222 Graecos
813 1186 973 1237 quidem
999 1188 1082 1239 jam
1114 1188 1204 1225 anni
1233 1203 1351 1242 prope
1383 1190 1627 1242 quadraginti
1662 1191 1762 1237 sunt,

359 1246 452 1287 cum
479 1248 554 1287 hoc
588 1250 795 1303 probatur,
828 1266 896 1290 nos
928 1267 1050 1307 nuper
1076 1255 1318 1306 agnovimus.
1366 1257 1470 1309 Ergo
1497 1257 1627 1295 Ennio
1654 1258 1766 1297 licuit

358 1324 483 1353 vetera
502 1318 770 1355 contemnenti
790 1318 930 1364 dicere,

501 1383 671 1433 Wrfibu',
702 1398 785 1436 quos
804 1385 881 1423 olim
902 1386 1037 1430 Fauni,
1069 1388 1236 1440 vate-‘hue
1253 1387 1428 1426 canebant
1441 1404 1454 1427 .·

359 1446 461 1486 mihi
481 1448 527 1486 de
547 1451 716 1501 antiquis
737 1451 872 1489 eodem
893 1452 1011 1490 modo
1044 1467 1121 1492 non
1146 1454 1292 1498 licebit,
1324 1454 1532 1507 praesertim
1553 1469 1646 1493 cum
1677 1456 1761 1493 dic-

357 1522 466 1552 turus
488 1529 565 1553 non
585 1516 669 1561 fim,
684 1520 787 1555 Ante
806 1519 900 1557 hunc
922 1549 930 1556 .
957 1549 965 1557 .
991 1549 1000 1557 .
1027 1550 1035 1558 .
1060 1529 1102 1557 ut
1122 1520 1212 1558 ille:
1245 1534 1315 1558 nec
1336 1535 1421 1573 quae
1441 1521 1666 1574 sequuntur,
1686 1525 1763 1561 Δῖος

356 1582 435 1633 azffi
450 1583 608 1635 rcstrare
629 1613 637 1621 .
663 1613 672 1621 .
698 1613 707 1621 .
732 1614 740 1622 .
760 1585 857 1637 Legi
878 1585 997 1630 enim,
1015 1586 1220 1638 audivique
1240 1587 1462 1633 nonnullos,
1485 1602 1653 1640 quorum
1672 1603 1763 1641 pro-

356 1648 569 1698 pemodum
590 1648 761 1687 absolute
781 1650 1075 1689 concluderetur
1095 1652 1228 1690 oratio.
1262 1653 1380 1704 Qod
1401 1655 1469 1705 qui
1489 1667 1565 1691 non
1593 1654 1759 1706 pofi‘unt,

357 1725 438 1750 non
457 1714 510 1751 est
524 1714 577 1751 eis
599 1714 683 1752 satis
705 1729 782 1753 non
803 1717 1016 1761 contemni,
1038 1717 1183 1755 laudari
1204 1719 1321 1756 etiam
1343 1720 1492 1757 volunt.
1526 1721 1612 1772 Ego
1631 1730 1761 1758 autem

358 1778 445 1816 illos
470 1779 568 1831 ipsos
603 1780 730 1824 laudo,
762 1782 878 1833 idque
905 1783 1059 1827 merito,
1091 1797 1258 1835 quorum
1290 1785 1325 1822 se
1356 1786 1415 1823 isti
1449 1787 1659 1823 imitatores
1690 1786 1762 1824 effe

357 1844 506 1889 dicunt,
538 1846 603 1883 ets]
625 1846 665 1882 in
696 1846 748 1883 eis
769 1847 915 1899 aliquid
936 1848 1129 1893 defider03
1162 1848 1232 1887 hos
1254 1864 1340 1888 vero
1362 1851 1540 1896 minime,
1571 1852 1640 1904 qui
1661 1851 1761 1889 nihil

357 1910 530 1956 illorum,
574 1911 644 1950 nisi
673 1912 828 1957 vitium,
876 1913 1099 1966 sequuntur,
1146 1928 1238 1953 cum
1272 1930 1292 1954 a
1327 1917 1437 1954 bonis
1469 1918 1591 1955 absint
1615 1917 1760 1970 longis-

356 1977 463 2015 fime.

412 2043 532 2096 Qod
567 2043 593 2082 fi
627 2058 732 2082 aures
766 2054 845 2083 tam
879 2045 1109 2085 inhumanas
1142 2057 1298 2100 tamque
1328 2049 1486 2101 agrestes
1514 2046 1671 2094 habent,
1715 2063 1762 2087 ne

358 2108 662 2148 doctiffimorum
683 2111 844 2163 quidem
864 2113 1037 2150 virorum
1057 2127 1119 2150 eos
1143 2114 1315 2152 movebit
1335 2116 1536 2153 auctoritas
1553 2116 1565 2153 ?
1604 2116 1762 2153 Omitto

358 2175 577 2221 Isocratem,
608 2177 889 2230 discipulosque
908 2179 1004 2230 ejus,
1038 2179 1257 2232 Ephorum,
1278 2190 1315 2218 et
1337 2181 1574 2220 Naucratem
1591 2200 1603 2226 3
1635 2195 1759 2234 quan-

358 2255 477 2293 quam
496 2243 678 2280 orationis
693 2243 875 2282 faciendae
895 2255 931 2283 et
947 2246 1124 2284 ornandae
1145 2249 1312 2285 auctores
1330 2248 1633 2301 locupletissimi,
1653 2248 1758 2285 sum—

359 2308 492 2359 mique
510 2309 578 2360 ipfi
598 2318 777 2353 oratores,
800 2310 870 2347 effe
890 2308 1065 2349 debeant'.
1090 2312 1162 2349 Sed
1182 2314 1268 2364 quis
1289 2314 1469 2351 omnium
1491 2314 1649 2357 doctior,
1672 2314 1758 2364 quis

358 2374 519 2417 acutior,
564 2375 650 2426 quis
688 2375 728 2412 in
759 2376 870 2413 rebus
905 2377 962 2414 vel
1002 2378 1256 2423 inveniendis,
1302 2379 1359 2417 vel
1388 2379 1606 2432 judicandis
1637 2378 1758 2414 acrior

357 2438 562 2477 Aristotele
597 2439 672 2478 fuit
691 2441 704 2476 ?
749 2442 835 2492 quis
870 2456 984 2493 porro
1026 2442 1179 2480 Isocrati
1214 2443 1266 2481 est
1299 2444 1510 2482 adversatus
1541 2442 1722 2480 infenfius
1742 2443 1754 2478 ?

357 2504 395 2543 Is
416 2505 536 2557 igitur
568 2505 717 2545 versum
747 2507 787 2544 in
814 2508 983 2546 oratione
1009 2517 1111 2547 vetat
1140 2508 1224 2554 effe,
1255 2523 1462 2555 numerum
1483 2509 1611 2561 jubet.
1660 2508 1756 2560 Ejus
