2176 2912
695 187 1407 227 ORATORIBUS.
1674 203 1748 242 353

350 280 417 332 qui
439 293 531 318 cum
552 278 740 331 superiore
760 278 945 317 Africano
963 279 1107 318 Consul
1122 279 1210 318 fuit.
1245 280 1375 333 Ipsum
1398 280 1618 333 Scipionem
1639 296 1748 320 acce-

348 346 478 397 pimus
511 359 587 382 non
620 343 809 382 infantem
841 344 962 383 fuisse.
1011 346 1133 383 Filius
1167 346 1324 398 quidem
1356 347 1450 398 ejus,
1479 347 1523 391 is,
1557 348 1623 398 qui
1643 346 1749 386 1111116

348 411 540 447 minorem
563 410 783 462 Scipionem
814 424 834 448 a
866 411 985 449 Paulo
1016 411 1223 464 adoptavit,
1257 412 1283 449 fi
1307 425 1465 465 corpore
1493 412 1674 458 valuisset,
1709 414 1749 452 in

344 476 481 527 primis
514 475 668 514 habitus
699 476 788 514 effet
821 477 993 515 disertus.
1054 477 1231 516 Indicant
1251 491 1343 516 cum
1369 478 1632 523 oratiunculae,
1665 489 1750 518 tum

344 539 499 579 historia
519 542 694 594 quaedam
716 544 863 588 Graeca,
886 543 1022 596 scripta
1041 544 1268 583 dulciffime.

399 608 492 647 XX.
525 609 781 661 Numeroque
800 610 937 648 eodem
955 609 1033 647 fuit
1054 613 1139 648 Sex.
1162 611 1304 656 AElius,
1323 611 1420 662 juris
1443 611 1604 663 quidem
1625 611 1749 649 civilis

344 675 525 713 omnium
544 675 804 728 peritiffimus,
833 676 895 714 sed
914 677 1031 714 etiam
1053 677 1098 714 ad
1116 677 1328 715 dicendum
1347 687 1511 730 paratus.
1535 678 1597 716 De
1617 677 1748 715 mino-

344 740 450 778 ribus
467 750 610 786 autem,
629 742 676 779 C.
697 741 888 794 Sulpicius
907 742 1058 787 Gallus,
1080 743 1147 794 qui
1165 744 1334 781 maxime
1354 743 1534 782 omnium
1554 743 1749 781 nobilium

347 806 492 844 Graecis
522 807 640 844 literis
661 807 819 852 studuit,
850 807 956 859 isque
975 817 1012 845 et
1032 818 1228 846 oratorum
1249 809 1289 847 in
1310 822 1471 847 numero
1495 808 1548 846 est
1575 807 1747 853 habitus,

343 880 381 909 et
400 871 477 910 fuit
498 873 653 924 reliquis
675 873 786 910 rebus
806 882 960 911 ornatus
982 883 1095 926 atque
1115 875 1278 927 elegans.
1317 876 1405 926 Jam
1426 875 1532 913 enim
1551 884 1628 913 erat
1649 888 1747 913 unc-

343 937 417 974 tior
448 938 638 989 quaedam,
671 938 980 990 splendidiorque
1008 939 1244 978 consuetudo
1274 941 1470 993 loquendi.
1521 941 1642 985 Nam,
1671 940 1747 978 hoc

343 1003 507 1041 Praetore
526 1004 637 1042 ludos
659 1004 836 1056 Apollini
856 1004 1035 1050 faciente,
1057 1018 1148 1043 cum
1169 1005 1380 1058 Thyestem
1401 1005 1573 1043 fabulam
1594 1006 1746 1044 docuis-

342 1068 409 1112 set,
432 1070 669 1121 QMarcio
699 1070 774 1108 Cn.
794 1071 953 1108 Servilio
974 1072 1224 1117 Consulibus,
1247 1082 1414 1111 mortem
1435 1072 1534 1110 obiit
1550 1073 1717 1110 Ennius.

384 1135 476 1173 Erat
490 1135 624 1173 iisdem
638 1136 875 1188 temporibus
893 1137 988 1175 Tib.
1009 1137 1223 1183 Gracchus,
1243 1140 1286 1177 P.
1305 1138 1422 1183 filius,
1440 1139 1507 1190 qui
1525 1139 1583 1177 bis
1601 1138 1746 1177 Consul

342 1208 380 1237 et
402 1201 544 1239 Censor
564 1201 653 1246 fuit,
668 1203 777 1254 cujus
794 1202 846 1240 est
864 1202 983 1241 oratio
997 1204 1132 1241 Graeca
1146 1205 1247 1257 apud
1260 1203 1436 1243 Rhodios
1453 1222 1464 1250 5
1488 1218 1606 1257 quem
1621 1205 1747 1243 civem

341 1279 435 1304 cum
454 1281 622 1320 gravem,
641 1277 726 1305 tum
746 1268 862 1305 etiam
878 1268 1125 1320 eloquentem
1146 1270 1291 1308 constat
1306 1269 1428 1308 fuifl‘e.
1467 1271 1512 1308 P.
1528 1270 1645 1308 etiam
1662 1271 1746 1309 Sci-

341 1332 499 1384 pionem
521 1334 713 1379 Naficam,
736 1334 804 1386 qui
823 1334 875 1372 est
896 1335 1084 1374 Corculum
1104 1336 1329 1388 appellatus,
1352 1336 1420 1388 qui
1440 1336 1536 1373 item
1556 1336 1614 1374 bis
1635 1337 1744 1374 Con-

341 1398 397 1436 sul
423 1409 459 1437 et
481 1400 625 1438 Censor
644 1399 733 1445 fuit,
765 1399 945 1440 habitum
976 1401 1225 1453 eloquentem
1253 1403 1375 1447 aiunt,
1407 1401 1526 1446 illius,
1559 1403 1627 1454 qui
1648 1402 1746 1440 sacra

341 1467 541 1518 acceperit,
573 1466 713 1504 filium.
760 1467 912 1504 Dicunt
931 1468 1046 1505 etiam
1068 1469 1115 1506 L.
1140 1468 1369 1512 Lentulum,
1404 1468 1472 1519 qui
1492 1481 1585 1505 cum
1607 1469 1655 1506 C.
1675 1468 1745 1506 Fi-

340 1532 432 1584 gulo
455 1532 598 1571 Consul
618 1532 717 1577 fuit;
742 1533 1080 1585 QNobiliorem,
1098 1534 1161 1572 M.
1178 1534 1319 1578 filium,
1333 1535 1415 1585 jam
1432 1534 1554 1586 patrio
1570 1534 1746 1572 instituto

337 1585 516 1636 'deditum
538 1598 662 1637 studio
688 1599 899 1643 literarum,
920 1599 988 1651 qui
1008 1599 1123 1637 etiam
1145 1600 1416 1651 QEnnium,
1438 1599 1505 1651 qui
1525 1613 1618 1638 cum
1638 1609 1745 1653 patre

340 1665 420 1715 ejus
443 1665 482 1702 in
503 1666 648 1703 AEtolia
668 1666 911 1710 militaverat,
942 1667 1095 1704 civitate
1115 1666 1284 1711 donavit,
1304 1680 1396 1704 cum
1410 1666 1615 1705 Triumvir
1634 1667 1743 1704 colo-

341 1730 445 1767 niam
465 1731 698 1775 deduxisset,
730 1741 767 1769 et
788 1732 840 1769 T.
864 1732 1042 1769 Annium
1063 1732 1249 1778 Luscum,
1280 1731 1396 1785 hujus
1418 1732 1625 1784 QFulvii
1659 1733 1742 1771 col-

341 1795 481 1847 legam,
506 1809 581 1833 non
602 1796 827 1834 indisertum
848 1796 984 1834 dicunt
1004 1796 1126 1835 fuiss‘e.

395 1863 526 1913 Atque
559 1861 674 1899 etiam
707 1862 754 1899 L.
779 1862 920 1900 Paulus
957 1861 1131 1900 Africani
1166 1873 1285 1915 pater,
1322 1864 1521 1916 personam
1556 1863 1741 1916 principis

338 1927 430 1965 civis
463 1927 573 1965 facile
607 1928 769 1965 dicendo
804 1928 1003 1973 tuebatur;
1036 1938 1073 1966 et
1099 1943 1188 1967 vero
1219 1931 1335 1967 etiam
1358 1940 1442 1967 tum
1467 1931 1613 1967 Catone
1638 1931 1740 1975 vivo,

337 1993 404 2043 qui
426 2006 543 2031 annos
565 1994 737 2045 quinque
757 2002 793 2030 ct
809 1994 1004 2045 octoginta
1024 2003 1134 2032 natus
1155 1995 1308 2032 exceffit
1330 2009 1349 2032 e
1368 1996 1456 2039 vita,
1475 2009 1566 2032 cum
1582 1995 1741 2047 quidem

339 2071 383 2096 eo
404 2059 483 2111 ipso
504 2073 603 2097 anno
623 2069 755 2097 contra
776 2061 852 2098 Ser.
873 2061 1040 2098 Galbam
1061 2061 1107 2098 ad
1123 2062 1313 2113 populum
1333 2062 1480 2099 summa
1495 2062 1742 2100 contentione

341 2123 488 2162 dixissct
507 2144 518 2170 5
551 2139 668 2177 quam
689 2127 803 2164 etiam
825 2127 1038 2164 orationem
1060 2126 1238 2179 scriptam
1261 2128 1430 2179 reliquit.

394 2190 505 2227 XXI.
540 2192 611 2228 Sed
632 2192 718 2230 vivo
740 2193 888 2230 Catone
908 2193 1077 2231 minores
1099 2203 1188 2231 natu
1211 2194 1327 2231 multi
1358 2207 1434 2232 uno
1462 2203 1634 2247 tempore
1655 2207 1739 2232 ora-

340 2266 437 2291 tores
452 2254 675 2294 floruerunt.
708 2257 813 2295 Nam
829 2268 867 2296 et
886 2260 936 2296 A.
960 2259 1142 2303 Albinus,
1159 2262 1203 2304 is,
1222 2260 1288 2310 qui
1307 2261 1440 2297 Graece
1458 2260 1598 2312 scripsit
1618 2259 1738 2297 hislo-

339 2321 448 2364 riam,
464 2322 531 2372 qui
545 2322 688 2359 Consul
711 2337 802 2360 cum
819 2325 867 2362 L.
884 2325 1052 2363 Lucullo
1068 2325 1156 2369 fuit,
1172 2334 1208 2362 ct
1228 2326 1397 2364 literatus
1418 2336 1455 2364 et
1468 2326 1625 2364 disertus
1641 2325 1736 2362 suit:

337 2396 375 2423 et
396 2387 517 2423 tenuit
531 2400 622 2424 cum
643 2386 718 2425 hoc
739 2389 870 2427 locum
885 2391 1076 2442 quendam
1095 2391 1209 2428 ctiam
1228 2393 1304 2429 Ser.
1326 2393 1499 2436 Fulvius,
1517 2401 1553 2428 ct
1570 2404 1643 2428 una
1659 2394 1736 2430 Ser.

340 2452 480 2489 Fabius
503 2452 643 2497 Pictor,
674 2455 836 2505 etjuris,
867 2465 904 2492 et
930 2456 1141 2500 literarum,
1173 2466 1210 2493 et
1241 2458 1479 2509 antiquitatis
1512 2457 1606 2493 bene
1637 2455 1737 2506 peri-

337 2526 412 2555 tus.
445 2518 692 2571 Qintusque
713 2520 853 2560 Fabius
875 2522 1005 2562 Labeo
1024 2521 1100 2560 fuit
1120 2531 1273 2561 ornatus
1296 2523 1430 2561 iisdem
1449 2521 1526 2561 fere
1547 2520 1738 2562 laudibus,

439 2585 476 2624 T
491 2598 514 2623 ο
531 2597 582 2624 Μ.
615 2586 649 2625 Ι.
1178 2588 1214 2626 Y
1244 2602 1269 2638 y
