<?xml version="1.0" encoding="UTF-8"?>
<!DOCTYPE html PUBLIC "-//W3C//DTD XHTML 1.0 Transitional//EN"
    "http://www.w3.org/TR/xhtml1/DTD/xhtml1-transitional.dtd">
<html xmlns="http://www.w3.org/1999/xhtml" xml:lang="en" lang="en">
 <head>
  <title>
</title>
<meta http-equiv="Content-Type" content="text/html;charset=utf-8" />
  <meta name='ocr-system' content='tesseract 3.04.00' />
  <meta name='ocr-capabilities' content='ocr_page ocr_carea ocr_par ocr_line ocrx_word'/>
</head>
<body>
  <div class='ocr_page' id='page_1' title='image "./operacumindicibu01ciceuoft_0107.png"; bbox 0 0 2176 2912; ppageno 0'>
   <div class='ocr_carea' id='block_1_1' title="bbox 474 186 1671 244">
    <p class='ocr_par' dir='ltr' id='par_1_1' title="bbox 474 186 1671 244">
     <span class='ocr_line' id='line_1_1' title="bbox 474 186 1671 244; baseline 0.002 -17"><span class='ocrx_word' id='word_1_1' title='bbox 474 187 795 227; x_wconf 92' lang='lat' dir='ltr'><strong>LIBER</strong></span> <span class='ocrx_word' id='word_1_2' title='bbox 871 186 1448 229; x_wconf 89' lang='lat' dir='ltr'><strong>SECUNDUS.</strong></span> <span class='ocrx_word' id='word_1_3' title='bbox 1619 204 1671 244; x_wconf 90' lang='lat'>97</span> 
     </span>
    </p>
   </div>
   <div class='ocr_carea' id='block_1_2' title="bbox 264 277 1693 2566">
    <p class='ocr_par' dir='ltr' id='par_1_2' title="bbox 264 277 1670 386">
     <span class='ocr_line' id='line_1_2' title="bbox 264 277 1670 334; baseline -0.001 -13"><span class='ocrx_word' id='word_1_4' title='bbox 264 282 411 322; x_wconf 87' lang='lat' dir='ltr'>sumere</span> <span class='ocrx_word' id='word_1_5' title='bbox 430 280 579 324; x_wconf 83' lang='lat' dir='ltr'>licebit,</span> <span class='ocrx_word' id='word_1_6' title='bbox 607 287 645 317; x_wconf 87' lang='lat' dir='ltr'>et</span> <span class='ocrx_word' id='word_1_7' title='bbox 674 277 880 332; x_wconf 87' lang='lat' dir='ltr'>oportebit,</span> <span class='ocrx_word' id='word_1_8' title='bbox 914 278 940 316; x_wconf 89' lang='lat' dir='ltr'>fi</span> <span class='ocrx_word' id='word_1_9' title='bbox 969 279 1086 317; x_wconf 80' lang='lat' dir='ltr'>causae</span> <span class='ocrx_word' id='word_1_10' title='bbox 1117 279 1283 332; x_wconf 85' lang='lat' dir='ltr'>dignitas</span> <span class='ocrx_word' id='word_1_11' title='bbox 1317 281 1511 319; x_wconf 90' lang='lat' dir='ltr'>videbitur</span> <span class='ocrx_word' id='word_1_12' title='bbox 1540 282 1670 334; x_wconf 89' lang='lat' dir='ltr'>postu-</span> 
     </span>
     <span class='ocr_line' id='line_1_3' title="bbox 265 349 353 386; baseline -0.011 0"><span class='ocrx_word' id='word_1_13' title='bbox 265 349 353 386; x_wconf 89' lang='lat' dir='ltr'>lare.</span> 
     </span>
    </p>

    <p class='ocr_par' dir='ltr' id='par_1_3' title="bbox 264 409 1674 721">
     <span class='ocr_line' id='line_1_4' title="bbox 318 409 1671 463; baseline 0.001 -13"><span class='ocrx_word' id='word_1_14' title='bbox 318 411 471 450; x_wconf 89' lang='lat' dir='ltr'>XXIV.</span> <span class='ocrx_word' id='word_1_15' title='bbox 504 411 625 450; x_wconf 90' lang='lat' dir='ltr'>Nunc</span> <span class='ocrx_word' id='word_1_16' title='bbox 644 409 915 463; x_wconf 85' lang='lat' dir='ltr'>affumptivam</span> <span class='ocrx_word' id='word_1_17' title='bbox 944 420 1093 463; x_wconf 88' lang='lat' dir='ltr'>partem</span> <span class='ocrx_word' id='word_1_18' title='bbox 1118 410 1347 463; x_wconf 85' lang='lat' dir='ltr'>juridicialis</span> <span class='ocrx_word' id='word_1_19' title='bbox 1377 412 1671 451; x_wconf 86' lang='lat' dir='ltr'>confideremus.</span> 
     </span>
     <span class='ocr_line' id='line_1_5' title="bbox 264 475 1670 529; baseline -0.001 -13"><span class='ocrx_word' id='word_1_20' title='bbox 264 476 508 529; x_wconf 84' lang='lat' dir='ltr'>Affumptiva</span> <span class='ocrx_word' id='word_1_21' title='bbox 527 476 646 528; x_wconf 89' lang='lat' dir='ltr'>igitur</span> <span class='ocrx_word' id='word_1_22' title='bbox 663 485 756 513; x_wconf 91' lang='lat' dir='ltr'>tunc</span> <span class='ocrx_word' id='word_1_23' title='bbox 776 475 932 520; x_wconf 89' lang='lat' dir='ltr'>dicitur,</span> <span class='ocrx_word' id='word_1_24' title='bbox 964 489 1057 514; x_wconf 86' lang='lat' dir='ltr'>cum</span> <span class='ocrx_word' id='word_1_25' title='bbox 1085 475 1211 528; x_wconf 88' lang='lat' dir='ltr'>ipsum</span> <span class='ocrx_word' id='word_1_26' title='bbox 1231 489 1278 515; x_wconf 82' lang='lat' dir='ltr'>ex</span> <span class='ocrx_word' id='word_1_27' title='bbox 1298 476 1333 514; x_wconf 90' lang='lat' dir='ltr'>se</span> <span class='ocrx_word' id='word_1_28' title='bbox 1353 476 1500 515; x_wconf 60' lang='lat' dir='ltr'>factum</span> <span class='ocrx_word' id='word_1_29' title='bbox 1520 478 1670 529; x_wconf 84' lang='lat' dir='ltr'>probari</span> 
     </span>
     <span class='ocr_line' id='line_1_6' title="bbox 264 541 1670 597; baseline -0.001 -15"><span class='ocrx_word' id='word_1_30' title='bbox 264 558 343 582; x_wconf 91' lang='lat' dir='ltr'>non</span> <span class='ocrx_word' id='word_1_31' title='bbox 373 543 507 597; x_wconf 90' lang='lat' dir='ltr'>potest,</span> <span class='ocrx_word' id='word_1_32' title='bbox 539 543 670 595; x_wconf 87' lang='lat' dir='ltr'>aliquo</span> <span class='ocrx_word' id='word_1_33' title='bbox 689 552 819 582; x_wconf 88' lang='lat' dir='ltr'>autem</span> <span class='ocrx_word' id='word_1_34' title='bbox 849 541 943 581; x_wconf 86' lang='lat' dir='ltr'>foris</span> <span class='ocrx_word' id='word_1_35' title='bbox 974 543 1153 595; x_wconf 62' lang='lat' dir='ltr'>adjuncto</span> <span class='ocrx_word' id='word_1_36' title='bbox 1184 552 1412 595; x_wconf 86' lang='lat' dir='ltr'>argumento</span> <span class='ocrx_word' id='word_1_37' title='bbox 1438 542 1670 581; x_wconf 88' lang='lat' dir='ltr'>defenditur.</span> 
     </span>
     <span class='ocr_line' id='line_1_7' title="bbox 265 608 1674 663; baseline -0.002 -14"><span class='ocrx_word' id='word_1_38' title='bbox 265 611 361 663; x_wconf 90' lang='lat' dir='ltr'>Ejus</span> <span class='ocrx_word' id='word_1_39' title='bbox 380 619 501 662; x_wconf 85' lang='lat' dir='ltr'>partes</span> <span class='ocrx_word' id='word_1_40' title='bbox 522 609 608 647; x_wconf 90' lang='lat' dir='ltr'>sunt</span> <span class='ocrx_word' id='word_1_41' title='bbox 628 618 792 661; x_wconf 87' lang='lat' dir='ltr'>quatuor</span> <span class='ocrx_word' id='word_1_42' title='bbox 804 627 816 654; x_wconf 67' lang='grc' dir='ltr'><strong><em>ς</em></strong></span> <span class='ocrx_word' id='word_1_43' title='bbox 850 609 1099 662; x_wconf 86' lang='lat' dir='ltr'>comparatio,</span> <span class='ocrx_word' id='word_1_44' title='bbox 1132 608 1264 647; x_wconf 87' lang='lat' dir='ltr'>relatio</span> <span class='ocrx_word' id='word_1_45' title='bbox 1284 608 1474 653; x_wconf 89' lang='lat' dir='ltr'>criminis,</span> <span class='ocrx_word' id='word_1_46' title='bbox 1510 609 1674 647; x_wconf 85' lang='lat' dir='ltr'>remotio</span> 
     </span>
     <span class='ocr_line' id='line_1_8' title="bbox 266 674 689 721; baseline 0 -7"><span class='ocrx_word' id='word_1_47' title='bbox 266 676 458 721; x_wconf 88' lang='lat' dir='ltr'>criminis,</span> <span class='ocrx_word' id='word_1_48' title='bbox 489 674 689 714; x_wconf 87' lang='lat' dir='ltr'>conceffio.</span> 
     </span>
    </p>

    <p class='ocr_par' dir='ltr' id='par_1_4' title="bbox 266 739 1679 1254">
     <span class='ocr_line' id='line_1_9' title="bbox 321 739 1675 795; baseline -0.002 -14"><span class='ocrx_word' id='word_1_49' title='bbox 321 741 570 795; x_wconf 84' lang='lat' dir='ltr'>Comparatio</span> <span class='ocrx_word' id='word_1_50' title='bbox 595 741 661 785; x_wconf 89' lang='lat' dir='ltr'>est,</span> <span class='ocrx_word' id='word_1_51' title='bbox 692 754 784 779; x_wconf 89' lang='lat' dir='ltr'>cum</span> <span class='ocrx_word' id='word_1_52' title='bbox 807 740 963 793; x_wconf 88' lang='lat' dir='ltr'>aliquod</span> <span class='ocrx_word' id='word_1_53' title='bbox 982 739 1144 786; x_wconf 61' lang='lat' dir='ltr'>factum,</span> <span class='ocrx_word' id='word_1_54' title='bbox 1181 741 1285 793; x_wconf 91' lang='lat' dir='ltr'>quod</span> <span class='ocrx_word' id='word_1_55' title='bbox 1304 754 1370 794; x_wconf 88' lang='lat' dir='ltr'>per</span> <span class='ocrx_word' id='word_1_56' title='bbox 1393 740 1427 779; x_wconf 94' lang='lat' dir='ltr'>se</span> <span class='ocrx_word' id='word_1_57' title='bbox 1448 740 1576 793; x_wconf 88' lang='lat' dir='ltr'>ipsum</span> <span class='ocrx_word' id='word_1_58' title='bbox 1597 753 1675 778; x_wconf 88' lang='lat' dir='ltr'>non</span> 
     </span>
     <span class='ocr_line' id='line_1_10' title="bbox 267 806 1676 860; baseline -0.001 -14"><span class='ocrx_word' id='word_1_59' title='bbox 267 808 311 846; x_wconf 89' lang='lat' dir='ltr'>fit</span> <span class='ocrx_word' id='word_1_60' title='bbox 329 807 585 860; x_wconf 83' lang='lat' dir='ltr'>probandum,</span> <span class='ocrx_word' id='word_1_61' title='bbox 607 820 654 845; x_wconf 85' lang='lat' dir='ltr'>ex</span> <span class='ocrx_word' id='word_1_62' title='bbox 673 820 731 851; x_wconf 87' lang='lat' dir='ltr'>eo,</span> <span class='ocrx_word' id='word_1_63' title='bbox 759 807 868 858; x_wconf 87' lang='lat' dir='ltr'>cujus</span> <span class='ocrx_word' id='word_1_64' title='bbox 887 807 927 844; x_wconf 93' lang='lat' dir='ltr'>id</span> <span class='ocrx_word' id='word_1_65' title='bbox 946 807 1055 844; x_wconf 87' lang='lat' dir='ltr'>causa</span> <span class='ocrx_word' id='word_1_66' title='bbox 1075 806 1222 845; x_wconf 65' lang='lat' dir='ltr'>factum</span> <span class='ocrx_word' id='word_1_67' title='bbox 1242 807 1308 851; x_wconf 89' lang='lat' dir='ltr'>est,</span> <span class='ocrx_word' id='word_1_68' title='bbox 1340 806 1571 844; x_wconf 88' lang='lat' dir='ltr'>defenditur.</span> <span class='ocrx_word' id='word_1_69' title='bbox 1619 806 1676 844; x_wconf 89' lang='lat' dir='ltr'>Ea</span> 
     </span>
     <span class='ocr_line' id='line_1_11' title="bbox 266 871 1675 925; baseline -0.001 -14"><span class='ocrx_word' id='word_1_70' title='bbox 266 873 319 911; x_wconf 89' lang='lat' dir='ltr'>est</span> <span class='ocrx_word' id='word_1_71' title='bbox 337 872 559 925; x_wconf 89' lang='lat' dir='ltr'>hujusmodi</span> <span class='ocrx_word' id='word_1_72' title='bbox 575 891 587 917; x_wconf 81' lang='lat'>3</span> <span class='ocrx_word' id='word_1_73' title='bbox 620 872 793 923; x_wconf 84' lang='lat' dir='ltr'>Qidam</span> <span class='ocrx_word' id='word_1_74' title='bbox 814 872 1033 924; x_wconf 86' lang='lat' dir='ltr'>imperator,</span> <span class='ocrx_word' id='word_1_75' title='bbox 1055 887 1147 910; x_wconf 89' lang='lat' dir='ltr'>cum</span> <span class='ocrx_word' id='word_1_76' title='bbox 1165 873 1211 910; x_wconf 89' lang='lat' dir='ltr'>ab</span> <span class='ocrx_word' id='word_1_77' title='bbox 1231 871 1404 910; x_wconf 89' lang='lat' dir='ltr'>hostibus</span> <span class='ocrx_word' id='word_1_78' title='bbox 1425 871 1675 910; x_wconf 84' lang='lat' dir='ltr'>circumside-</span> 
     </span>
     <span class='ocr_line' id='line_1_12' title="bbox 266 925 1679 991; baseline -0.001 -15"><span class='ocrx_word' id='word_1_79' title='bbox 266 948 383 984; x_wconf 87' lang='lat' dir='ltr'>retur,</span> <span class='ocrx_word' id='word_1_80' title='bbox 414 951 538 990; x_wconf 87' lang='lat' dir='ltr'>neque</span> <span class='ocrx_word' id='word_1_81' title='bbox 556 937 721 990; x_wconf 84' lang='lat' dir='ltr'>effugere</span> <span class='ocrx_word' id='word_1_82' title='bbox 741 937 822 975; x_wconf 89' lang='lat' dir='ltr'>ullo</span> <span class='ocrx_word' id='word_1_83' title='bbox 849 925 967 976; x_wconf 72' lang='lat' dir='ltr'>inodo</span> <span class='ocrx_word' id='word_1_84' title='bbox 987 937 1119 991; x_wconf 74' lang='lat' dir='ltr'>posset,</span> <span class='ocrx_word' id='word_1_85' title='bbox 1151 938 1330 990; x_wconf 62' lang='lat' dir='ltr'>depactus</span> <span class='ocrx_word' id='word_1_86' title='bbox 1351 938 1403 975; x_wconf 91' lang='lat' dir='ltr'>est</span> <span class='ocrx_word' id='word_1_87' title='bbox 1423 951 1516 975; x_wconf 90' lang='lat' dir='ltr'>cum</span> <span class='ocrx_word' id='word_1_88' title='bbox 1543 937 1611 981; x_wconf 89' lang='lat' dir='ltr'>eis,</span> <span class='ocrx_word' id='word_1_89' title='bbox 1635 946 1679 974; x_wconf 90' lang='lat' dir='ltr'>ut</span> 
     </span>
     <span class='ocr_line' id='line_1_13' title="bbox 266 1001 1677 1057; baseline -0.001 -15"><span class='ocrx_word' id='word_1_90' title='bbox 266 1017 371 1043; x_wconf 87' lang='lat' dir='ltr'>arma</span> <span class='ocrx_word' id='word_1_91' title='bbox 391 1013 429 1043; x_wconf 90' lang='lat' dir='ltr'>et</span> <span class='ocrx_word' id='word_1_92' title='bbox 448 1004 727 1057; x_wconf 82' lang='lat' dir='ltr'>impedimenta</span> <span class='ocrx_word' id='word_1_93' title='bbox 746 1004 988 1056; x_wconf 86' lang='lat' dir='ltr'>relinqueret,</span> <span class='ocrx_word' id='word_1_94' title='bbox 1011 1004 1155 1042; x_wconf 82' lang='lat' dir='ltr'>milites</span> <span class='ocrx_word' id='word_1_95' title='bbox 1176 1003 1376 1047; x_wconf 86' lang='lat' dir='ltr'>educeret;</span> <span class='ocrx_word' id='word_1_96' title='bbox 1409 1001 1539 1055; x_wconf 67' lang='lat' dir='ltr'>itaque</span> <span class='ocrx_word' id='word_1_97' title='bbox 1560 1002 1677 1040; x_wconf 83' lang='lat' dir='ltr'>fecit:</span> 
     </span>
     <span class='ocr_line' id='line_1_14' title="bbox 266 1068 1677 1123; baseline -0.003 -14"><span class='ocrx_word' id='word_1_98' title='bbox 266 1071 382 1109; x_wconf 84' lang='lat' dir='ltr'>armis</span> <span class='ocrx_word' id='word_1_99' title='bbox 403 1080 441 1109; x_wconf 90' lang='lat' dir='ltr'>et</span> <span class='ocrx_word' id='word_1_100' title='bbox 468 1070 756 1123; x_wconf 85' lang='lat' dir='ltr'>impedimentis</span> <span class='ocrx_word' id='word_1_101' title='bbox 777 1070 932 1115; x_wconf 87' lang='lat' dir='ltr'>amiffis,</span> <span class='ocrx_word' id='word_1_102' title='bbox 967 1079 1101 1123; x_wconf 84' lang='lat' dir='ltr'>praeter</span> <span class='ocrx_word' id='word_1_103' title='bbox 1121 1069 1226 1123; x_wconf 88' lang='lat' dir='ltr'>spem</span> <span class='ocrx_word' id='word_1_104' title='bbox 1258 1069 1401 1107; x_wconf 84' lang='lat' dir='ltr'>milites</span> <span class='ocrx_word' id='word_1_105' title='bbox 1429 1068 1677 1106; x_wconf 75' lang='lat' dir='ltr'>conservavit.</span> 
     </span>
     <span class='ocr_line' id='line_1_15' title="bbox 267 1133 1679 1188; baseline -0.001 -14"><span class='ocrx_word' id='word_1_106' title='bbox 267 1136 481 1175; x_wconf 86' lang='lat' dir='ltr'>Accusatur</span> <span class='ocrx_word' id='word_1_107' title='bbox 501 1136 720 1188; x_wconf 85' lang='lat' dir='ltr'>majestatis.</span> <span class='ocrx_word' id='word_1_108' title='bbox 779 1137 948 1175; x_wconf 89' lang='lat' dir='ltr'>Incurrit</span> <span class='ocrx_word' id='word_1_109' title='bbox 967 1135 1046 1175; x_wconf 90' lang='lat' dir='ltr'>huc</span> <span class='ocrx_word' id='word_1_110' title='bbox 1063 1133 1251 1175; x_wconf 85' lang='lat' dir='ltr'>definitio.</span> <span class='ocrx_word' id='word_1_111' title='bbox 1311 1135 1383 1174; x_wconf 88' lang='lat' dir='ltr'>Sed</span> <span class='ocrx_word' id='word_1_112' title='bbox 1402 1148 1470 1174; x_wconf 88' lang='lat' dir='ltr'>nos</span> <span class='ocrx_word' id='word_1_113' title='bbox 1491 1133 1598 1172; x_wconf 89' lang='lat' dir='ltr'>hunc</span> <span class='ocrx_word' id='word_1_114' title='bbox 1618 1133 1679 1172; x_wconf 91' lang='lat' dir='ltr'>lo-</span> 
     </span>
     <span class='ocr_line' id='line_1_16' title="bbox 269 1201 1036 1254; baseline 0.001 -14"><span class='ocrx_word' id='word_1_115' title='bbox 269 1215 377 1246; x_wconf 89' lang='lat' dir='ltr'>cum,</span> <span class='ocrx_word' id='word_1_116' title='bbox 408 1201 456 1239; x_wconf 91' lang='lat' dir='ltr'>de</span> <span class='ocrx_word' id='word_1_117' title='bbox 475 1215 553 1254; x_wconf 89' lang='lat' dir='ltr'>quo</span> <span class='ocrx_word' id='word_1_118' title='bbox 572 1202 711 1254; x_wconf 84' lang='lat' dir='ltr'>agitur,</span> <span class='ocrx_word' id='word_1_119' title='bbox 743 1202 1036 1241; x_wconf 89' lang='lat' dir='ltr'>confideremus.</span> 
     </span>
    </p>

    <p class='ocr_par' dir='ltr' id='par_1_5' title="bbox 270 1266 1685 1964">
     <span class='ocr_line' id='line_1_17' title="bbox 325 1266 1678 1320; baseline -0.001 -16"><span class='ocrx_word' id='word_1_120' title='bbox 325 1267 495 1305; x_wconf 89' lang='lat' dir='ltr'>Intentio</span> <span class='ocrx_word' id='word_1_121' title='bbox 525 1266 591 1311; x_wconf 88' lang='lat' dir='ltr'>est,</span> <span class='ocrx_word' id='word_1_122' title='bbox 623 1267 718 1305; x_wconf 91' lang='lat' dir='ltr'>Non</span> <span class='ocrx_word' id='word_1_123' title='bbox 748 1267 919 1319; x_wconf 90' lang='lat' dir='ltr'>oportuit</span> <span class='ocrx_word' id='word_1_124' title='bbox 948 1281 1052 1306; x_wconf 86' lang='lat' dir='ltr'>arma</span> <span class='ocrx_word' id='word_1_125' title='bbox 1081 1277 1119 1305; x_wconf 92' lang='lat' dir='ltr'>et</span> <span class='ocrx_word' id='word_1_126' title='bbox 1149 1266 1429 1320; x_wconf 88' lang='lat' dir='ltr'>impedimenta</span> <span class='ocrx_word' id='word_1_127' title='bbox 1448 1266 1678 1318; x_wconf 87' lang='lat' dir='ltr'>relinquere.</span> 
     </span>
     <span class='ocr_line' id='line_1_18' title="bbox 270 1330 1679 1385; baseline -0.003 -12"><span class='ocrx_word' id='word_1_128' title='bbox 270 1332 456 1385; x_wconf 89' lang='lat' dir='ltr'>Depulfio</span> <span class='ocrx_word' id='word_1_129' title='bbox 482 1332 547 1378; x_wconf 90' lang='lat' dir='ltr'>est,</span> <span class='ocrx_word' id='word_1_130' title='bbox 580 1333 780 1385; x_wconf 89' lang='lat' dir='ltr'>Oportuit.</span> <span class='ocrx_word' id='word_1_131' title='bbox 827 1333 987 1385; x_wconf 84' lang='lat' dir='ltr'>Qestio</span> <span class='ocrx_word' id='word_1_132' title='bbox 1014 1333 1080 1378; x_wconf 89' lang='lat' dir='ltr'>est,</span> <span class='ocrx_word' id='word_1_133' title='bbox 1112 1333 1415 1385; x_wconf 88' lang='lat' dir='ltr'>Oportueritne?</span> <span class='ocrx_word' id='word_1_134' title='bbox 1466 1333 1583 1370; x_wconf 88' lang='lat' dir='ltr'>Ratio</span> <span class='ocrx_word' id='word_1_135' title='bbox 1613 1330 1679 1375; x_wconf 92' lang='lat' dir='ltr'>est,</span> 
     </span>
     <span class='ocr_line' id='line_1_19' title="bbox 270 1396 1680 1452; baseline -0.004 -14"><span class='ocrx_word' id='word_1_136' title='bbox 270 1398 424 1438; x_wconf 88' lang='lat' dir='ltr'>Milites</span> <span class='ocrx_word' id='word_1_137' title='bbox 445 1399 551 1436; x_wconf 90' lang='lat' dir='ltr'>enim</span> <span class='ocrx_word' id='word_1_138' title='bbox 571 1412 704 1437; x_wconf 87' lang='lat' dir='ltr'>omnes</span> <span class='ocrx_word' id='word_1_139' title='bbox 734 1399 937 1452; x_wconf 79' lang='lat' dir='ltr'>periiffent.</span> <span class='ocrx_word' id='word_1_140' title='bbox 981 1399 1197 1438; x_wconf 85' lang='lat' dir='ltr'>Infirmatio</span> <span class='ocrx_word' id='word_1_141' title='bbox 1216 1398 1282 1443; x_wconf 91' lang='lat' dir='ltr'>est,</span> <span class='ocrx_word' id='word_1_142' title='bbox 1314 1407 1378 1436; x_wconf 89' lang='lat' dir='ltr'>aut</span> <span class='ocrx_word' id='word_1_143' title='bbox 1397 1396 1680 1449; x_wconf 61' lang='lat' dir='ltr'>conjecturalis,</span> 
     </span>
     <span class='ocr_line' id='line_1_20' title="bbox 271 1462 1681 1517; baseline -0.003 -13"><span class='ocrx_word' id='word_1_144' title='bbox 271 1465 367 1504; x_wconf 91' lang='lat' dir='ltr'>Non</span> <span class='ocrx_word' id='word_1_145' title='bbox 397 1465 614 1517; x_wconf 87' lang='lat' dir='ltr'>periiffent;</span> <span class='ocrx_word' id='word_1_146' title='bbox 646 1475 710 1502; x_wconf 88' lang='lat' dir='ltr'>aut</span> <span class='ocrx_word' id='word_1_147' title='bbox 741 1465 1161 1517; x_wconf 62' lang='lat' dir='ltr'>astera-conjedturalss,</span> <span class='ocrx_word' id='word_1_148' title='bbox 1194 1464 1288 1503; x_wconf 91' lang='lat' dir='ltr'>Non</span> <span class='ocrx_word' id='word_1_149' title='bbox 1316 1463 1402 1501; x_wconf 89' lang='lat' dir='ltr'>ideo</span> <span class='ocrx_word' id='word_1_150' title='bbox 1421 1462 1557 1501; x_wconf 87' lang='lat' dir='ltr'>fecisti.</span> <span class='ocrx_word' id='word_1_151' title='bbox 1617 1463 1681 1500; x_wconf 84' lang='lat' dir='ltr'>Ex</span> 
     </span>
     <span class='ocr_line' id='line_1_21' title="bbox 271 1527 1683 1583; baseline -0.002 -15"><span class='ocrx_word' id='word_1_152' title='bbox 271 1530 414 1583; x_wconf 86' lang='lat' dir='ltr'>quibus</span> <span class='ocrx_word' id='word_1_153' title='bbox 446 1530 532 1567; x_wconf 92' lang='lat' dir='ltr'>sunt</span> <span class='ocrx_word' id='word_1_154' title='bbox 556 1530 826 1582; x_wconf 84' lang='lat' dir='ltr'>judicationes,</span> <span class='ocrx_word' id='word_1_155' title='bbox 859 1530 1131 1574; x_wconf 82' lang='lat' dir='ltr'>Periiffentne;</span> <span class='ocrx_word' id='word_1_156' title='bbox 1168 1539 1220 1574; x_wconf 89' lang='lat' dir='ltr'>et,</span> <span class='ocrx_word' id='word_1_157' title='bbox 1253 1529 1393 1568; x_wconf 90' lang='lat' dir='ltr'>Ideone</span> <span class='ocrx_word' id='word_1_158' title='bbox 1423 1527 1586 1573; x_wconf 89' lang='lat' dir='ltr'>fecerit;</span> <span class='ocrx_word' id='word_1_159' title='bbox 1618 1536 1683 1565; x_wconf 86' lang='lat' dir='ltr'>aut</span> 
     </span>
     <span class='ocr_line' id='line_1_22' title="bbox 270 1592 1682 1648; baseline -0.002 -15"><span class='ocrx_word' id='word_1_160' title='bbox 270 1595 353 1634; x_wconf 86' lang='lat' dir='ltr'>haec</span> <span class='ocrx_word' id='word_1_161' title='bbox 381 1597 650 1648; x_wconf 85' lang='lat' dir='ltr'>comparativa,</span> <span class='ocrx_word' id='word_1_162' title='bbox 682 1597 792 1648; x_wconf 88' lang='lat' dir='ltr'>cujus</span> <span class='ocrx_word' id='word_1_163' title='bbox 824 1609 927 1634; x_wconf 90' lang='lat' dir='ltr'>nunc</span> <span class='ocrx_word' id='word_1_164' title='bbox 958 1596 1192 1648; x_wconf 83' lang='lat' dir='ltr'>indigemus,</span> <span class='ocrx_word' id='word_1_165' title='bbox 1233 1596 1287 1633; x_wconf 85' lang='lat' dir='ltr'>At</span> <span class='ocrx_word' id='word_1_166' title='bbox 1318 1595 1423 1633; x_wconf 88' lang='lat' dir='ltr'>enim</span> <span class='ocrx_word' id='word_1_167' title='bbox 1457 1593 1572 1632; x_wconf 86' lang='lat' dir='ltr'>satius</span> <span class='ocrx_word' id='word_1_168' title='bbox 1605 1592 1682 1630; x_wconf 87' lang='lat' dir='ltr'>fuit</span> 
     </span>
     <span class='ocr_line' id='line_1_23' title="bbox 273 1660 1682 1715; baseline -0.003 -15"><span class='ocrx_word' id='word_1_169' title='bbox 273 1663 446 1700; x_wconf 89' lang='lat' dir='ltr'>amittere</span> <span class='ocrx_word' id='word_1_170' title='bbox 466 1662 625 1707; x_wconf 83' lang='lat' dir='ltr'>milites,</span> <span class='ocrx_word' id='word_1_171' title='bbox 648 1676 766 1714; x_wconf 90' lang='lat' dir='ltr'>quam</span> <span class='ocrx_word' id='word_1_172' title='bbox 787 1676 891 1700; x_wconf 88' lang='lat' dir='ltr'>arma</span> <span class='ocrx_word' id='word_1_173' title='bbox 910 1672 947 1700; x_wconf 91' lang='lat' dir='ltr'>et</span> <span class='ocrx_word' id='word_1_174' title='bbox 967 1662 1246 1715; x_wconf 87' lang='lat' dir='ltr'>impedimenta</span> <span class='ocrx_word' id='word_1_175' title='bbox 1265 1660 1437 1699; x_wconf 85' lang='lat' dir='ltr'>hostibus</span> <span class='ocrx_word' id='word_1_176' title='bbox 1460 1660 1682 1698; x_wconf 87' lang='lat' dir='ltr'>concedere.</span> 
     </span>
     <span class='ocr_line' id='line_1_24' title="bbox 274 1725 1682 1780; baseline -0.003 -14"><span class='ocrx_word' id='word_1_177' title='bbox 274 1729 336 1766; x_wconf 83' lang='lat' dir='ltr'>Ex</span> <span class='ocrx_word' id='word_1_178' title='bbox 367 1742 443 1780; x_wconf 87' lang='lat' dir='ltr'>qua</span> <span class='ocrx_word' id='word_1_179' title='bbox 466 1728 655 1780; x_wconf 77' lang='lat' dir='ltr'>judicatio</span> <span class='ocrx_word' id='word_1_180' title='bbox 675 1728 839 1766; x_wconf 84' lang='lat' dir='ltr'>nascitur</span> <span class='ocrx_word' id='word_1_181' title='bbox 855 1748 866 1773; x_wconf 76' lang='lat'>3</span> <span class='ocrx_word' id='word_1_182' title='bbox 900 1730 1005 1767; x_wconf 87' lang='lat' dir='ltr'>Cum</span> <span class='ocrx_word' id='word_1_183' title='bbox 1039 1742 1174 1767; x_wconf 90' lang='lat' dir='ltr'>omnes</span> <span class='ocrx_word' id='word_1_184' title='bbox 1195 1728 1354 1780; x_wconf 85' lang='lat' dir='ltr'>perituri</span> <span class='ocrx_word' id='word_1_185' title='bbox 1385 1727 1529 1764; x_wconf 84' lang='lat' dir='ltr'>milites</span> <span class='ocrx_word' id='word_1_186' title='bbox 1552 1725 1682 1770; x_wconf 84' lang='lat' dir='ltr'>essent,</span> 
     </span>
     <span class='ocr_line' id='line_1_25' title="bbox 277 1792 1683 1846; baseline -0.002 -15"><span class='ocrx_word' id='word_1_187' title='bbox 277 1794 345 1831; x_wconf 78' lang='lat' dir='ltr'>nisi</span> <span class='ocrx_word' id='word_1_188' title='bbox 365 1795 410 1831; x_wconf 85' lang='lat' dir='ltr'>ad</span> <span class='ocrx_word' id='word_1_189' title='bbox 430 1793 528 1831; x_wconf 82' lang='lat' dir='ltr'>hanc</span> <span class='ocrx_word' id='word_1_190' title='bbox 548 1796 764 1846; x_wconf 63' lang='lat' dir='ltr'>pactionem</span> <span class='ocrx_word' id='word_1_191' title='bbox 784 1795 980 1839; x_wconf 79' lang='lat' dir='ltr'>veniffent‚</span> <span class='ocrx_word' id='word_1_192' title='bbox 999 1804 1131 1832; x_wconf 86' lang='lat' dir='ltr'>utrum</span> <span class='ocrx_word' id='word_1_193' title='bbox 1146 1794 1257 1832; x_wconf 86' lang='lat' dir='ltr'>satius</span> <span class='ocrx_word' id='word_1_194' title='bbox 1274 1793 1390 1831; x_wconf 86' lang='lat' dir='ltr'>fuerit</span> <span class='ocrx_word' id='word_1_195' title='bbox 1411 1793 1583 1830; x_wconf 86' lang='lat' dir='ltr'>amittere</span> <span class='ocrx_word' id='word_1_196' title='bbox 1605 1792 1683 1828; x_wconf 88' lang='lat' dir='ltr'>mi-</span> 
     </span>
     <span class='ocr_line' id='line_1_26' title="bbox 277 1857 1685 1911; baseline -0.001 -15"><span class='ocrx_word' id='word_1_197' title='bbox 277 1860 376 1903; x_wconf 86' lang='lat' dir='ltr'>lites,</span> <span class='ocrx_word' id='word_1_198' title='bbox 408 1873 454 1896; x_wconf 90' lang='lat' dir='ltr'>an</span> <span class='ocrx_word' id='word_1_199' title='bbox 475 1859 520 1896; x_wconf 88' lang='lat' dir='ltr'>ad</span> <span class='ocrx_word' id='word_1_200' title='bbox 539 1858 639 1896; x_wconf 87' lang='lat' dir='ltr'>hanc</span> <span class='ocrx_word' id='word_1_201' title='bbox 660 1859 924 1897; x_wconf 89' lang='lat' dir='ltr'>conditionem</span> <span class='ocrx_word' id='word_1_202' title='bbox 952 1861 1091 1897; x_wconf 88' lang='lat' dir='ltr'>venire.</span> <span class='ocrx_word' id='word_1_203' title='bbox 1135 1861 1226 1898; x_wconf 89' lang='lat' dir='ltr'>Hoc</span> <span class='ocrx_word' id='word_1_204' title='bbox 1247 1859 1363 1897; x_wconf 84' lang='lat' dir='ltr'>causae</span> <span class='ocrx_word' id='word_1_205' title='bbox 1393 1872 1514 1911; x_wconf 81' lang='lat' dir='ltr'>genus</span> <span class='ocrx_word' id='word_1_206' title='bbox 1546 1871 1594 1896; x_wconf 84' lang='lat' dir='ltr'>ex</span> <span class='ocrx_word' id='word_1_207' title='bbox 1625 1857 1685 1894; x_wconf 86' lang='lat' dir='ltr'>his</span> 
     </span>
     <span class='ocr_line' id='line_1_27' title="bbox 279 1925 776 1964; baseline 0 -2"><span class='ocrx_word' id='word_1_208' title='bbox 279 1926 372 1964; x_wconf 79' lang='lat' dir='ltr'>locis</span> <span class='ocrx_word' id='word_1_209' title='bbox 396 1925 543 1962; x_wconf 66' lang='lat' dir='ltr'>tractari</span> <span class='ocrx_word' id='word_1_210' title='bbox 563 1926 776 1962; x_wconf 85' lang='lat' dir='ltr'>conveniet.</span> 
     </span>
    </p>

    <p class='ocr_par' dir='ltr' id='par_1_6' title="bbox 279 1989 1693 2566">
     <span class='ocr_line' id='line_1_28' title="bbox 335 1989 1686 2043; baseline -0.001 -15"><span class='ocrx_word' id='word_1_211' title='bbox 335 1991 543 2043; x_wconf 82' lang='lat' dir='ltr'>Oportebit</span> <span class='ocrx_word' id='word_1_212' title='bbox 574 1990 755 2028; x_wconf 86' lang='lat' dir='ltr'>adhibere</span> <span class='ocrx_word' id='word_1_213' title='bbox 783 2000 1003 2029; x_wconf 81' lang='lat' dir='ltr'>caeterarum</span> <span class='ocrx_word' id='word_1_214' title='bbox 1030 2004 1185 2043; x_wconf 89' lang='lat' dir='ltr'>quoque</span> <span class='ocrx_word' id='word_1_215' title='bbox 1217 1989 1539 2028; x_wconf 87' lang='lat' dir='ltr'>constitutionum</span> <span class='ocrx_word' id='word_1_216' title='bbox 1571 1989 1686 2026; x_wconf 86' lang='lat' dir='ltr'>ratio-</span> 
     </span>
     <span class='ocr_line' id='line_1_29' title="bbox 279 2054 1690 2109; baseline -0.001 -15"><span class='ocrx_word' id='word_1_217' title='bbox 279 2071 368 2096; x_wconf 86' lang='lat' dir='ltr'>nem</span> <span class='ocrx_word' id='word_1_218' title='bbox 391 2067 505 2109; x_wconf 85' lang='lat' dir='ltr'>atque</span> <span class='ocrx_word' id='word_1_219' title='bbox 538 2067 735 2109; x_wconf 83' lang='lat' dir='ltr'>praecepta,</span> <span class='ocrx_word' id='word_1_220' title='bbox 764 2071 806 2094; x_wconf 87' lang='lat' dir='ltr'>ac</span> <span class='ocrx_word' id='word_1_221' title='bbox 826 2058 997 2095; x_wconf 84' lang='lat' dir='ltr'>maxime</span> <span class='ocrx_word' id='word_1_222' title='bbox 1029 2057 1255 2108; x_wconf 67' lang='lat' dir='ltr'>conjecturis</span> <span class='ocrx_word' id='word_1_223' title='bbox 1288 2055 1470 2093; x_wconf 77' lang='lat' dir='ltr'>faciendis</span> <span class='ocrx_word' id='word_1_224' title='bbox 1498 2054 1690 2093; x_wconf 85' lang='lat' dir='ltr'>infirmare</span> 
     </span>
     <span class='ocr_line' id='line_1_30' title="bbox 281 2121 1688 2174; baseline -0.003 -13"><span class='ocrx_word' id='word_1_225' title='bbox 281 2123 393 2168; x_wconf 86' lang='lat' dir='ltr'>illud,</span> <span class='ocrx_word' id='word_1_226' title='bbox 426 2123 529 2174; x_wconf 89' lang='lat' dir='ltr'>quod</span> <span class='ocrx_word' id='word_1_227' title='bbox 551 2136 643 2160; x_wconf 86' lang='lat' dir='ltr'>cum</span> <span class='ocrx_word' id='word_1_228' title='bbox 663 2136 720 2167; x_wconf 87' lang='lat' dir='ltr'>eo,</span> <span class='ocrx_word' id='word_1_229' title='bbox 744 2123 847 2174; x_wconf 90' lang='lat' dir='ltr'>quod</span> <span class='ocrx_word' id='word_1_230' title='bbox 869 2123 1024 2161; x_wconf 88' lang='lat' dir='ltr'>crimini</span> <span class='ocrx_word' id='word_1_231' title='bbox 1045 2123 1210 2167; x_wconf 78' lang='lat' dir='ltr'>dabitur,</span> <span class='ocrx_word' id='word_1_232' title='bbox 1243 2123 1283 2166; x_wconf 90' lang='lat' dir='ltr'>ii,</span> <span class='ocrx_word' id='word_1_233' title='bbox 1308 2122 1375 2173; x_wconf 86' lang='lat' dir='ltr'>qui</span> <span class='ocrx_word' id='word_1_234' title='bbox 1396 2121 1688 2164; x_wconf 81' lang='lat' dir='ltr'>accusabuntur,</span> 
     </span>
     <span class='ocr_line' id='line_1_31' title="bbox 282 2187 1689 2241; baseline -0.002 -15"><span class='ocrx_word' id='word_1_235' title='bbox 282 2189 574 2241; x_wconf 84' lang='lat' dir='ltr'>comparabunt.</span> <span class='ocrx_word' id='word_1_236' title='bbox 619 2189 663 2226; x_wconf 92' lang='lat' dir='ltr'>Id</span> <span class='ocrx_word' id='word_1_237' title='bbox 686 2188 764 2234; x_wconf 81' lang='lat' dir='ltr'>fiet,</span> <span class='ocrx_word' id='word_1_238' title='bbox 787 2189 812 2226; x_wconf 92' lang='lat' dir='ltr'><strong>fi</strong></span> <span class='ocrx_word' id='word_1_239' title='bbox 832 2199 896 2227; x_wconf 83' lang='lat' dir='ltr'>aut</span> <span class='ocrx_word' id='word_1_240' title='bbox 916 2189 969 2234; x_wconf 87' lang='lat' dir='ltr'>id,</span> <span class='ocrx_word' id='word_1_241' title='bbox 1003 2189 1108 2241; x_wconf 88' lang='lat' dir='ltr'>quod</span> <span class='ocrx_word' id='word_1_242' title='bbox 1128 2189 1257 2226; x_wconf 88' lang='lat' dir='ltr'>dicent</span> <span class='ocrx_word' id='word_1_243' title='bbox 1278 2187 1488 2225; x_wconf 79' lang='lat' dir='ltr'>defensores</span> <span class='ocrx_word' id='word_1_244' title='bbox 1514 2187 1689 2224; x_wconf 84' lang='lat' dir='ltr'>futurum</span> 
     </span>
     <span class='ocr_line' id='line_1_32' title="bbox 281 2252 1689 2307; baseline -0.002 -15"><span class='ocrx_word' id='word_1_245' title='bbox 281 2255 403 2300; x_wconf 82' lang='lat' dir='ltr'>fuiffe,</span> <span class='ocrx_word' id='word_1_246' title='bbox 427 2255 494 2292; x_wconf 75' lang='lat' dir='ltr'>nisi</span> <span class='ocrx_word' id='word_1_247' title='bbox 513 2255 553 2292; x_wconf 90' lang='lat' dir='ltr'>id</span> <span class='ocrx_word' id='word_1_248' title='bbox 573 2254 717 2292; x_wconf 57' lang='lat' dir='ltr'>factum</span> <span class='ocrx_word' id='word_1_249' title='bbox 738 2255 840 2300; x_wconf 77' lang='lat' dir='ltr'>esset,</span> <span class='ocrx_word' id='word_1_250' title='bbox 875 2256 971 2307; x_wconf 91' lang='lat' dir='ltr'>(quo</span> <span class='ocrx_word' id='word_1_251' title='bbox 1002 2256 1047 2293; x_wconf 91' lang='lat' dir='ltr'>de</span> <span class='ocrx_word' id='word_1_252' title='bbox 1077 2253 1177 2292; x_wconf 60' lang='lat' dir='ltr'>saeco</span> <span class='ocrx_word' id='word_1_253' title='bbox 1192 2254 1390 2306; x_wconf 84' lang='lat' dir='ltr'>judicium</span> <span class='ocrx_word' id='word_1_254' title='bbox 1412 2253 1481 2303; x_wconf 86' lang='lat' dir='ltr'>est)</span> <span class='ocrx_word' id='word_1_255' title='bbox 1511 2252 1689 2290; x_wconf 79' lang='lat' dir='ltr'>futurum</span> 
     </span>
     <span class='ocr_line' id='line_1_33' title="bbox 282 2319 1693 2373; baseline -0.003 -15"><span class='ocrx_word' id='word_1_256' title='bbox 282 2320 390 2359; x_wconf 80' lang='lat' dir='ltr'>fuiffe</span> <span class='ocrx_word' id='word_1_257' title='bbox 409 2321 637 2373; x_wconf 82' lang='lat' dir='ltr'>negabitur;</span> <span class='ocrx_word' id='word_1_258' title='bbox 670 2331 734 2359; x_wconf 90' lang='lat' dir='ltr'>aut</span> <span class='ocrx_word' id='word_1_259' title='bbox 754 2321 779 2359; x_wconf 79' lang='lat' dir='ltr'>si</span> <span class='ocrx_word' id='word_1_260' title='bbox 807 2322 879 2359; x_wconf 85' lang='lat' dir='ltr'>alia</span> <span class='ocrx_word' id='word_1_261' title='bbox 898 2322 1041 2360; x_wconf 81' lang='lat' dir='ltr'>ratione</span> <span class='ocrx_word' id='word_1_262' title='bbox 1061 2331 1099 2358; x_wconf 90' lang='lat' dir='ltr'>et</span> <span class='ocrx_word' id='word_1_263' title='bbox 1120 2321 1235 2358; x_wconf 80' lang='lat' dir='ltr'>aliam</span> <span class='ocrx_word' id='word_1_264' title='bbox 1255 2321 1306 2360; x_wconf 89' lang='lat' dir='ltr'>ob</span> <span class='ocrx_word' id='word_1_265' title='bbox 1330 2319 1494 2363; x_wconf 79' lang='lat' dir='ltr'>causam,</span> <span class='ocrx_word' id='word_1_266' title='bbox 1525 2333 1566 2356; x_wconf 87' lang='lat' dir='ltr'>ac</span> <span class='ocrx_word' id='word_1_267' title='bbox 1591 2319 1693 2355; x_wconf 85' lang='lat' dir='ltr'>dicet</span> 
     </span>
     <span class='ocr_line' id='line_1_34' title="bbox 284 2383 1692 2437; baseline -0.003 -14"><span class='ocrx_word' id='word_1_268' title='bbox 284 2386 318 2423; x_wconf 90' lang='lat' dir='ltr'>se</span> <span class='ocrx_word' id='word_1_269' title='bbox 339 2400 420 2424; x_wconf 88' lang='lat' dir='ltr'>reus</span> <span class='ocrx_word' id='word_1_270' title='bbox 441 2385 580 2431; x_wconf 79' lang='lat' dir='ltr'>fecisse,</span> <span class='ocrx_word' id='word_1_271' title='bbox 612 2387 934 2425; x_wconf 87' lang='lat' dir='ltr'>demonstrabitur</span> <span class='ocrx_word' id='word_1_272' title='bbox 952 2386 1022 2424; x_wconf 81' lang='lat' dir='ltr'>effe</span> <span class='ocrx_word' id='word_1_273' title='bbox 1042 2385 1202 2424; x_wconf 64' lang='lat' dir='ltr'>factum.</span> <span class='ocrx_word' id='word_1_274' title='bbox 1245 2387 1341 2437; x_wconf 84' lang='lat' dir='ltr'>Ejus</span> <span class='ocrx_word' id='word_1_275' title='bbox 1363 2385 1413 2422; x_wconf 87' lang='lat' dir='ltr'>rei</span> <span class='ocrx_word' id='word_1_276' title='bbox 1435 2383 1692 2426; x_wconf 85' lang='lat' dir='ltr'>confirmatio,</span> 
     </span>
     <span class='ocr_line' id='line_1_35' title="bbox 284 2448 1693 2504; baseline -0.003 -16"><span class='ocrx_word' id='word_1_277' title='bbox 284 2462 321 2489; x_wconf 81' lang='lat' dir='ltr'>et</span> <span class='ocrx_word' id='word_1_278' title='bbox 341 2452 435 2489; x_wconf 88' lang='lat' dir='ltr'>item</span> <span class='ocrx_word' id='word_1_279' title='bbox 455 2452 642 2490; x_wconf 84' lang='lat' dir='ltr'>contraria</span> <span class='ocrx_word' id='word_1_280' title='bbox 661 2452 706 2490; x_wconf 89' lang='lat' dir='ltr'>de</span> <span class='ocrx_word' id='word_1_281' title='bbox 728 2462 829 2504; x_wconf 77' lang='lat' dir='ltr'>parte</span> <span class='ocrx_word' id='word_1_282' title='bbox 849 2452 1073 2497; x_wconf 86' lang='lat' dir='ltr'>infirmatio,</span> <span class='ocrx_word' id='word_1_283' title='bbox 1087 2466 1133 2489; x_wconf 81' lang='lat' dir='ltr'>ex</span> <span class='ocrx_word' id='word_1_284' title='bbox 1154 2451 1400 2502; x_wconf 61' lang='lat' dir='ltr'>conjecturali</span> <span class='ocrx_word' id='word_1_285' title='bbox 1421 2448 1693 2487; x_wconf 88' lang='lat' dir='ltr'>constitutione</span> 
     </span>
     <span class='ocr_line' id='line_1_36' title="bbox 285 2514 1693 2566; baseline -0.004 -10"><span class='ocrx_word' id='word_1_286' title='bbox 285 2517 469 2556; x_wconf 85' lang='lat' dir='ltr'>sumetur.</span> <span class='ocrx_word' id='word_1_287' title='bbox 501 2519 567 2556; x_wconf 88' lang='lat' dir='ltr'>Sin</span> <span class='ocrx_word' id='word_1_288' title='bbox 581 2527 711 2557; x_wconf 84' lang='lat' dir='ltr'>autem</span> <span class='ocrx_word' id='word_1_289' title='bbox 726 2527 830 2558; x_wconf 88' lang='lat' dir='ltr'>certo</span> <span class='ocrx_word' id='word_1_290' title='bbox 846 2519 1004 2558; x_wconf 89' lang='lat' dir='ltr'>nomine</span> <span class='ocrx_word' id='word_1_291' title='bbox 1017 2517 1200 2557; x_wconf 84' lang='lat' dir='ltr'>maleficii</span> <span class='ocrx_word' id='word_1_292' title='bbox 1213 2516 1415 2556; x_wconf 69' lang='lat' dir='ltr'>-vocabitur</span> <span class='ocrx_word' id='word_1_293' title='bbox 1431 2514 1693 2566; x_wconf 85' lang='lat' dir='ltr'>injudiciurn,</span> 
     </span>
    </p>
   </div>
   <div class='ocr_carea' id='block_1_3' title="bbox 345 2581 1160 2622">
    <p class='ocr_par' dir='ltr' id='par_1_7' title="bbox 345 2581 1160 2622">
     <span class='ocr_line' id='line_1_37' title="bbox 345 2581 1160 2622; baseline -0.002 0"><span class='ocrx_word' id='word_1_294' title='bbox 345 2583 564 2622; x_wconf 79' lang='lat' dir='ltr'>T0M.1.</span> <span class='ocrx_word' id='word_1_295' title='bbox 1119 2581 1160 2620; x_wconf 92' lang='grc' dir='ltr'>Ν</span> 
     </span>
    </p>
   </div>
  </div>
 </body>
</html>
