2176 2912
448 222 527 266 274
805 211 922 250 DE
999 211 1502 251 ORAToRE

447 306 513 350 tia,
545 302 808 342 admirationis
842 302 957 342 habet
990 317 1066 343 non
1088 304 1232 351 minus,
1258 304 1512 358 jucunditatis
1538 304 1680 344 minus.
1741 305 1849 358 Ipsos

447 371 554 409 enim
574 369 697 422 magis
717 367 880 415 videtur,
910 383 1006 421 quos
1025 369 1238 416 laudamus,
1261 384 1378 423 quam
1398 371 1500 415 illos,
1522 370 1622 423 apud
1642 375 1738 423 quos
1759 370 1845 409 lau-

446 438 597 482 damus,
628 447 760 475 ornare
790 447 833 473 ac
864 437 984 474 tueri:
1016 437 1078 474 sed
1100 447 1228 475 tamen
1258 437 1298 475 in
1331 437 1518 476 laudando
1533 437 1730 490 jungenda
1758 436 1846 476 sunt

446 504 562 542 etiam
582 502 663 542 haec
683 514 821 553 genera
839 503 1041 541 virtutum.
1089 505 1235 542 Ferunt
1253 504 1360 541 enim
1380 517 1486 541 aures
1506 502 1731 548 hominum,
1751 517 1844 542 cum

446 569 526 615 illa,
547 584 632 622 quae
645 570 819 622 jucunda
837 579 874 607 et
891 577 1009 622 grata,
1042 579 1126 608 tum
1146 570 1263 608 etiam
1282 569 1361 614 illa,
1384 583 1469 622 quae
1487 570 1678 608 mirabilia
1697 570 1784 608 sunt
1804 571 1845 608 in

445 636 601 680 virtute,
632 635 789 674 laudari.

501 702 708 740 LXXXV.
741 703 793 740 Et
824 700 1007 753 quoniam
1028 700 1260 752 lingularum
1289 700 1480 737 virtutum
1500 700 1587 738 sunt
1615 709 1717 738 certa
1736 714 1844 753 quae-

446 767 534 805 dam
553 768 681 805 officia
700 781 741 805 ac
763 780 936 811 munera,
957 775 995 804 et
1007 765 1070 804 sua
1088 767 1229 818 cuique
1244 766 1379 804 virtuti
1398 766 1479 804 laus
1499 767 1651 819 propria
1669 766 1843 812 debetur,

444 834 515 871 erit
540 834 814 886 explicandum
847 834 887 871 in
918 833 1028 871 laude
1054 833 1224 884 justitiae,
1267 833 1360 885 quid
1384 846 1475 871 cum
1508 833 1600 878 fide,
1627 833 1720 885 quid
1750 847 1844 871 cum

444 900 712 952 aequabilitate,
731 901 826 953 quid
841 913 933 937 cum
953 899 1140 951 ejusmodi
1160 900 1290 952 aliquo
1309 899 1439 937 officio
1460 901 1504 944 is,
1522 900 1590 952 qui
1610 899 1843 945 laudabitur,

443 965 592 1005 fecerit.
636 968 813 1019 Itemque
832 967 873 1004 in
893 966 1037 1004 caeteris
1057 979 1113 1004 res
1133 966 1242 1019 gestae
1261 965 1308 1004 ad
1327 966 1511 1018 cujusque
1533 967 1684 1004 virtutis
1705 979 1842 1018 genus,

442 1040 480 1070 et
499 1034 595 1078 vim,
626 1042 664 1071 et
683 1046 826 1072 nomen
846 1032 1256 1071 accommodabuntur.

499 1098 720 1138 Gratiffima
739 1106 867 1137 autem
886 1099 967 1136 laus
1001 1112 1136 1136 eorum
1155 1097 1346 1136 factorum
1365 1097 1540 1142 habetur,
1570 1111 1655 1149 quae
1674 1097 1844 1150 suscepta

442 1163 621 1203 videntur
639 1179 660 1203 a
678 1166 767 1204 viris
798 1165 963 1204 fortibus
984 1165 1060 1203 fine
1079 1165 1345 1204 emolumento
1364 1177 1405 1202 ac
1430 1164 1588 1217 praemio
1607 1178 1618 1201 ε
1649 1177 1734 1215 quae
1753 1177 1843 1202 vero

441 1230 558 1268 etiam
588 1244 678 1269 cum
700 1230 829 1269 labore
859 1240 897 1269 et
930 1230 1102 1284 periculo
1128 1230 1312 1283 ipsorum,
1341 1230 1423 1269 haec
1444 1229 1587 1269 habent
1606 1229 1841 1268 uberrimam

441 1297 593 1349 copiam
613 1298 659 1335 ad
688 1298 937 1343 laudandum,
969 1297 1075 1350 quod
1101 1306 1138 1335 et
1164 1298 1241 1336 dici
1260 1298 1490 1336 ornatiffime
1518 1296 1683 1350 poffunt,
1713 1305 1751 1334 et
1769 1311 1839 1335 aua

440 1361 513 1400 diri
533 1362 732 1402 facillime.
791 1365 850 1402 Ea
882 1364 987 1402 enim
1008 1363 1174 1416 denique
1202 1364 1322 1402 virtus
1351 1362 1422 1402 effe
1451 1363 1602 1402 videtur
1630 1362 1842 1416 praestantis

439 1428 525 1473 viri,
558 1443 642 1481 quae
663 1429 715 1468 est
738 1429 929 1468 fructuosa
948 1430 1045 1475 aliis,
1067 1430 1134 1482 ipfi
1154 1439 1282 1468 autem
1302 1429 1500 1475 laboriosa,
1530 1439 1594 1467 aut
1614 1428 1839 1482 periculosa,

439 1503 504 1532 aut
534 1504 636 1533 certe
667 1496 843 1548 gratuita.
893 1497 1039 1548 Magna
1059 1497 1175 1534 etiam
1196 1497 1262 1534 illa
1292 1497 1373 1535 laus
1404 1506 1442 1534 et
1461 1495 1697 1534 admirabilis
1717 1495 1837 1533 videri

439 1559 546 1606 solet,
579 1561 702 1598 tuliffe
721 1561 826 1598 casus
856 1561 1039 1613 sapienter
1068 1561 1252 1607 adversos,
1284 1576 1361 1600 non
1382 1561 1545 1600 fractum
1577 1561 1648 1599 effe
1666 1559 1835 1606 fortuna,

435 1626 630 1664 retinuisse
650 1627 690 1664 in
711 1626 820 1664 rebus
841 1626 976 1679 asperis
997 1626 1240 1679 dignitatem.

492 1693 633 1745 Neque
653 1702 782 1730 tamen
802 1692 868 1730 illa
887 1706 962 1731 non
984 1701 1134 1738 ornant,
1164 1692 1288 1731 habiti
1307 1692 1485 1738 honores,
1516 1693 1664 1731 decreta
1683 1692 1837 1731 virtutis

436 1759 606 1810 praemia,
637 1772 693 1797 res
728 1759 838 1811 gestae
859 1760 1015 1811 judiciis
1044 1758 1254 1798 hominum
1287 1761 1545 1812 comprobatae
1562 1779 1573 1805 3
1620 1761 1659 1798 in
1693 1760 1836 1812 quibus

436 1825 567 1869 etiam,
609 1823 833 1863 felicitatem
867 1825 985 1878 ipsam
1020 1825 1180 1864 deorum
1215 1825 1497 1864 immortalium
1524 1827 1674 1878 judicio
1700 1827 1833 1871 tribui,

432 1889 663 1928 laudationis
684 1890 748 1929 est.
782 1891 980 1929 Sumendae
1000 1901 1127 1929 autem
1152 1906 1207 1930 res
1227 1902 1339 1930 erunt
1359 1902 1423 1930 aut
1444 1893 1710 1945 magnitudine
1736 1907 1831 1945 prae—

437 1956 600 2001 stabiles,
631 1967 695 1994 aut
717 1958 883 1995 novitate
903 1958 1050 2010 primae,
1082 1969 1145 1996 aut
1165 1972 1301 2011 genere
1323 1959 1402 2011 ipso
1424 1959 1641 2011 singulares.
1693 1960 1832 2010 Neque

435 2022 540 2060 enim
575 2037 710 2075 parvae,
745 2037 869 2075 neque
904 2025 1057 2069 ufitatae,
1089 2038 1213 2076 neque
1243 2025 1431 2077 vulgares,
1475 2025 1736 2069 admiratione,
1768 2035 1832 2063 aut

435 2089 596 2126 omnino
616 2089 740 2134 laude,
762 2090 886 2141 dignae
904 2090 1022 2127 videri
1043 2090 1175 2128 solent.

491 2152 557 2190 Est
583 2154 698 2191 etiam
719 2168 810 2192 cum
830 2155 972 2191 caeteris
992 2155 1251 2207 praestantibus
1273 2155 1362 2192 viris
1383 2156 1617 2207 comparatio
1638 2155 1677 2192 in
1698 2156 1829 2193 lauda-

436 2218 540 2256 tione
573 2220 761 2271 praeclara.
822 2221 883 2257 Dc
912 2234 990 2271 quo
1019 2234 1154 2272 genere
1180 2221 1338 2258 libitum
1365 2221 1415 2258 est
1437 2220 1534 2258 mihi
1561 2222 1675 2273 paulo
1706 2222 1828 2274 plura,

435 2298 552 2337 quam
572 2285 821 2329 ostenderam,
853 2286 989 2331 dicere,
1022 2301 1097 2325 non
1120 2296 1198 2325 tam
1219 2297 1373 2341 propter
1399 2288 1508 2326 usum
1529 2287 1732 2333 forensem,
1762 2290 1830 2341 qui

435 2350 487 2389 est
508 2365 528 2388 a
547 2364 610 2389 me
630 2352 670 2389 in
690 2353 796 2389 omni
818 2351 892 2389 hoc
913 2352 1084 2390 sermone
1105 2355 1294 2398 tractatus,
1331 2368 1447 2406 quam
1469 2364 1510 2392 ut
1540 2353 1614 2392 hoc
1636 2355 1827 2400 videretis,

436 2416 462 2455 fi
483 2416 713 2455 laudationes
733 2417 848 2455 essent
869 2418 906 2455 in
927 2420 1084 2457 oratoris
1104 2420 1247 2465 officio,
1276 2421 1380 2472 quod
1401 2435 1516 2459 nemo
1536 2430 1662 2472 negat,
1690 2422 1829 2459 oratori

435 2483 623 2521 virtutum
643 2485 820 2522 omnium
840 2486 1120 2538 cognitionem,
1150 2486 1225 2525 fine
1244 2500 1319 2540 qua
1337 2487 1503 2526 laudatio
1522 2487 1623 2526 effici
1641 2500 1719 2525 non
1740 2487 1828 2539 pos-

435 2548 494 2595 fit,
514 2548 585 2590 effe
603 2549 857 2590 necessariam.
