2176 2912
607 160 927 200 LIBER
1003 160 1419 200 PRIMUS.
1661 176 1713 213 49

310 258 355 296 sit
374 255 531 295 occisus.
583 253 754 305 Simplex
783 262 912 291 autem
941 252 1136 291 conclusio
1163 266 1209 291 ex
1231 253 1427 291 neceffaria
1446 254 1713 293 consecutione

309 322 524 365 conficitur,
556 318 631 357 hoc
652 319 792 363 mod0;
826 319 862 357 Si
883 332 948 357 vos
969 332 1032 357 me
1053 318 1150 356 istud
1170 332 1214 357 eo
1235 327 1407 372 tempore
1427 319 1551 358 feciffe
1571 321 1711 364 dicitis,

307 402 380 441 ego
409 396 535 425 autem
565 399 609 424 eo
639 385 718 439 ipso
749 395 919 438 tempore
948 395 1048 423 trans
1079 396 1181 423 mare
1210 384 1281 430 fui,
1314 386 1555 438 relinquitur,
1587 397 1629 424 ut
1659 387 1711 430 id,

307 454 412 506 quod
439 453 579 497 dicitis,
611 466 688 490 non
719 452 835 490 modo
864 465 941 490 non
973 450 1144 496 fecerim,
1178 451 1238 489 sed
1268 465 1314 489 ne
1343 453 1534 505 potuerim
1555 453 1714 504 quidem

306 520 440 558 facere.
492 521 622 570 Atque
642 517 716 556 hoc
737 518 939 571 diligenter
958 517 1082 555 videre
1101 517 1305 570 oportebit,
1339 531 1384 555 ne
1413 532 1491 570 quo
1518 520 1626 570 pacto
1646 532 1713 570 ge·

307 599 379 624 nus
400 584 475 624 hoc
498 584 620 623 refelli
641 585 764 637 possit,
795 594 834 622 et
863 597 909 621 ne
929 584 1171 622 confirmatio
1192 584 1355 622 modum
1376 585 1415 622 in
1444 584 1478 622 se
1507 598 1711 636 argumen-

309 653 461 691 tationis
483 649 607 689 solum
627 650 763 689 habeat
783 660 820 688 et
841 650 1033 703 quandam
1060 650 1352 688 fimilitudinem
1384 650 1588 688 necefl'ariae
1618 664 1712 688 con-

304 718 500 762 clusionis,
532 731 665 755 verum
686 717 762 769 ipsa
781 717 1060 768 argumentatio
1079 730 1126 754 ex
1146 716 1340 754 necessaria
1366 717 1508 755 ratione
1528 716 1713 754 consistat.

365 783 568 822 Probabile
596 792 724 820 autem
744 782 796 820 est
816 782 853 819 id
873 782 978 834 quod
1001 781 1078 819 fere
1104 781 1185 819 fieri
1214 782 1320 826 solet,
1352 792 1416 820 aut
1436 782 1540 834 quod
1570 783 1608 819 in
1629 783 1715 835 opi·

309 850 423 889 nione
442 850 609 902 positum
625 849 690 893 est,
712 858 776 886 aut
793 848 897 900 quod
917 847 1032 886 habet
1052 849 1092 885 in
1108 848 1142 885 se
1159 849 1205 886 ad
1225 847 1306 886 haec
1322 849 1514 901 quandam
1535 849 1715 887 similitu-

308 917 454 961 dinem,
487 916 559 954 five
588 915 627 953 id
656 914 794 953 falsum
815 915 879 960 est,
912 915 985 953 sive
1005 929 1152 953 verum.
1206 916 1250 953 In
1271 928 1316 953 eo
1335 929 1483 967 genere,
1516 915 1621 968 quod
1640 914 1717 952 fere

306 983 399 1022 solet
419 983 513 1027 fieri,
544 982 738 1036 probabile
759 981 981 1034 hujusmodi
1001 982 1053 1020 est
1066 1001 1076 1026 ;
1111 983 1145 1020 Si
1169 991 1289 1020 mater
1308 982 1373 1027 est,
1405 982 1534 1035 diligit
1560 982 1687 1020 filium
1705 997 1712 1020 :

308 1050 336 1088 fi
352 1064 480 1088 avarus
497 1049 562 1092 est,
585 1049 747 1102 negligit
761 1049 1047 1101 jusjurandum.
1095 1049 1140 1087 In
1156 1063 1200 1086 eo
1216 1058 1358 1093 autern,
1380 1049 1484 1101 quod
1505 1050 1543 1086 in
1564 1049 1715 1101 opinio-

309 1129 358 1154 ne
377 1116 542 1169 pofitum
563 1115 627 1160 est,
659 1115 880 1168 hujusmodi
900 1115 987 1154 sunt
1006 1115 1217 1168 probabilia
1231 1133 1241 1159 ;
1275 1115 1411 1167 Impiis
1443 1115 1544 1168 apud
1575 1114 1714 1153 inferos

309 1195 440 1234 poenas
461 1181 530 1219 effe
550 1192 792 1234 praeparatas;
826 1183 918 1227 Eos,
950 1183 1018 1235 qui
1048 1180 1300 1235 philosophiae
1328 1181 1420 1219 dent
1439 1195 1608 1235 operam,
1641 1194 1719 1219 non

310 1247 480 1285 arbitrari
500 1247 588 1285 deos
608 1247 691 1285 effe.

366 1314 498 1352 XXX.
532 1313 753 1352 Similitudo
783 1323 911 1352 autem
943 1314 982 1351 in
1013 1314 1225 1358 contrariis,
1267 1323 1305 1352 et
1335 1314 1502 1366 paribus,
1534 1323 1571 1351 et
1602 1313 1642 1351 in
1672 1312 1719 1351 iis

310 1380 436 1425 rebus,
467 1393 552 1431 quae
573 1378 642 1417 sub
662 1380 821 1417 eandem
841 1380 982 1418 cadunt
1002 1380 1202 1424 rationem,
1234 1379 1403 1417 maxime
1423 1378 1623 1432 spectatur.
1670 1379 1718 1416 In

307 1446 521 1490 contrariis,
536 1444 610 1483 hoc
624 1446 741 1484 modo
749 1464 760 1491 5
784 1447 891 1484 Nam
905 1446 1004 1490 fiiis,
1020 1446 1087 1498 qui
1100 1445 1360 1498 imprudentes
1374 1445 1560 1489 laeserunt,
1576 1444 1721 1497 ignosci

309 1513 502 1557 convenit,
517 1513 578 1556 iis,
597 1513 663 1564 qui
677 1512 874 1550 necessario
886 1510 1125 1564 profuerunt,
1141 1510 1278 1548 habere
1291 1511 1451 1563 gratiam
1465 1524 1541 1549 non
1555 1520 1718 1563 oportet.

311 1581 373 1618 Ex
387 1580 480 1632 pari,
503 1579 572 1624 fic,
605 1579 711 1617 Nam
724 1589 767 1617 ut
779 1579 886 1617 locus
900 1579 975 1616 fine
988 1588 1100 1631 portu
1115 1579 1273 1616 navibus
1288 1591 1364 1616 non
1378 1577 1499 1630 potest
1511 1577 1581 1615 effe
1597 1586 1717 1621 tutus,

312 1646 361 1684 fic
382 1646 532 1684 animus
552 1645 627 1682 fine
649 1644 722 1682 fide
741 1645 882 1683 stabilis
903 1645 1035 1682 amicis
1062 1658 1138 1682 non
1158 1643 1279 1696 potest
1303 1643 1387 1681 effe.
1440 1644 1483 1681 In
1515 1643 1560 1680 iis
1591 1643 1720 1687 rebus,

310 1725 396 1764 quae
417 1711 485 1749 sub
503 1711 661 1749 eandem
682 1711 867 1749 rationem
888 1711 1042 1755 cadunt,
1074 1709 1148 1748 hoc
1177 1710 1294 1748 modo
1324 1708 1520 1762 probabile
1548 1709 1720 1746 confide-

313 1787 414 1816 ratur
422 1797 433 1822 ς
463 1778 568 1816 Nam
586 1778 611 1815 fi
633 1776 799 1816 Rhodiis
820 1787 927 1830 turpe
946 1791 1022 1815 non
1035 1776 1087 1815 est
1103 1777 1317 1829 portorium
1331 1776 1465 1820 locare,
1488 1789 1534 1813 ne
1552 1776 1721 1813 Herma-

314 1844 458 1882 creonti
475 1843 632 1895 quidem
649 1853 758 1895 turpe
778 1843 830 1880 est
847 1843 1071 1881 conducere.
1125 1844 1222 1881 Haec
1241 1852 1324 1881 tum
1340 1856 1424 1880 vera
1440 1842 1537 1886 suut,
1561 1840 1636 1879 hoc
1652 1855 1720 1894 pa-

315 1912 399 1955 &05
434 1911 631 1962 Qoniam
647 1910 803 1948 cicatrix
820 1909 885 1954 est,
908 1909 983 1947 fuit
999 1909 1137 1947 vulnus
1148 1928 1158 1954 ;
1182 1919 1268 1947 tum
1289 1909 1518 1953 verisimilia,
1542 1907 1616 1946 hoc
1633 1922 1721 1946 mo—

310 1976 385 2020 d0;
430 1976 467 2014 Si
498 1976 622 2014 multa
647 1985 723 2014 erat
744 1976 783 2013 in
803 1976 937 2013 calceis
959 1975 1099 2027 pulvis,
1131 1989 1177 2012 ex
1198 1975 1330 2012 itinere
1350 1988 1440 2012 eum
1459 1975 1586 2012 venire
1604 1988 1719 2026 opor-

314 2042 430 2080 tebat.
478 2041 610 2080 Omne
629 2052 756 2080 autem
791 2042 850 2094 (ut
877 2052 994 2081 certas
1016 2042 1197 2093 quasdam
1225 2042 1264 2078 in
1284 2050 1404 2093 partes
1430 2040 1720 2091 distribuamus)

314 2109 524 2162 probabile,
556 2109 658 2162 quod
692 2109 855 2146 sumitur
886 2108 931 2146 ad
962 2109 1346 2161 argumentationem,
1378 2117 1441 2145 aut
1474 2107 1625 2160 signum
1655 2106 1721 2151 est,

311 2185 378 2213 aut
398 2175 591 2220 credibile,
623 2185 687 2213 aut
701 2175 935 2227 judicatum,
967 2186 1031 2213 aut
1051 2174 1321 2228 comparabile.

370 2242 534 2295 Signum
560 2241 612 2280 est
638 2242 742 2294 quod
771 2242 839 2280 sub
868 2242 1015 2282 sensum
1036 2243 1204 2295 aliquem
1226 2241 1326 2279 cadit
1343 2250 1380 2278 et
1400 2240 1584 2293 quiddam
1606 2239 1723 2292 figni-

317 2308 418 2353 ficat,
450 2308 553 2361 quod
580 2322 625 2346 ex
654 2309 733 2361 ipso
759 2307 975 2362 profectum
996 2309 1157 2352 videtur,
1189 2308 1292 2360 quod
1313 2317 1377 2345 aut
1397 2317 1482 2345 ante
1500 2306 1629 2350 fuerit,
1661 2314 1725 2343 aut

316 2375 355 2412 in
377 2375 456 2428 ipso
478 2376 646 2428 negotio,
677 2386 741 2413 aut
762 2375 842 2428 post
863 2375 906 2413 sit
933 2376 1195 2419 consecutum,
1227 2384 1265 2412 et
1292 2385 1419 2413 tamen
1452 2373 1597 2424 indiget
1619 2372 1721 2410 testi-

318 2441 441 2478 monii
468 2450 505 2479 et
525 2441 705 2494 gravioris
734 2441 1063 2486 confirmationis;
1097 2451 1139 2478 ut
1171 2455 1295 2485 cruor,
1328 2440 1433 2492 fuga,
1465 2440 1599 2492 pallor,
1633 2437 1720 2490 pul-

318 2505 388 2550 vis,
421 2516 458 2544 et
478 2521 562 2558 quae
594 2506 654 2545 his
686 2507 772 2546 sunt
801 2508 950 2547 slmilia.
1003 2507 1198 2554 Credibile
1228 2507 1279 2545 est
1311 2507 1415 2560 quod
1437 2506 1511 2543 fine
1539 2504 1619 2543 ullo
1639 2502 1725 2541 teste

377 2573 415 2610 T
434 2586 457 2610 o
477 2585 528 2611 M.
563 2574 593 2611 I.
1150 2574 1189 2613 G
