2176 2912
458 195 536 251 336
730 192 846 233 DE
922 191 1581 238 ORATORE‚&cv

454 299 494 329 et
509 287 635 328 studio
655 285 842 341 flagranti,
862 295 900 325 et
919 285 1090 326 doctrina
1108 286 1264 332 eximia,
1286 296 1323 326 et
1343 288 1529 326 memoria
1549 286 1741 340 singulari.
1780 287 1857 326 Cui

455 369 680 410 quanquam
699 353 820 400 faveo,
857 363 988 393 tamen
1017 354 1132 393 illum
1152 355 1251 393 aetati
1278 354 1350 392 suae
1381 355 1550 407 praestare
1570 355 1685 407 cupio
1700 373 1712 399 3
1748 354 1857 393 vobis

456 436 545 461 vero
563 421 678 460 illum
698 429 805 459 tanto
825 421 1017 459 minorem
1037 434 1264 474 praecurrere
1283 421 1348 459 vix
1367 419 1571 459 honestum
1592 420 1657 459 est.
1690 420 1762 458 Sed
1775 421 1857 472 jam

455 488 670 542 surgamus,
701 487 844 540 inquit,
864 486 1007 539 nosque
1027 500 1222 532 curemus,
1241 497 1279 525 et
1298 487 1504 540 aliquando
1524 488 1570 525 ab
1591 486 1662 526 hac
1693 495 1855 525 conten<

457 554 563 595 tione
582 553 849 608 disputationis
870 553 1018 593 animos
1037 553 1197 600 nostrOS,
1214 566 1425 607 curamque
1443 553 1630 593 laxemus.

662 1072 1671 1175 BRUTUS,

1073 1268 1294 1304 SIVE

526 1421 635 1465 DE
709 1413 1062 1462 CLARIS
1133 1417 1785 1464 ORATORIBUS.

693 1689 739 1728 de
754 1688 1024 1742 QHortensii
1043 1697 1166 1726 morte
1186 1688 1274 1727 effet
1292 1689 1465 1734 allatum,
1481 1689 1662 1741 opinione
1683 1690 1865 1728 omnium

692 1756 878 1808 majorem
899 1756 1029 1793 animo
1045 1754 1128 1807 cepi
1149 1754 1337 1794 dolorem.
1382 1755 1490 1794 Nam
1509 1764 1547 1792 et
1564 1754 1690 1793 amico
1716 1755 1864 1800 amiffo,

463 1837 557 1862 cum
578 1822 853 1862 consuetudine
868 1820 1055 1874 jucunda,
1088 1829 1174 1858 tum
1202 1820 1418 1859 multorum
1439 1820 1657 1858 officiorum
1678 1823 1866 1874 conjunc-

464 1626 495 1664 Ι,
512 1624 705 1783 CU
720 1622 770 1660 M
801 1636 821 1660 e
843 1622 983 1661 Cilicia
1003 1621 1188 1659 decedens
1210 1621 1398 1661 Rhodum
1423 1622 1617 1667 venissem,
1635 1631 1674 1660 et
1693 1622 1739 1661 eo
1766 1622 1867 1662 mihi

464 1890 571 1928 tione
587 1903 665 1929 .me
685 1888 878 1942 privatum
898 1886 1089 1930 videbam,
1120 1895 1157 1923 et
1179 1886 1339 1924 interitu
1361 1886 1444 1924 talis
1465 1888 1617 1939 auguriS
1639 1886 1868 1940 dignitatem

465 1956 581 1994 nostri
615 1955 768 2008 collegii
799 1954 1035 1993 diminutam
1056 1952 1261 1992 dolebam:
1295 1967 1371 2005 qua
1400 1953 1440 1991 in
1461 1953 1706 2006 cogitatione,
1741 1962 1778 1990 et
1798 1966 1866 1990 co-

464 2032 642 2075 optatum
663 2035 726 2060 me
747 2021 792 2060 ab
822 2034 866 2058 eo
884 2021 923 2058 in
945 2019 1155 2073 collegium
1176 2019 1411 2063 recordabar,
1431 2018 1471 2056 in
1492 2032 1569 2070 quo
1584 2019 1732 2070 juratus
1756 2019 1867 2069 judi-

462 2089 572 2126 cium
592 2087 789 2140 dignitatis
810 2100 904 2125 meae
921 2085 1073 2130 fecerat,
1094 2094 1132 2122 et
1151 2085 1423 2138 inauguratum
1444 2083 1490 2121 ab
1511 2083 1645 2121 eodem
1663 2102 1674 2128 ;
1707 2097 1752 2122 ex
1773 2097 1866 2136 quo,

465 2167 655 2206 augurum
676 2153 875 2197 institutis,
896 2152 936 2190 in
957 2151 1122 2205 parentis
1135 2164 1225 2189 eum
1239 2151 1332 2189 loco
1353 2149 1477 2188 colere
1498 2149 1699 2188 debebam.
1733 2150 1867 2204 Auge-
1906 2200 1909 2201 ⁷

466 2220 531 2258 bat
543 2219 659 2257 etiam
682 2217 910 2263 molestiam,
928 2216 1033 2270 quod
1054 2229 1192 2269 magna
1212 2216 1441 2270 sapientium
1465 2215 1625 2260 civium,
1651 2216 1867 2254 bonorum*-

464 2299 540 2338 que
556 2285 726 2338 penuria,
742 2284 800 2322 vir
814 2284 1003 2337 egregius,
1021 2281 1425 2335 conjunetiffimusque
1446 2296 1603 2321 mecum
1619 2282 1868 2321 consiliorum

464 2351 646 2390 omnium
677 2350 867 2396 societate,
898 2347 1123 2388 alieniffimo
1154 2347 1374 2402 reipublicae
1395 2356 1567 2401 tempore
1597 2349 1803 2393 extinctus,
1829 2356 1870 2385 et

466 2415 714 2462 auctoritatis,
742 2426 780 2455 et
799 2416 1010 2471 prudentiae
1030 2415 1103 2454 suae
1124 2413 1226 2454 triste
1246 2414 1357 2454 nobis
1379 2414 1606 2453 defiderium
1636 2413 1838 2467 reliquerat
1855 2431 1867 2457 ;

465 2483 737 2537 dolebamque,
771 2481 876 2536 quod
895 2495 986 2528 non,
1019 2490 1062 2520 ut
1078 2480 1252 2535 plerique
1278 2480 1478 2535 putabant,
1507 2480 1774 2525 adversarium,
1805 2488 1870 2517 aut

465 2549 762 2591 obtrectatorem
781 2549 942 2590 laudum
961 2562 1149 2596 mearum,
1183 2547 1247 2588 fed
1262 2547 1409 2589 socium
1435 2548 1578 2601 potiu3‚
1599 2556 1637 2586 et
1656 2543 1869 2586 consortem
