2176 2912
787 177 1315 217 ORATOR.
1676 192 1756 233 449

356 281 463 311 aetate
483 272 700 311 contexitur
718 272 731 308 ?
763 271 1098 310 commemoratio
1124 279 1253 309 autem
1271 271 1525 323 antiquitatis,
1553 273 1754 326 exemplo-

356 351 519 390 rumque
539 337 716 390 prolatio,
747 337 897 375 summa
930 350 1024 374 cum
1043 336 1291 375 delectatione
1322 346 1360 375 et
1379 338 1641 377 auctoritatem
1669 353 1754 377 ora-

355 403 452 442 tioni
472 401 580 441 affert
599 410 637 440 et
657 401 788 440 fidem.

409 468 470 506 Sic
490 468 609 521 igitur
628 468 831 506 instructus
852 468 979 506 veniet
999 468 1044 506 ad
1064 468 1190 506 causas
1207 487 1217 513 ς
1251 482 1415 520 quarum
1445 467 1602 507 habebit
1621 483 1757 522 genera

354 534 528 588 primum
565 534 644 587 ipsa
667 534 835 587 cognita.
896 535 982 572 Erit
1015 535 1121 572 enim
1141 534 1175 573 ei
1205 534 1458 587 perspectum,
1489 533 1589 573 nihil
1611 536 1757 588 ambigi

353 600 470 654 poffe,
501 601 541 639 in
562 615 640 654 quo
661 614 738 640 non
758 610 822 640 aut
841 614 897 639 res
918 601 1209 640 controverfiam
1229 600 1357 646 faciat,
1392 610 1457 639 aut
1476 600 1602 640 verba.
1662 603 1755 647 Res,

355 677 420 706 aut
441 668 486 706 de
505 682 609 713 vero,
640 677 705 706 aut
725 668 771 706 de
791 670 905 713 reato,
936 677 1001 706 aut
1035 668 1082 706 de
1113 667 1286 707 nomine.
1345 668 1485 713 Verba,
1516 677 1581 706 aut
1607 668 1653 706 de
1672 682 1757 706 am-

357 734 490 787 biguo,
513 744 579 773 aut
598 735 644 772 de
670 735 873 773 contrario.
934 734 1041 772 Nam
1061 734 1244 786 fiquando
1263 734 1365 772 aliud
1386 734 1426 773 in
1447 734 1633 772 sententia
1650 734 1758 772 vide-

355 810 419 839 tur
448 801 532 846 effe,
563 801 668 839 aliud
697 801 737 838 in
758 801 897 845 verbis,
931 814 1049 853 genus
1069 801 1122 838 est
1141 800 1337 853 quoddam
1357 801 1547 854 ambigui,
1579 800 1684 852 quod
1713 813 1760 840 ex

356 867 548 919 praeterito
567 866 684 905 verbo
716 866 799 905 fieri
830 866 949 911 solet;
980 867 1021 904 in
1042 881 1133 919 quo,
1165 866 1270 919 quod
1300 866 1353 905 est
1372 866 1647 920 ambiguorum
1668 879 1758 920 pro-

355 932 502 985 prium,
533 946 590 970 res
611 931 703 970 duas
723 931 926 985 fignificari
944 933 1134 971 videmus.

401 999 575 1037 XXXV.
598 999 705 1037 Cum
720 1008 799 1037 tam
815 1012 934 1052 pauca
952 998 1023 1037 fint
1038 1012 1176 1052 genera
1190 998 1402 1043 causarum,
1417 998 1535 1037 etiam
1552 1011 1761 1052 argumen-

357 1074 490 1104 torum
509 1074 693 1118 praecepta
715 1079 835 1118 pauca
853 1066 954 1104 sunt.
1000 1066 1153 1104 Traditi
1173 1066 1273 1111 sunt,
1295 1079 1315 1103 e
1335 1065 1476 1118 quibus
1497 1079 1539 1103 ea
1558 1065 1760 1111 ducantur,

358 1131 533 1184 duplices
554 1132 631 1170 loci
647 1151 658 1177 ς
691 1133 758 1170 uni
779 1146 798 1170 e
818 1132 931 1170 rebus
952 1132 1052 1185 ipfis,
1075 1132 1182 1170 alteri
1201 1131 1395 1184 affumpti.
1428 1132 1624 1170 Tractatio
1644 1132 1764 1184 igitur

359 1211 488 1237 rerum
518 1199 637 1236 efficit
670 1198 997 1236 admirabiliorem
1026 1199 1267 1236 orationem:
1300 1212 1390 1236 nam
1409 1197 1498 1250 ipsae
1518 1198 1678 1250 quidem
1705 1211 1762 1237 res

358 1265 401 1304 in
420 1264 595 1318 perfacili
622 1266 843 1317 cognitione
863 1265 1069 1304 versantur.
1102 1265 1212 1317 Qid
1231 1265 1336 1303 enim
1352 1265 1434 1317 jam
1450 1264 1633 1317 sequitur,
1657 1264 1764 1316 quod

359 1331 522 1383 quidem
547 1332 636 1369 artis
663 1332 721 1376 fit,
754 1333 823 1370 nifi
854 1332 971 1370 ordiri
1002 1332 1229 1377 orationem,
1261 1332 1301 1368 in
1328 1345 1406 1383 quo
1439 1340 1504 1368 aut
1534 1331 1765 1369 concilietur

360 1397 526 1443 auditor,
557 1406 622 1436 aut
641 1398 820 1451 erigatur,
851 1408 916 1436 aut
946 1407 1051 1451 paret
1071 1398 1106 1436 se
1132 1398 1178 1436 ad
1208 1397 1466 1436 discendum?
1497 1410 1580 1435 rem
1601 1397 1765 1435 breviter

360 1476 564 1516 exponere,
600 1474 638 1503 et
672 1464 936 1517 probabiliter,
967 1474 1004 1502 et
1034 1474 1173 1517 aperte,
1205 1473 1262 1509 ut,
1296 1463 1392 1516 quid
1421 1472 1567 1516 agatur,
1595 1462 1765 1515 intelligi

360 1530 505 1583 poffit?
537 1530 600 1568 sua
630 1530 888 1568 confirmare?
920 1530 1123 1568 adversaria
1142 1531 1336 1568 evertere?
1368 1542 1488 1581 eaque
1518 1529 1667 1567 efficere
1687 1542 1766 1567 non

361 1597 594 1650 perturbate,
626 1596 689 1635 sed
715 1597 871 1649 fingulis
896 1596 1293 1649 argumentationibus
1314 1596 1366 1633 ita
1397 1595 1689 1640 concludendis,
1724 1603 1769 1633 ut

362 1663 551 1701 efficiatur
581 1663 686 1716 quod
721 1662 765 1700 fit
785 1663 1020 1715 consequens
1054 1663 1115 1708 iis,
1146 1676 1231 1715 quae
1265 1662 1464 1700 sumentur
1494 1661 1540 1698 ad
1572 1673 1768 1713 quamque

364 1741 447 1766 rem
480 1728 785 1766 confirmandam
802 1730 814 1765 ?
846 1729 929 1781 post
963 1728 1096 1766 omnia
1129 1728 1409 1780 perorationem
1444 1727 1767 1771 inflammantem,

366 1793 712 1846 restinguentemve
732 1794 958 1832 concludere
978 1795 990 1831 ?
1022 1795 1105 1832 Has
1126 1803 1248 1846 partes
1274 1793 1604 1846 quemadmodum
1635 1794 1769 1831 tractet

367 1859 546 1911 singulas,
564 1859 722 1897 difficile
742 1859 846 1897 dictu
867 1859 918 1897 est
938 1858 1013 1898 hoc
1034 1859 1144 1897 loco:
1178 1872 1247 1897 nec
1267 1859 1374 1896 enim
1395 1859 1542 1911 semper
1562 1860 1770 1896 traetantur

367 1938 446 1964 uno
478 1925 609 1963 modo.
660 1925 859 1976 Qoniam
893 1934 1021 1963 autem
1056 1939 1148 1969 non,
1177 1937 1294 1977 quem
1325 1924 1497 1969 doceam,
1533 1937 1676 1976 quaero,
1707 1923 1770 1962 sed

367 2004 487 2043 quem
507 1991 692 2043 probem;
716 1991 886 2043 probabo
906 1992 1078 2044 primum
1095 2005 1199 2035 eum,
1223 1991 1306 2042 qui,
1329 1990 1425 2042 quid
1445 1990 1589 2034 deceat,
1605 1989 1767 2028 videbit.

368 2057 467 2095 Haec
485 2057 591 2095 enim
612 2057 791 2110 sapientia
812 2058 981 2096 maxime
1000 2057 1216 2095 adhibenda
1235 2057 1432 2109 eloquenti
1452 2056 1518 2101 est,
1540 2064 1583 2094 ut
1604 2056 1648 2094 fit
1667 2064 1769 2093 tem-

367 2137 521 2176 porum,
543 2124 865 2177 personarumque
885 2124 1114 2163 moderator.
1158 2124 1264 2162 Nam
1285 2136 1354 2161 nec
1376 2123 1536 2176 semper,
1568 2136 1638 2161 ηερ
1670 2122 1771 2176 apud

368 2202 515 2234 omnes,
536 2203 603 2227 nec
624 2199 755 2228 contra
773 2203 923 2236 omnes,
941 2204 1012 2229 nec
1031 2205 1101 2244 pro
1120 2190 1318 2236 omnibus,
1340 2203 1411 2228 nec
1431 2189 1615 2228 omnibus
1634 2188 1770 2226 eodem

370 2254 488 2293 modo
507 2255 719 2294 dicendum
738 2256 912 2295 arbitror.

412 2320 604 2359 XXXVI.
638 2322 674 2359 Is
692 2322 762 2359 erit
783 2335 873 2374 ergo
889 2323 1086 2375 eloquens,
1108 2323 1175 2375 qui
1196 2323 1242 2360 ad
1258 2323 1313 2368 id,
1331 2322 1591 2375 quodcunque
1604 2319 1769 2363 decebit,

370 2386 512 2438 poterit
532 2388 822 2426 accommodare
855 2390 1081 2427 orationem.
1133 2389 1252 2440 Qod
1272 2402 1364 2427 curn
1385 2388 1568 2431 statuerit,
1597 2394 1695 2429 tum,
1727 2391 1772 2422 ut

372 2453 543 2505 quidque
563 2453 636 2492 erit
655 2453 878 2501 dicendum,
910 2456 962 2494 ita
977 2456 1078 2495 dicet
1095 2474 1107 2501 5
1139 2468 1208 2494 nec
1227 2455 1346 2494 satura
1359 2455 1504 2508 jejune,
1526 2465 1596 2491 nec
1615 2450 1773 2506 grandia

454 2520 493 2558 T
508 2533 531 2558 o
548 2532 599 2559 M.
631 2521 665 2560 Ι.
1344 2543 1351 2550 ·
1368 2523 1400 2560 L
1424 2521 1437 2558 l
1457 2520 1469 2557 l
