<?xml version="1.0" encoding="UTF-8"?>
<!DOCTYPE html PUBLIC "-//W3C//DTD XHTML 1.0 Transitional//EN"
    "http://www.w3.org/TR/xhtml1/DTD/xhtml1-transitional.dtd">
<html xmlns="http://www.w3.org/1999/xhtml" xml:lang="en" lang="en">
 <head>
  <title>
</title>
<meta http-equiv="Content-Type" content="text/html;charset=utf-8" />
  <meta name='ocr-system' content='tesseract 3.04.00' />
  <meta name='ocr-capabilities' content='ocr_page ocr_carea ocr_par ocr_line ocrx_word'/>
</head>
<body>
  <div class='ocr_page' id='page_1' title='image "./operacumindicibu01ciceuoft_0198.png"; bbox 0 0 2176 2912; ppageno 0'>
   <div class='ocr_carea' id='block_1_1' title="bbox 401 201 1448 243">
    <p class='ocr_par' dir='ltr' id='par_1_1' title="bbox 401 201 1448 243">
     <span class='ocr_line' id='line_1_1' title="bbox 401 201 1448 243; baseline -0.003 0"><span class='ocrx_word' id='word_1_1' title='bbox 401 202 474 243; x_wconf 83' lang='lat'>188</span> <span class='ocrx_word' id='word_1_2' title='bbox 752 201 866 240; x_wconf 92' lang='lat' dir='ltr'>DE</span> <span class='ocrx_word' id='word_1_3' title='bbox 942 201 1448 240; x_wconf 90' lang='lat' dir='ltr'>ORATORE</span> 
     </span>
    </p>
   </div>
   <div class='ocr_carea' id='block_1_2' title="bbox 384 294 1830 2524">
    <p class='ocr_par' dir='ltr' id='par_1_2' title="bbox 396 294 1797 733">
     <span class='ocr_line' id='line_1_2' title="bbox 398 294 1792 348; baseline -0.001 -15"><span class='ocrx_word' id='word_1_4' title='bbox 398 295 543 340; x_wconf 88' lang='lat' dir='ltr'>serviet,</span> <span class='ocrx_word' id='word_1_5' title='bbox 565 295 634 348; x_wconf 92' lang='lat' dir='ltr'>qui</span> <span class='ocrx_word' id='word_1_6' title='bbox 654 304 691 332; x_wconf 86' lang='lat' dir='ltr'>et</span> <span class='ocrx_word' id='word_1_7' title='bbox 710 308 827 333; x_wconf 86' lang='lat' dir='ltr'>annos</span> <span class='ocrx_word' id='word_1_8' title='bbox 848 294 1064 347; x_wconf 83' lang='lat' dir='ltr'>complures</span> <span class='ocrx_word' id='word_1_9' title='bbox 1081 294 1247 333; x_wconf 75' lang='lat' dir='ltr'><strong>sedentes</strong></span> <span class='ocrx_word' id='word_1_10' title='bbox 1269 295 1532 339; x_wconf 86' lang='lat' dir='ltr'>declamitant,</span> <span class='ocrx_word' id='word_1_11' title='bbox 1549 303 1586 332; x_wconf 89' lang='lat' dir='ltr'>et</span> <span class='ocrx_word' id='word_1_12' title='bbox 1606 295 1792 346; x_wconf 79' lang='lat' dir='ltr'>quotidie,</span> 
     </span>
     <span class='ocr_line' id='line_1_3' title="bbox 396 360 1793 413; baseline 0 -14"><span class='ocrx_word' id='word_1_13' title='bbox 396 371 602 413; x_wconf 77' lang='lat' dir='ltr'>antequam</span> <span class='ocrx_word' id='word_1_14' title='bbox 623 361 885 413; x_wconf 85' lang='lat' dir='ltr'>pronuntient,</span> <span class='ocrx_word' id='word_1_15' title='bbox 902 374 1039 398; x_wconf 91' lang='lat' dir='ltr'>vocem</span> <span class='ocrx_word' id='word_1_16' title='bbox 1059 360 1241 399; x_wconf 85' lang='lat' dir='ltr'>cubantes</span> <span class='ocrx_word' id='word_1_17' title='bbox 1255 360 1389 398; x_wconf 78' lang='lat' dir='ltr'>sensim</span> <span class='ocrx_word' id='word_1_18' title='bbox 1410 362 1593 405; x_wconf 76' lang='lat' dir='ltr'>excitant,</span> <span class='ocrx_word' id='word_1_19' title='bbox 1612 361 1793 399; x_wconf 83' lang='lat' dir='ltr'>eandem-</span> 
     </span>
     <span class='ocr_line' id='line_1_4' title="bbox 396 425 1794 480; baseline -0.001 -15"><span class='ocrx_word' id='word_1_20' title='bbox 396 441 487 480; x_wconf 90' lang='lat' dir='ltr'>que,</span> <span class='ocrx_word' id='word_1_21' title='bbox 510 441 602 465; x_wconf 89' lang='lat' dir='ltr'>cum</span> <span class='ocrx_word' id='word_1_22' title='bbox 622 437 795 479; x_wconf 84' lang='lat' dir='ltr'>egerunt,</span> <span class='ocrx_word' id='word_1_23' title='bbox 822 426 989 464; x_wconf 81' lang='lat' dir='ltr'>sedentes</span> <span class='ocrx_word' id='word_1_24' title='bbox 1010 427 1056 464; x_wconf 90' lang='lat' dir='ltr'>ab</span> <span class='ocrx_word' id='word_1_25' title='bbox 1077 425 1291 464; x_wconf 81' lang='lat' dir='ltr'>acutiffimo</span> <span class='ocrx_word' id='word_1_26' title='bbox 1311 426 1402 464; x_wconf 88' lang='lat' dir='ltr'>sono</span> <span class='ocrx_word' id='word_1_27' title='bbox 1423 427 1540 479; x_wconf 81' lang='lat' dir='ltr'>usque</span> <span class='ocrx_word' id='word_1_28' title='bbox 1560 426 1605 464; x_wconf 81' lang='lat' dir='ltr'>ad</span> <span class='ocrx_word' id='word_1_29' title='bbox 1624 426 1794 479; x_wconf 81' lang='lat' dir='ltr'>graviffi-</span> 
     </span>
     <span class='ocr_line' id='line_1_5' title="bbox 398 492 1796 545; baseline -0.001 -13"><span class='ocrx_word' id='word_1_30' title='bbox 398 507 510 532; x_wconf 89' lang='lat' dir='ltr'>mum</span> <span class='ocrx_word' id='word_1_31' title='bbox 532 493 668 531; x_wconf 89' lang='lat' dir='ltr'>sonum</span> <span class='ocrx_word' id='word_1_32' title='bbox 700 493 905 545; x_wconf 89' lang='lat' dir='ltr'>recipiunt,</span> <span class='ocrx_word' id='word_1_33' title='bbox 937 502 974 530; x_wconf 91' lang='lat' dir='ltr'>et</span> <span class='ocrx_word' id='word_1_34' title='bbox 1004 493 1105 544; x_wconf 77' lang='lat' dir='ltr'>quasi</span> <span class='ocrx_word' id='word_1_35' title='bbox 1137 492 1426 544; x_wconf 86' lang='lat' dir='ltr'>quodammodo</span> <span class='ocrx_word' id='word_1_36' title='bbox 1446 492 1649 544; x_wconf 78' lang='lat' dir='ltr'>colligunt.</span> <span class='ocrx_word' id='word_1_37' title='bbox 1704 494 1796 530; x_wconf 88' lang='lat' dir='ltr'>Hoc</span> 
     </span>
     <span class='ocr_line' id='line_1_6' title="bbox 397 557 1794 609; baseline -0.001 -13"><span class='ocrx_word' id='word_1_38' title='bbox 397 572 467 596; x_wconf 90' lang='lat' dir='ltr'>nos</span> <span class='ocrx_word' id='word_1_39' title='bbox 498 559 523 596; x_wconf 87' lang='lat' dir='ltr'>fi</span> <span class='ocrx_word' id='word_1_40' title='bbox 555 558 676 595; x_wconf 85' lang='lat' dir='ltr'>facere</span> <span class='ocrx_word' id='word_1_41' title='bbox 708 558 884 601; x_wconf 85' lang='lat' dir='ltr'>velimus,</span> <span class='ocrx_word' id='word_1_42' title='bbox 921 567 1006 595; x_wconf 89' lang='lat' dir='ltr'>ante</span> <span class='ocrx_word' id='word_1_43' title='bbox 1039 557 1345 595; x_wconf 84' lang='lat' dir='ltr'>condemnentur</span> <span class='ocrx_word' id='word_1_44' title='bbox 1380 558 1421 601; x_wconf 91' lang='lat' dir='ltr'>ii,</span> <span class='ocrx_word' id='word_1_45' title='bbox 1463 572 1629 609; x_wconf 85' lang='lat' dir='ltr'>quorum</span> <span class='ocrx_word' id='word_1_46' title='bbox 1668 557 1794 595; x_wconf 78' lang='lat' dir='ltr'>causas</span> 
     </span>
     <span class='ocr_line' id='line_1_7' title="bbox 399 623 1797 678; baseline -0.001 -15"><span class='ocrx_word' id='word_1_47' title='bbox 399 625 669 678; x_wconf 78' lang='lat' dir='ltr'>receperimu8‚</span> <span class='ocrx_word' id='word_1_48' title='bbox 701 637 817 675; x_wconf 88' lang='lat' dir='ltr'>quam</span> <span class='ocrx_word' id='word_1_49' title='bbox 853 624 979 667; x_wconf 88' lang='lat' dir='ltr'>toties,</span> <span class='ocrx_word' id='word_1_50' title='bbox 1017 624 1165 675; x_wconf 81' lang='lat' dir='ltr'>quoties</span> <span class='ocrx_word' id='word_1_51' title='bbox 1197 623 1466 674; x_wconf 75' lang='lat' dir='ltr'>praescribitur‚</span> <span class='ocrx_word' id='word_1_52' title='bbox 1499 625 1689 667; x_wconf 69' lang='lat' dir='ltr'>Paeanem,</span> <span class='ocrx_word' id='word_1_53' title='bbox 1731 632 1797 661; x_wconf 86' lang='lat' dir='ltr'>aut</span> 
     </span>
     <span class='ocr_line' id='line_1_8' title="bbox 399 689 892 733; baseline -0.006 -4"><span class='ocrx_word' id='word_1_54' title='bbox 399 691 649 733; x_wconf 87' lang='lat' dir='ltr'>Munionem‚</span> <span class='ocrx_word' id='word_1_55' title='bbox 680 689 892 726; x_wconf 83' lang='lat' dir='ltr'>citarimus.</span> 
     </span>
    </p>

    <p class='ocr_par' dir='ltr' id='par_1_3' title="bbox 398 751 1830 1402">
     <span class='ocr_line' id='line_1_9' title="bbox 455 751 1796 807; baseline -0.001 -13"><span class='ocrx_word' id='word_1_56' title='bbox 455 756 574 807; x_wconf 65' lang='lat' dir='ltr'>Qtod</span> <span class='ocrx_word' id='word_1_57' title='bbox 595 755 620 792; x_wconf 89' lang='lat' dir='ltr'><strong>fi</strong></span> <span class='ocrx_word' id='word_1_58' title='bbox 640 755 680 792; x_wconf 90' lang='lat' dir='ltr'>in</span> <span class='ocrx_word' id='word_1_59' title='bbox 701 754 821 806; x_wconf 82' lang='lat' dir='ltr'>gestu,</span> <span class='ocrx_word' id='word_1_60' title='bbox 852 754 919 806; x_wconf 88' lang='lat' dir='ltr'>qui</span> <span class='ocrx_word' id='word_1_61' title='bbox 944 751 1115 793; x_wconf 73' lang='lat' dir='ltr'>multum</span> <span class='ocrx_word' id='word_1_62' title='bbox 1146 762 1335 792; x_wconf 84' lang='lat' dir='ltr'>oratorem</span> <span class='ocrx_word' id='word_1_63' title='bbox 1356 754 1522 806; x_wconf 72' lang='lat' dir='ltr'>adjuvat,</span> <span class='ocrx_word' id='word_1_64' title='bbox 1552 764 1589 792; x_wconf 84' lang='lat' dir='ltr'>et</span> <span class='ocrx_word' id='word_1_65' title='bbox 1620 755 1657 792; x_wconf 87' lang='lat' dir='ltr'>in</span> <span class='ocrx_word' id='word_1_66' title='bbox 1688 767 1796 800; x_wconf 76' lang='lat' dir='ltr'>voce,</span> 
     </span>
     <span class='ocr_line' id='line_1_10' title="bbox 398 819 1796 873; baseline -0.001 -14"><span class='ocrx_word' id='word_1_67' title='bbox 398 835 483 873; x_wconf 85' lang='lat' dir='ltr'>quae</span> <span class='ocrx_word' id='word_1_68' title='bbox 502 834 575 858; x_wconf 90' lang='lat' dir='ltr'>una</span> <span class='ocrx_word' id='word_1_69' title='bbox 595 820 762 858; x_wconf 83' lang='lat' dir='ltr'>maxime</span> <span class='ocrx_word' id='word_1_70' title='bbox 782 819 1042 871; x_wconf 87' lang='lat' dir='ltr'>eloquentiam</span> <span class='ocrx_word' id='word_1_71' title='bbox 1066 820 1126 857; x_wconf 87' lang='lat' dir='ltr'>vel</span> <span class='ocrx_word' id='word_1_72' title='bbox 1145 819 1407 864; x_wconf 81' lang='lat' dir='ltr'>commendat,</span> <span class='ocrx_word' id='word_1_73' title='bbox 1438 820 1495 857; x_wconf 85' lang='lat' dir='ltr'>vel</span> <span class='ocrx_word' id='word_1_74' title='bbox 1517 820 1684 865; x_wconf 71' lang='lat' dir='ltr'>sustinet,</span> <span class='ocrx_word' id='word_1_75' title='bbox 1717 820 1796 858; x_wconf 87' lang='lat' dir='ltr'>ela-</span> 
     </span>
     <span class='ocr_line' id='line_1_11' title="bbox 400 885 1830 938; baseline -0.001 -13"><span class='ocrx_word' id='word_1_76' title='bbox 400 888 530 925; x_wconf 89' lang='lat' dir='ltr'>borare</span> <span class='ocrx_word' id='word_1_77' title='bbox 550 887 661 925; x_wconf 89' lang='lat' dir='ltr'>nobis</span> <span class='ocrx_word' id='word_1_78' title='bbox 679 900 758 924; x_wconf 90' lang='lat' dir='ltr'>non</span> <span class='ocrx_word' id='word_1_79' title='bbox 778 886 869 923; x_wconf 91' lang='lat' dir='ltr'>licet</span> <span class='ocrx_word' id='word_1_80' title='bbox 884 904 895 930; x_wconf 73' lang='lat'>5</span> <span class='ocrx_word' id='word_1_81' title='bbox 928 899 970 923; x_wconf 88' lang='lat' dir='ltr'>ac</span> <span class='ocrx_word' id='word_1_82' title='bbox 991 894 1142 924; x_wconf 90' lang='lat' dir='ltr'>tantum</span> <span class='ocrx_word' id='word_1_83' title='bbox 1161 886 1202 923; x_wconf 88' lang='lat' dir='ltr'>in</span> <span class='ocrx_word' id='word_1_84' title='bbox 1234 895 1397 938; x_wconf 88' lang='lat' dir='ltr'>utroque</span> <span class='ocrx_word' id='word_1_85' title='bbox 1416 885 1556 938; x_wconf 75' lang='lat' dir='ltr'>assequi</span> <span class='ocrx_word' id='word_1_86' title='bbox 1586 885 1797 938; x_wconf 85' lang='lat' dir='ltr'>poffumus,</span> <span class='ocrx_word' id='word_1_87' title='bbox 1827 922 1830 923; x_wconf 14' lang='grc' dir='ltr'><em>γ</em></span> 
     </span>
     <span class='ocr_line' id='line_1_12' title="bbox 399 951 1795 1005; baseline 0 -15"><span class='ocrx_word' id='word_1_88' title='bbox 399 962 604 1005; x_wconf 83' lang='lat' dir='ltr'>quantum,</span> <span class='ocrx_word' id='word_1_89' title='bbox 636 952 676 989; x_wconf 92' lang='lat' dir='ltr'>in</span> <span class='ocrx_word' id='word_1_90' title='bbox 697 951 769 990; x_wconf 88' lang='lat' dir='ltr'>hac</span> <span class='ocrx_word' id='word_1_91' title='bbox 803 952 883 989; x_wconf 89' lang='lat' dir='ltr'>acie</span> <span class='ocrx_word' id='word_1_92' title='bbox 917 952 1132 1003; x_wconf 87' lang='lat' dir='ltr'>quotidiani</span> <span class='ocrx_word' id='word_1_93' title='bbox 1154 951 1340 996; x_wconf 87' lang='lat' dir='ltr'>muneris,</span> <span class='ocrx_word' id='word_1_94' title='bbox 1369 951 1479 1004; x_wconf 72' lang='lat' dir='ltr'>spatii</span> <span class='ocrx_word' id='word_1_95' title='bbox 1510 952 1620 989; x_wconf 83' lang='lat' dir='ltr'>nobis</span> <span class='ocrx_word' id='word_1_96' title='bbox 1657 952 1795 990; x_wconf 89' lang='lat' dir='ltr'>datur:</span> 
     </span>
     <span class='ocr_line' id='line_1_13' title="bbox 399 1017 1797 1072; baseline -0.001 -15"><span class='ocrx_word' id='word_1_97' title='bbox 399 1030 543 1072; x_wconf 84' lang='lat' dir='ltr'>quanto</span> <span class='ocrx_word' id='word_1_98' title='bbox 563 1020 692 1057; x_wconf 84' lang='lat' dir='ltr'>minus</span> <span class='ocrx_word' id='word_1_99' title='bbox 712 1018 765 1056; x_wconf 89' lang='lat' dir='ltr'>est</span> <span class='ocrx_word' id='word_1_100' title='bbox 797 1018 842 1056; x_wconf 90' lang='lat' dir='ltr'>ad</span> <span class='ocrx_word' id='word_1_101' title='bbox 869 1019 967 1071; x_wconf 88' lang='lat' dir='ltr'>juris</span> <span class='ocrx_word' id='word_1_102' title='bbox 988 1019 1112 1056; x_wconf 90' lang='lat' dir='ltr'>civilis</span> <span class='ocrx_word' id='word_1_103' title='bbox 1133 1017 1368 1071; x_wconf 84' lang='lat' dir='ltr'>perdiscendi</span> <span class='ocrx_word' id='word_1_104' title='bbox 1394 1018 1690 1070; x_wconf 81' lang='lat' dir='ltr'>occupationem</span> <span class='ocrx_word' id='word_1_105' title='bbox 1712 1017 1797 1056; x_wconf 89' lang='lat' dir='ltr'>des-</span> 
     </span>
     <span class='ocr_line' id='line_1_14' title="bbox 401 1084 1800 1137; baseline -0.001 -14"><span class='ocrx_word' id='word_1_106' title='bbox 401 1086 675 1124; x_wconf 90' lang='lat' dir='ltr'>cendendum?</span> <span class='ocrx_word' id='word_1_107' title='bbox 707 1084 812 1137; x_wconf 90' lang='lat' dir='ltr'>quod</span> <span class='ocrx_word' id='word_1_108' title='bbox 831 1093 869 1122; x_wconf 90' lang='lat' dir='ltr'>et</span> <span class='ocrx_word' id='word_1_109' title='bbox 896 1084 1120 1122; x_wconf 79' lang='lat' dir='ltr'>summatim</span> <span class='ocrx_word' id='word_1_110' title='bbox 1141 1084 1287 1136; x_wconf 84' lang='lat' dir='ltr'>percipi</span> <span class='ocrx_word' id='word_1_111' title='bbox 1306 1084 1382 1122; x_wconf 90' lang='lat' dir='ltr'>fine</span> <span class='ocrx_word' id='word_1_112' title='bbox 1402 1085 1573 1121; x_wconf 59' lang='lat' dir='ltr'>doctrina</span> <span class='ocrx_word' id='word_1_113' title='bbox 1591 1084 1726 1135; x_wconf 88' lang='lat' dir='ltr'>potest,</span> <span class='ocrx_word' id='word_1_114' title='bbox 1760 1093 1800 1121; x_wconf 90' lang='lat' dir='ltr'>et</span> 
     </span>
     <span class='ocr_line' id='line_1_15' title="bbox 399 1148 1798 1200; baseline -0.001 -12"><span class='ocrx_word' id='word_1_115' title='bbox 399 1150 499 1189; x_wconf 90' lang='lat' dir='ltr'>hanc</span> <span class='ocrx_word' id='word_1_116' title='bbox 520 1150 636 1188; x_wconf 89' lang='lat' dir='ltr'>habet</span> <span class='ocrx_word' id='word_1_117' title='bbox 665 1150 710 1187; x_wconf 86' lang='lat' dir='ltr'>ab</span> <span class='ocrx_word' id='word_1_118' title='bbox 731 1150 807 1187; x_wconf 87' lang='lat' dir='ltr'>illis</span> <span class='ocrx_word' id='word_1_119' title='bbox 838 1149 950 1187; x_wconf 89' lang='lat' dir='ltr'>rebus</span> <span class='ocrx_word' id='word_1_120' title='bbox 980 1148 1346 1194; x_wconf 67' lang='lat' dir='ltr'>dissimilitudinem,</span> <span class='ocrx_word' id='word_1_121' title='bbox 1377 1148 1481 1200; x_wconf 91' lang='lat' dir='ltr'>quod</span> <span class='ocrx_word' id='word_1_122' title='bbox 1509 1162 1583 1185; x_wconf 90' lang='lat' dir='ltr'>vox</span> <span class='ocrx_word' id='word_1_123' title='bbox 1603 1158 1640 1185; x_wconf 88' lang='lat' dir='ltr'>et</span> <span class='ocrx_word' id='word_1_124' title='bbox 1674 1148 1798 1200; x_wconf 83' lang='lat' dir='ltr'>gestus</span> 
     </span>
     <span class='ocr_line' id='line_1_16' title="bbox 399 1214 1797 1268; baseline -0.003 -13"><span class='ocrx_word' id='word_1_125' title='bbox 399 1217 527 1255; x_wconf 84' lang='lat' dir='ltr'>subito</span> <span class='ocrx_word' id='word_1_126' title='bbox 547 1218 659 1261; x_wconf 89' lang='lat' dir='ltr'>sumi,</span> <span class='ocrx_word' id='word_1_127' title='bbox 678 1226 715 1254; x_wconf 91' lang='lat' dir='ltr'>et</span> <span class='ocrx_word' id='word_1_128' title='bbox 735 1216 887 1254; x_wconf 85' lang='lat' dir='ltr'>aliunde</span> <span class='ocrx_word' id='word_1_129' title='bbox 905 1216 1018 1268; x_wconf 83' lang='lat' dir='ltr'>arripi</span> <span class='ocrx_word' id='word_1_130' title='bbox 1039 1229 1116 1254; x_wconf 92' lang='lat' dir='ltr'>non</span> <span class='ocrx_word' id='word_1_131' title='bbox 1137 1214 1286 1268; x_wconf 79' lang='lat' dir='ltr'>potest3</span> <span class='ocrx_word' id='word_1_132' title='bbox 1311 1215 1409 1267; x_wconf 89' lang='lat' dir='ltr'>juris</span> <span class='ocrx_word' id='word_1_133' title='bbox 1430 1214 1574 1252; x_wconf 86' lang='lat' dir='ltr'>utilitas</span> <span class='ocrx_word' id='word_1_134' title='bbox 1591 1214 1637 1252; x_wconf 85' lang='lat' dir='ltr'>ad</span> <span class='ocrx_word' id='word_1_135' title='bbox 1656 1228 1797 1266; x_wconf 90' lang='lat' dir='ltr'>quam-</span> 
     </span>
     <span class='ocr_line' id='line_1_17' title="bbox 399 1280 1799 1336; baseline -0.003 -14"><span class='ocrx_word' id='word_1_136' title='bbox 399 1297 475 1336; x_wconf 87' lang='lat' dir='ltr'>que</span> <span class='ocrx_word' id='word_1_137' title='bbox 493 1283 658 1327; x_wconf 85' lang='lat' dir='ltr'>causam,</span> <span class='ocrx_word' id='word_1_138' title='bbox 677 1283 853 1334; x_wconf 86' lang='lat' dir='ltr'>quamvis</span> <span class='ocrx_word' id='word_1_139' title='bbox 874 1292 1040 1335; x_wconf 86' lang='lat' dir='ltr'>repente,</span> <span class='ocrx_word' id='word_1_140' title='bbox 1058 1282 1118 1320; x_wconf 86' lang='lat' dir='ltr'>vel</span> <span class='ocrx_word' id='word_1_141' title='bbox 1138 1295 1159 1319; x_wconf 91' lang='lat' dir='ltr'>a</span> <span class='ocrx_word' id='word_1_142' title='bbox 1176 1281 1324 1334; x_wconf 89' lang='lat' dir='ltr'>peritis,</span> <span class='ocrx_word' id='word_1_143' title='bbox 1340 1281 1400 1320; x_wconf 92' lang='lat' dir='ltr'>vel</span> <span class='ocrx_word' id='word_1_144' title='bbox 1421 1280 1466 1319; x_wconf 90' lang='lat' dir='ltr'>de</span> <span class='ocrx_word' id='word_1_145' title='bbox 1486 1281 1608 1326; x_wconf 88' lang='lat' dir='ltr'>libris,</span> <span class='ocrx_word' id='word_1_146' title='bbox 1623 1280 1799 1334; x_wconf 83' lang='lat' dir='ltr'>depromi</span> 
     </span>
     <span class='ocr_line' id='line_1_18' title="bbox 398 1349 533 1402; baseline 0.015 -16"><span class='ocrx_word' id='word_1_147' title='bbox 398 1349 533 1402; x_wconf 88' lang='lat' dir='ltr'>potest.</span> 
     </span>
    </p>

    <p class='ocr_par' dir='ltr' id='par_1_4' title="bbox 393 1414 1799 1863">
     <span class='ocr_line' id='line_1_19' title="bbox 454 1414 1797 1468; baseline -0.001 -15"><span class='ocrx_word' id='word_1_148' title='bbox 454 1418 587 1468; x_wconf 88' lang='lat' dir='ltr'>Itaque</span> <span class='ocrx_word' id='word_1_149' title='bbox 609 1415 666 1453; x_wconf 84' lang='lat' dir='ltr'>illi</span> <span class='ocrx_word' id='word_1_150' title='bbox 687 1415 916 1454; x_wconf 83' lang='lat' dir='ltr'>disertiffimi</span> <span class='ocrx_word' id='word_1_151' title='bbox 935 1415 1112 1454; x_wconf 89' lang='lat' dir='ltr'>homines</span> <span class='ocrx_word' id='word_1_152' title='bbox 1130 1415 1322 1454; x_wconf 83' lang='lat' dir='ltr'>ministros</span> <span class='ocrx_word' id='word_1_153' title='bbox 1343 1415 1487 1454; x_wconf 86' lang='lat' dir='ltr'>habent</span> <span class='ocrx_word' id='word_1_154' title='bbox 1507 1415 1546 1452; x_wconf 90' lang='lat' dir='ltr'>in</span> <span class='ocrx_word' id='word_1_155' title='bbox 1567 1414 1684 1452; x_wconf 80' lang='lat' dir='ltr'>causis</span> <span class='ocrx_word' id='word_1_156' title='bbox 1697 1414 1797 1466; x_wconf 87' lang='lat' dir='ltr'>juris</span> 
     </span>
     <span class='ocr_line' id='line_1_20' title="bbox 398 1479 1799 1533; baseline -0.001 -15"><span class='ocrx_word' id='word_1_157' title='bbox 398 1483 555 1533; x_wconf 84' lang='lat' dir='ltr'>peritos,</span> <span class='ocrx_word' id='word_1_158' title='bbox 582 1482 690 1531; x_wconf 84' lang='lat' dir='ltr'>(cum</span> <span class='ocrx_word' id='word_1_159' title='bbox 713 1481 779 1533; x_wconf 84' lang='lat' dir='ltr'>ipfi</span> <span class='ocrx_word' id='word_1_160' title='bbox 801 1481 873 1518; x_wconf 78' lang='lat' dir='ltr'>sint</span> <span class='ocrx_word' id='word_1_161' title='bbox 893 1482 1187 1533; x_wconf 76' lang='lat' dir='ltr'>imperitissimi)</span> <span class='ocrx_word' id='word_1_162' title='bbox 1217 1491 1254 1518; x_wconf 90' lang='lat' dir='ltr'>et</span> <span class='ocrx_word' id='word_1_163' title='bbox 1273 1481 1356 1533; x_wconf 91' lang='lat' dir='ltr'>qui,</span> <span class='ocrx_word' id='word_1_164' title='bbox 1379 1490 1421 1518; x_wconf 90' lang='lat' dir='ltr'>ut</span> <span class='ocrx_word' id='word_1_165' title='bbox 1440 1481 1505 1518; x_wconf 86' lang='lat' dir='ltr'>abs</span> <span class='ocrx_word' id='word_1_166' title='bbox 1526 1490 1562 1518; x_wconf 92' lang='lat' dir='ltr'>te</span> <span class='ocrx_word' id='word_1_167' title='bbox 1581 1479 1695 1532; x_wconf 89' lang='lat' dir='ltr'>paulo</span> <span class='ocrx_word' id='word_1_168' title='bbox 1712 1488 1799 1517; x_wconf 90' lang='lat' dir='ltr'>ante</span> 
     </span>
     <span class='ocr_line' id='line_1_21' title="bbox 398 1545 1796 1598; baseline -0.001 -14"><span class='ocrx_word' id='word_1_169' title='bbox 398 1548 545 1584; x_wconf 54' lang='lat' dir='ltr'>dietum</span> <span class='ocrx_word' id='word_1_170' title='bbox 581 1546 645 1589; x_wconf 90' lang='lat' dir='ltr'>est,</span> <span class='ocrx_word' id='word_1_171' title='bbox 670 1547 898 1598; x_wconf 81' lang='lat' dir='ltr'>pragmatici</span> <span class='ocrx_word' id='word_1_172' title='bbox 913 1556 1109 1584; x_wconf 83' lang='lat' dir='ltr'>vocantur.</span> <span class='ocrx_word' id='word_1_173' title='bbox 1162 1548 1206 1584; x_wconf 92' lang='lat' dir='ltr'>In</span> <span class='ocrx_word' id='word_1_174' title='bbox 1237 1559 1315 1597; x_wconf 88' lang='lat' dir='ltr'>quo</span> <span class='ocrx_word' id='word_1_175' title='bbox 1335 1547 1449 1583; x_wconf 88' lang='lat' dir='ltr'>nostri</span> <span class='ocrx_word' id='word_1_176' title='bbox 1475 1546 1638 1583; x_wconf 88' lang='lat' dir='ltr'>omnino</span> <span class='ocrx_word' id='word_1_177' title='bbox 1657 1545 1796 1583; x_wconf 88' lang='lat' dir='ltr'>melius</span> 
     </span>
     <span class='ocr_line' id='line_1_22' title="bbox 399 1612 1798 1665; baseline -0.001 -15"><span class='ocrx_word' id='word_1_178' title='bbox 399 1614 539 1658; x_wconf 85' lang='lat' dir='ltr'>multo,</span> <span class='ocrx_word' id='word_1_179' title='bbox 577 1613 680 1664; x_wconf 84' lang='lat' dir='ltr'>quod</span> <span class='ocrx_word' id='word_1_180' title='bbox 701 1612 994 1650; x_wconf 80' lang='lat' dir='ltr'>clariffimorum</span> <span class='ocrx_word' id='word_1_181' title='bbox 1028 1612 1237 1650; x_wconf 88' lang='lat' dir='ltr'>hominum</span> <span class='ocrx_word' id='word_1_182' title='bbox 1268 1613 1489 1650; x_wconf 56' lang='lat' dir='ltr'>auctoritate</span> <span class='ocrx_word' id='word_1_183' title='bbox 1517 1613 1618 1665; x_wconf 87' lang='lat' dir='ltr'>leges</span> <span class='ocrx_word' id='word_1_184' title='bbox 1649 1621 1687 1650; x_wconf 92' lang='lat' dir='ltr'>et</span> <span class='ocrx_word' id='word_1_185' title='bbox 1711 1613 1798 1663; x_wconf 89' lang='lat' dir='ltr'>jura</span> 
     </span>
     <span class='ocr_line' id='line_1_23' title="bbox 399 1677 1794 1731; baseline -0.001 -14"><span class='ocrx_word' id='word_1_186' title='bbox 399 1681 497 1717; x_wconf 62' lang='lat' dir='ltr'>tecta</span> <span class='ocrx_word' id='word_1_187' title='bbox 516 1679 586 1716; x_wconf 82' lang='lat' dir='ltr'>esse</span> <span class='ocrx_word' id='word_1_188' title='bbox 604 1679 821 1716; x_wconf 88' lang='lat' dir='ltr'>voluerunt.</span> <span class='ocrx_word' id='word_1_189' title='bbox 873 1679 942 1717; x_wconf 79' lang='lat' dir='ltr'>Sed</span> <span class='ocrx_word' id='word_1_190' title='bbox 965 1688 1091 1716; x_wconf 82' lang='lat' dir='ltr'>tamen</span> <span class='ocrx_word' id='word_1_191' title='bbox 1113 1692 1189 1717; x_wconf 90' lang='lat' dir='ltr'>non</span> <span class='ocrx_word' id='word_1_192' title='bbox 1210 1678 1361 1731; x_wconf 86' lang='lat' dir='ltr'>fugiffet</span> <span class='ocrx_word' id='word_1_193' title='bbox 1381 1677 1455 1716; x_wconf 92' lang='lat' dir='ltr'>hoc</span> <span class='ocrx_word' id='word_1_194' title='bbox 1478 1680 1633 1717; x_wconf 87' lang='lat' dir='ltr'>Graecos</span> <span class='ocrx_word' id='word_1_195' title='bbox 1662 1677 1794 1716; x_wconf 89' lang='lat' dir='ltr'>homi-</span> 
     </span>
     <span class='ocr_line' id='line_1_24' title="bbox 398 1744 1798 1798; baseline -0.001 -14"><span class='ocrx_word' id='word_1_196' title='bbox 398 1759 477 1789; x_wconf 89' lang='lat' dir='ltr'>nes,</span> <span class='ocrx_word' id='word_1_197' title='bbox 510 1746 534 1783; x_wconf 83' lang='lat' dir='ltr'>s1</span> <span class='ocrx_word' id='word_1_198' title='bbox 556 1747 608 1782; x_wconf 89' lang='lat' dir='ltr'>ita</span> <span class='ocrx_word' id='word_1_199' title='bbox 628 1745 771 1782; x_wconf 85' lang='lat' dir='ltr'>neceffe</span> <span class='ocrx_word' id='word_1_200' title='bbox 791 1745 860 1782; x_wconf 81' lang='lat' dir='ltr'>effe</span> <span class='ocrx_word' id='word_1_201' title='bbox 880 1745 1050 1782; x_wconf 87' lang='lat' dir='ltr'>arbitrati</span> <span class='ocrx_word' id='word_1_202' title='bbox 1077 1745 1204 1790; x_wconf 66' lang='lat' dir='ltr'>essent,</span> <span class='ocrx_word' id='word_1_203' title='bbox 1232 1754 1421 1783; x_wconf 88' lang='lat' dir='ltr'>oratorem</span> <span class='ocrx_word' id='word_1_204' title='bbox 1441 1745 1568 1798; x_wconf 86' lang='lat' dir='ltr'>ipsum</span> <span class='ocrx_word' id='word_1_205' title='bbox 1589 1744 1737 1782; x_wconf 87' lang='lat' dir='ltr'>erudire</span> <span class='ocrx_word' id='word_1_206' title='bbox 1757 1744 1798 1782; x_wconf 90' lang='lat' dir='ltr'>in</span> 
     </span>
     <span class='ocr_line' id='line_1_25' title="bbox 393 1811 1425 1863; baseline 0 -15"><span class='ocrx_word' id='word_1_207' title='bbox 393 1813 479 1862; x_wconf 84' lang='lat' dir='ltr'>jure</span> <span class='ocrx_word' id='word_1_208' title='bbox 500 1811 618 1855; x_wconf 79' lang='lat' dir='ltr'>civili,</span> <span class='ocrx_word' id='word_1_209' title='bbox 643 1824 718 1848; x_wconf 87' lang='lat' dir='ltr'>non</span> <span class='ocrx_word' id='word_1_210' title='bbox 740 1812 775 1848; x_wconf 87' lang='lat' dir='ltr'>ei</span> <span class='ocrx_word' id='word_1_211' title='bbox 793 1812 1074 1863; x_wconf 83' lang='lat' dir='ltr'>pragmaticum</span> <span class='ocrx_word' id='word_1_212' title='bbox 1096 1812 1307 1862; x_wconf 83' lang='lat' dir='ltr'>adjutorem</span> <span class='ocrx_word' id='word_1_213' title='bbox 1326 1812 1425 1848; x_wconf 88' lang='lat' dir='ltr'>dare.</span> 
     </span>
    </p>

    <p class='ocr_par' dir='ltr' id='par_1_5' title="bbox 384 1876 1798 2524">
     <span class='ocr_line' id='line_1_26' title="bbox 453 1876 1798 1930; baseline 0 -15"><span class='ocrx_word' id='word_1_214' title='bbox 453 1879 541 1915; x_wconf 87' lang='lat' dir='ltr'>LX.</span> <span class='ocrx_word' id='word_1_215' title='bbox 566 1877 670 1915; x_wconf 85' lang='lat' dir='ltr'>Nam</span> <span class='ocrx_word' id='word_1_216' title='bbox 685 1878 788 1928; x_wconf 88' lang='lat' dir='ltr'>quod</span> <span class='ocrx_word' id='word_1_217' title='bbox 807 1878 900 1914; x_wconf 80' lang='lat' dir='ltr'>dicis</span> <span class='ocrx_word' id='word_1_218' title='bbox 908 1879 1126 1929; x_wconf 62' lang='lat' dir='ltr'>stneo‘Jutem</span> <span class='ocrx_word' id='word_1_219' title='bbox 1140 1877 1360 1930; x_wconf 72' lang='lat' dir='ltr'>asblitudine</span> <span class='ocrx_word' id='word_1_220' title='bbox 1379 1876 1663 1928; x_wconf 80' lang='lat' dir='ltr'>vindicarijuris</span> <span class='ocrx_word' id='word_1_221' title='bbox 1682 1876 1798 1915; x_wconf 62' lang='lat' dir='ltr'>civilt}</span> 
     </span>
     <span class='ocr_line' id='line_1_27' title="bbox 384 1940 1797 1996; baseline -0.001 -16"><span class='ocrx_word' id='word_1_222' title='bbox 384 1943 555 1996; x_wconf 75' lang='lat' dir='ltr'>scientia,</span> <span class='ocrx_word' id='word_1_223' title='bbox 587 1940 734 1980; x_wconf 54' lang='lat' dir='ltr'>‘fortafle</span> <span class='ocrx_word' id='word_1_224' title='bbox 770 1943 886 1980; x_wconf 79' lang='lat' dir='ltr'>etiam</span> <span class='ocrx_word' id='word_1_225' title='bbox 908 1943 1079 1995; x_wconf 81' lang='lat' dir='ltr'>pecuniae</span> <span class='ocrx_word' id='word_1_226' title='bbox 1109 1943 1391 1994; x_wconf 84' lang='lat' dir='ltr'>magnitudine.</span> <span class='ocrx_word' id='word_1_227' title='bbox 1424 1943 1494 1981; x_wconf 90' lang='lat' dir='ltr'>Sed</span> <span class='ocrx_word' id='word_1_228' title='bbox 1515 1956 1583 1980; x_wconf 87' lang='lat' dir='ltr'>nos</span> <span class='ocrx_word' id='word_1_229' title='bbox 1604 1955 1681 1980; x_wconf 90' lang='lat' dir='ltr'>non</span> <span class='ocrx_word' id='word_1_230' title='bbox 1702 1942 1797 1993; x_wconf 90' lang='lat' dir='ltr'>quid</span> 
     </span>
     <span class='ocr_line' id='line_1_28' title="bbox 399 2008 1795 2061; baseline -0.001 -14"><span class='ocrx_word' id='word_1_231' title='bbox 399 2010 508 2047; x_wconf 82' lang='lat' dir='ltr'>nobis</span> <span class='ocrx_word' id='word_1_232' title='bbox 546 2010 652 2054; x_wconf 85' lang='lat' dir='ltr'>utile,</span> <span class='ocrx_word' id='word_1_233' title='bbox 698 2022 829 2047; x_wconf 88' lang='lat' dir='ltr'>verum</span> <span class='ocrx_word' id='word_1_234' title='bbox 869 2009 962 2061; x_wconf 90' lang='lat' dir='ltr'>quid</span> <span class='ocrx_word' id='word_1_235' title='bbox 996 2009 1135 2046; x_wconf 88' lang='lat' dir='ltr'>oratori</span> <span class='ocrx_word' id='word_1_236' title='bbox 1177 2008 1424 2046; x_wconf 77' lang='lat' dir='ltr'>necessarium</span> <span class='ocrx_word' id='word_1_237' title='bbox 1465 2008 1523 2052; x_wconf 88' lang='lat' dir='ltr'>fit,</span> <span class='ocrx_word' id='word_1_238' title='bbox 1572 2008 1795 2059; x_wconf 84' lang='lat' dir='ltr'>quaerimus.</span> 
     </span>
     <span class='ocr_line' id='line_1_29' title="bbox 399 2074 1797 2127; baseline 0 -15"><span class='ocrx_word' id='word_1_239' title='bbox 399 2077 650 2127; x_wconf 80' lang='lat' dir='ltr'>Qanquam‚</span> <span class='ocrx_word' id='word_1_240' title='bbox 682 2077 866 2127; x_wconf 84' lang='lat' dir='ltr'>quoniam</span> <span class='ocrx_word' id='word_1_241' title='bbox 899 2075 1023 2113; x_wconf 88' lang='lat' dir='ltr'>multa</span> <span class='ocrx_word' id='word_1_242' title='bbox 1050 2075 1096 2112; x_wconf 90' lang='lat' dir='ltr'>ad</span> <span class='ocrx_word' id='word_1_243' title='bbox 1127 2075 1284 2113; x_wconf 82' lang='lat' dir='ltr'>oratoris</span> <span class='ocrx_word' id='word_1_244' title='bbox 1316 2074 1611 2112; x_wconf 84' lang='lat' dir='ltr'>fimilitudinem</span> <span class='ocrx_word' id='word_1_245' title='bbox 1640 2074 1687 2111; x_wconf 85' lang='lat' dir='ltr'>ab</span> <span class='ocrx_word' id='word_1_246' title='bbox 1721 2087 1797 2112; x_wconf 91' lang='lat' dir='ltr'>uno</span> 
     </span>
     <span class='ocr_line' id='line_1_30' title="bbox 398 2139 1796 2192; baseline -0.001 -14"><span class='ocrx_word' id='word_1_247' title='bbox 398 2141 542 2179; x_wconf 86' lang='lat' dir='ltr'>artifice</span> <span class='ocrx_word' id='word_1_248' title='bbox 573 2142 776 2186; x_wconf 83' lang='lat' dir='ltr'>sumimus,</span> <span class='ocrx_word' id='word_1_249' title='bbox 808 2141 901 2179; x_wconf 86' lang='lat' dir='ltr'>solet</span> <span class='ocrx_word' id='word_1_250' title='bbox 932 2141 1035 2178; x_wconf 89' lang='lat' dir='ltr'>idem</span> <span class='ocrx_word' id='word_1_251' title='bbox 1067 2140 1228 2178; x_wconf 89' lang='lat' dir='ltr'>Roscius</span> <span class='ocrx_word' id='word_1_252' title='bbox 1260 2140 1398 2185; x_wconf 91' lang='lat' dir='ltr'>dicere,</span> <span class='ocrx_word' id='word_1_253' title='bbox 1430 2139 1478 2185; x_wconf 84' lang='lat' dir='ltr'>se,</span> <span class='ocrx_word' id='word_1_254' title='bbox 1500 2153 1579 2192; x_wconf 94' lang='lat' dir='ltr'>quo</span> <span class='ocrx_word' id='word_1_255' title='bbox 1608 2139 1695 2192; x_wconf 92' lang='lat' dir='ltr'>plus</span> <span class='ocrx_word' id='word_1_256' title='bbox 1727 2139 1796 2177; x_wconf 89' lang='lat' dir='ltr'>fibi</span> 
     </span>
     <span class='ocr_line' id='line_1_31' title="bbox 398 2205 1796 2251; baseline -0.002 -6"><span class='ocrx_word' id='word_1_257' title='bbox 398 2207 516 2245; x_wconf 78' lang='lat' dir='ltr'>aetatis</span> <span class='ocrx_word' id='word_1_258' title='bbox 544 2206 751 2251; x_wconf 84' lang='lat' dir='ltr'>accederet,</span> <span class='ocrx_word' id='word_1_259' title='bbox 783 2221 827 2245; x_wconf 92' lang='lat' dir='ltr'>eo</span> <span class='ocrx_word' id='word_1_260' title='bbox 848 2207 1028 2245; x_wconf 86' lang='lat' dir='ltr'>tardiores</span> <span class='ocrx_word' id='word_1_261' title='bbox 1049 2206 1220 2244; x_wconf 87' lang='lat' dir='ltr'>tibicinis</span> <span class='ocrx_word' id='word_1_262' title='bbox 1242 2206 1392 2251; x_wconf 87' lang='lat' dir='ltr'>modos,</span> <span class='ocrx_word' id='word_1_263' title='bbox 1426 2214 1463 2243; x_wconf 91' lang='lat' dir='ltr'>et</span> <span class='ocrx_word' id='word_1_264' title='bbox 1496 2214 1630 2243; x_wconf 86' lang='lat' dir='ltr'>cantus</span> <span class='ocrx_word' id='word_1_265' title='bbox 1661 2205 1796 2243; x_wconf 88' lang='lat' dir='ltr'>remis-</span> 
     </span>
     <span class='ocr_line' id='line_1_32' title="bbox 397 2272 1796 2325; baseline -0.001 -13"><span class='ocrx_word' id='word_1_266' title='bbox 397 2273 522 2317; x_wconf 81' lang='lat' dir='ltr'>fiores,</span> <span class='ocrx_word' id='word_1_267' title='bbox 539 2272 609 2310; x_wconf 81' lang='lat' dir='ltr'>effe</span> <span class='ocrx_word' id='word_1_268' title='bbox 625 2272 831 2311; x_wconf 64' lang='lat' dir='ltr'>faCturum.</span> <span class='ocrx_word' id='word_1_269' title='bbox 856 2272 973 2324; x_wconf 84' lang='lat' dir='ltr'>Qod</span> <span class='ocrx_word' id='word_1_270' title='bbox 994 2272 1020 2310; x_wconf 87' lang='lat' dir='ltr'><strong>fi</strong></span> <span class='ocrx_word' id='word_1_271' title='bbox 1041 2272 1118 2317; x_wconf 90' lang='lat' dir='ltr'>ille,</span> <span class='ocrx_word' id='word_1_272' title='bbox 1137 2272 1331 2310; x_wconf 63' lang='lat' dir='ltr'>adstristus</span> <span class='ocrx_word' id='word_1_273' title='bbox 1348 2281 1451 2310; x_wconf 86' lang='lat' dir='ltr'>certa</span> <span class='ocrx_word' id='word_1_274' title='bbox 1470 2272 1635 2325; x_wconf 89' lang='lat' dir='ltr'>quadam</span> <span class='ocrx_word' id='word_1_275' title='bbox 1656 2285 1796 2310; x_wconf 89' lang='lat' dir='ltr'>nume-</span> 
     </span>
     <span class='ocr_line' id='line_1_33' title="bbox 397 2337 1796 2392; baseline 0 -16"><span class='ocrx_word' id='word_1_276' title='bbox 397 2352 529 2377; x_wconf 86' lang='lat' dir='ltr'>rorum</span> <span class='ocrx_word' id='word_1_277' title='bbox 550 2339 825 2384; x_wconf 84' lang='lat' dir='ltr'>moderatione,</span> <span class='ocrx_word' id='word_1_278' title='bbox 855 2348 893 2376; x_wconf 88' lang='lat' dir='ltr'>et</span> <span class='ocrx_word' id='word_1_279' title='bbox 913 2338 1071 2391; x_wconf 91' lang='lat' dir='ltr'>pedum,</span> <span class='ocrx_word' id='word_1_280' title='bbox 1094 2348 1222 2376; x_wconf 87' lang='lat' dir='ltr'>tamen</span> <span class='ocrx_word' id='word_1_281' title='bbox 1243 2338 1389 2392; x_wconf 88' lang='lat' dir='ltr'>aliquid</span> <span class='ocrx_word' id='word_1_282' title='bbox 1408 2338 1454 2376; x_wconf 84' lang='lat' dir='ltr'>ad</span> <span class='ocrx_word' id='word_1_283' title='bbox 1475 2337 1646 2391; x_wconf 89' lang='lat' dir='ltr'>requiem</span> <span class='ocrx_word' id='word_1_284' title='bbox 1666 2338 1796 2376; x_wconf 89' lang='lat' dir='ltr'>senec-</span> 
     </span>
     <span class='ocr_line' id='line_1_34' title="bbox 397 2403 1795 2457; baseline 0 -15"><span class='ocrx_word' id='word_1_285' title='bbox 397 2404 490 2442; x_wconf 85' lang='lat' dir='ltr'>tutis</span> <span class='ocrx_word' id='word_1_286' title='bbox 511 2405 702 2457; x_wconf 83' lang='lat' dir='ltr'>excogitat</span> <span class='ocrx_word' id='word_1_287' title='bbox 719 2422 730 2449; x_wconf 67' lang='lat'>,</span> <span class='ocrx_word' id='word_1_288' title='bbox 762 2413 907 2457; x_wconf 84' lang='lat' dir='ltr'>quanto</span> <span class='ocrx_word' id='word_1_289' title='bbox 926 2403 1077 2442; x_wconf 89' lang='lat' dir='ltr'>facilius</span> <span class='ocrx_word' id='word_1_290' title='bbox 1098 2417 1166 2442; x_wconf 88' lang='lat' dir='ltr'>nos</span> <span class='ocrx_word' id='word_1_291' title='bbox 1187 2417 1264 2441; x_wconf 90' lang='lat' dir='ltr'>non</span> <span class='ocrx_word' id='word_1_292' title='bbox 1293 2404 1417 2442; x_wconf 85' lang='lat' dir='ltr'>laxare</span> <span class='ocrx_word' id='word_1_293' title='bbox 1434 2404 1583 2450; x_wconf 89' lang='lat' dir='ltr'>modos,</span> <span class='ocrx_word' id='word_1_294' title='bbox 1614 2404 1675 2442; x_wconf 87' lang='lat' dir='ltr'>sed</span> <span class='ocrx_word' id='word_1_295' title='bbox 1695 2413 1795 2442; x_wconf 90' lang='lat' dir='ltr'>totos</span> 
     </span>
     <span class='ocr_line' id='line_1_35' title="bbox 395 2468 1797 2524; baseline -0.001 -15"><span class='ocrx_word' id='word_1_296' title='bbox 395 2479 557 2516; x_wconf 86' lang='lat' dir='ltr'>mutare,</span> <span class='ocrx_word' id='word_1_297' title='bbox 575 2470 771 2524; x_wconf 84' lang='lat' dir='ltr'>poffumus</span> <span class='ocrx_word' id='word_1_298' title='bbox 787 2471 799 2507; x_wconf 91' lang='lat'>?</span> <span class='ocrx_word' id='word_1_299' title='bbox 823 2471 962 2524; x_wconf 75' lang='lat' dir='ltr'>Neque</span> <span class='ocrx_word' id='word_1_300' title='bbox 977 2470 1083 2508; x_wconf 90' lang='lat' dir='ltr'>enim</span> <span class='ocrx_word' id='word_1_301' title='bbox 1100 2468 1174 2509; x_wconf 88' lang='lat' dir='ltr'>hoc</span> <span class='ocrx_word' id='word_1_302' title='bbox 1191 2479 1240 2516; x_wconf 91' lang='lat' dir='ltr'>te,</span> <span class='ocrx_word' id='word_1_303' title='bbox 1257 2471 1395 2516; x_wconf 72' lang='lat' dir='ltr'>Crasse,</span> <span class='ocrx_word' id='word_1_304' title='bbox 1410 2469 1524 2517; x_wconf 86' lang='lat' dir='ltr'>fallit,</span> <span class='ocrx_word' id='word_1_305' title='bbox 1542 2483 1661 2524; x_wconf 86' lang='lat' dir='ltr'>quam</span> <span class='ocrx_word' id='word_1_306' title='bbox 1674 2469 1797 2509; x_wconf 87' lang='lat' dir='ltr'>multa</span> 
     </span>
    </p>
   </div>
  </div>
 </body>
</html>
