2176 2912
471 222 547 262 3¹0
825 204 940 243 DE
1016 200 1524 244 ORATORE

468 301 700 343 varietatem,
732 305 915 350 quantam
934 296 1031 342 vim,
1063 304 1247 349 quantam
1267 296 1436 349 copiam,
1473 293 1611 340 Crasse,
1639 294 1866 348 complexus

467 382 520 412 es,
544 365 770 419 quantisque
790 378 835 403 ex
855 363 1036 417 angustiis
1057 373 1247 402 oratorem
1265 362 1425 401 educere
1450 361 1558 400 ausus
1578 375 1632 406 es,
1660 371 1698 401 et
1720 362 1762 401 in
1782 376 1866 401 ma-

462 436 596 486 jorum
631 432 785 471 suorum
812 444 932 484 regno
952 429 1161 469 collocare!
1194 430 1378 482 Namque
1409 428 1496 466 illos
1517 437 1660 467 veteres
1680 428 1867 474 doctores,

468 497 712 550 au&oresque
735 497 887 535 dicendi
908 496 1063 534 nullum
1083 509 1202 549 genus
1223 495 1489 548 disputationis
1510 508 1531 532 a
1549 494 1585 533 se
1605 494 1774 533 alienum
1794 508 1869 548 pu-

470 564 557 604 taffe
577 564 810 616 accepimus,
848 562 1069 614 semperque
1099 561 1170 600 esse
1200 561 1240 599 in
1271 561 1381 599 omni
1410 560 1591 598 orationis
1622 560 1766 598 ratione
1785 552 1875 600 ver-⁷

470 631 580 670 satos.
613 630 674 667 Ex
695 627 835 680 quibus
856 627 975 664 Eleus
997 625 1177 678 Hippias,
1196 638 1289 663 cum
1311 625 1541 677 Olympiam
1556 624 1726 670 veniffet,
1744 626 1871 664 maxi-

469 710 534 736 ma
564 695 631 733 illa
650 691 927 745 quinquennali
956 691 1177 729 celebritate
1206 690 1404 735 ludorum,
1431 689 1614 742 gloriatus
1634 689 1701 735 est,
1737 692 1873 729 cunffita

471 776 567 816 pene
601 760 777 797 audiente
812 758 976 802 Graecia,
1007 755 1108 794 nihil
1137 755 1208 795 effe
1234 755 1313 794 ulla
1337 756 1379 794 in
1404 764 1482 794 arte
1513 769 1642 794 rerum
1675 756 1871 801 omnium,

470 827 575 880 quod
596 825 672 878 ipse
694 823 874 862 nesciret:
898 836 967 861 nec
987 821 1112 861 solum
1131 820 1199 860 has
1219 830 1329 867 arteS,
1348 821 1490 874 quibus
1505 821 1679 860 liberales
1692 821 1873 860 destrinae

471 903 585 946 atque
614 893 790 944 ingenuae
816 890 1116 934 continerentur,
1146 888 1413 941 geometriam,
1443 887 1643 934 muficam,
1674 888 1874 926 literarum

470 958 751 1011 cognitionem,
783 964 822 994 et
853 964 1065 1008 poetarum,
1101 963 1214 1006 atque
1243 954 1323 999 illa,
1358 968 1443 1007 quae
1477 954 1523 992 de
1557 954 1700 992 naturis
1731 967 1873 998 rerum,

473 1039 558 1077 quae
593 1024 639 1062 de
665 1022 876 1061 hominum
895 1021 1083 1065 moribus,
1119 1034 1205 1073 quae
1235 1021 1282 1058 de
1312 1021 1424 1058 rebus
1445 1018 1611 1072 publicis
1632 1019 1873 1064 dicerentur5

474 1091 536 1129 sed
574 1089 778 1133 annulum,
809 1101 928 1140 quem
967 1086 1136 1131 haberet,
1178 1087 1355 1140 pallium,
1400 1099 1479 1138 quo
1509 1086 1686 1130 amictus,
1731 1085 1873 1129 soccos,

475 1157 615 1210 quibus
637 1155 794 1193 indutus
815 1153 916 1198 effet,
939 1154 974 1192 se
994 1153 1057 1191 sua
1076 1166 1195 1191 manu
1215 1151 1431 1191 confecisse.
1490 1151 1645 1190 Scilicet
1664 1151 1782 1190 nimis
1811 1149 1877 1194 hic

476 1223 636 1275 quidem
656 1221 709 1259 est
728 1220 964 1273 progreffus5
987 1219 1049 1257 sed
1069 1233 1115 1258 ex
1133 1233 1178 1257 eo
1198 1218 1279 1272 ipso
1299 1219 1352 1257 est
1371 1219 1589 1271 conjectura
1599 1217 1738 1263 facilis,
1752 1231 1875 1270 quan-

476 1300 563 1328 tum
597 1289 666 1327 fibi
697 1287 757 1325 illi
789 1288 858 1340 ips1
878 1296 1042 1325 oratores
1073 1286 1120 1324 de
1139 1285 1429 1339 praeclariffimis
1464 1285 1609 1324 artibus
1634 1284 1876 1339 appetierint,

477 1357 545 1409 qui
566 1369 614 1394 ne
634 1354 856 1393 sordidiores
877 1353 1038 1406 quidem
1069 1353 1317 1406 repudiarint.
1365 1352 1473 1404 Qid
1493 1352 1540 1390 de
1559 1352 1723 1392 Prodico
1745 1350 1876 1390 Chio?

477 1423 572 1475 quid
592 1422 638 1460 de
660 1419 951 1473 Thrasymacho
972 1418 1249 1465 Chalcedonio,
1281 1420 1328 1458 de
1359 1420 1566 1473 Protagora
1584 1419 1782 1462 Abderita,
1816 1417 1877 1456 lo-

478 1502 573 1541 quar
590 1489 602 1525 ?
625 1501 792 1539 quorum
814 1485 1073 1538 unusquisque
1091 1486 1311 1538 plurimum
1327 1486 1565 1539 tem-poribus
1582 1485 1672 1529 illis,
1694 1484 1813 1523 etiam
1833 1483 1879 1522 de

479 1564 612 1593 natura
632 1566 775 1596 rerum,
796 1560 834 1589 et
854 1551 1023 1589 disseruit
1041 1560 1079 1588 et
1095 1551 1253 1603 scripsit.
1285 1551 1368 1603 Ipse
1382 1551 1448 1589 ille
1468 1551 1682 1590 Leontinus
1699 1550 1877 1603 Gorgias,

480 1633 559 1672 quo
579 1627 751 1672 patronO,
776 1617 838 1668 (ut
859 1616 968 1655 Plato
989 1616 1130 1668 voluit)
1154 1614 1390 1669 Philosopho
1410 1616 1612 1654 succubuit
1631 1625 1755 1654 orator
1767 1634 1779 1660 5
1811 1615 1879 1666 qui

479 1694 544 1724 aut
564 1698 641 1723 non
671 1683 724 1722 est
753 1683 874 1721 vistus
904 1695 1078 1734 unquam
1099 1695 1119 1719 a
1138 1683 1302 1727 Socrate,
1334 1695 1458 1734 neque
1476 1682 1598 1720 sermo
1618 1682 1684 1720 ille
1708 1681 1878 1723 Platonis

479 1764 589 1790 verus
610 1750 662 1788 est
677 1768 688 1794 5
720 1758 799 1794 aut,
831 1748 856 1787 fi
877 1748 929 1786 est
959 1749 1095 1792 vinus,
1125 1747 1367 1800 eloquentior
1395 1747 1574 1786 videlicet
1602 1746 1679 1785 fuit
1703 1756 1742 1785 et
1762 1745 1879 1784 diser-

479 1818 555 1857 tior
576 1818 757 1861 Socrates,
779 1824 830 1859 et,
864 1824 907 1852 ut
929 1823 969 1852 tu
990 1813 1171 1866 appellas,
1192 1814 1379 1867 copiosior
1396 1823 1435 1852 et
1455 1813 1593 1852 melior
1611 1822 1749 1852 orator.
1809 1812 1880 1852 Sed

481 1882 545 1921 hic
565 1882 605 1933 in
625 1882 694 1919 illo
716 1881 794 1933 ipso
816 1880 983 1919 Platonis
1015 1880 1130 1925 libro,
1161 1880 1207 1918 de
1240 1880 1350 1918 omni
1381 1893 1435 1925 re,
1466 1892 1709 1933 quaecunque
1734 1880 1773 1917 in
1803 1877 1879 1917 dis-

479 1949 736 2001 ceptationem
757 1947 1084 1999 quaestionemque
1108 1955 1319 1992 vocaretur,
1354 1946 1390 1985 se
1409 1946 1662 1999 copiofiffime
1686 1945 1881 1984 dicturum

478 2016 552 2054 effe
572 2014 771 2067 profitetur
787 2032 798 2058 5
830 2014 936 2066 isque
956 2014 1130 2066 princeps
1149 2026 1197 2051 ex
1216 2012 1399 2051 omnibus
1419 2011 1526 2050 ausus
1547 2011 1600 2050 est
1628 2012 1668 2050 in
1688 2019 1881 2049 conventu

479 2081 642 2133 poscere,
664 2094 739 2132 qua
758 2080 805 2118 de
824 2093 862 2118 re
882 2079 1044 2132 quisque
1063 2079 1177 2117 vellet
1197 2078 1327 2116 audire
1343 2096 1354 2123 5
1386 2078 1448 2116 cui
1478 2086 1602 2115 tantus
1622 2075 1745 2115 honos
1766 2074 1880 2114 habi-

482 2156 543 2184 tus
564 2146 616 2183 est
636 2159 656 2183 a
677 2146 840 2190 Graecia,
855 2145 923 2184 soli
945 2154 987 2183 ut
1007 2158 1052 2182 ex
1073 2144 1256 2183 omnibus
1277 2142 1442 2196 Delphis
1461 2157 1539 2181 non
1560 2144 1726 2181 inaurata
1746 2142 1879 2187 statua,
1913 2192 1916 2193 ⁷

482 2212 544 2250 sed
564 2224 684 2255 aurea,
707 2210 941 2249 statueretur.
1000 2211 1133 2262 Atque
1152 2210 1194 2254 ii,
1215 2222 1310 2262 quos
1331 2209 1542 2254 nominavi,
1570 2209 1763 2261 multique
1783 2222 1879 2261 prae-

485 2287 582 2315 terea
616 2276 756 2314 summi
784 2276 937 2314 dicendi
963 2275 1134 2314 doetores
1165 2288 1244 2314 uno
1264 2284 1436 2329 tempore
1456 2273 1613 2314 fuerunt
1628 2294 1640 2320 5
1671 2288 1719 2313 ex
1739 2273 1881 2327 quibus

483 2341 651 2393 intelligi
673 2340 806 2393 potest,
837 2341 889 2379 ita
907 2341 944 2380 se
963 2354 1045 2380 rem
1065 2340 1218 2385 habere,
1240 2349 1283 2378 ut
1302 2349 1359 2385 tu,
1383 2339 1520 2385 Crasse,
1549 2340 1643 2378 dicis
1661 2358 1673 2385 5
1704 2338 1880 2378 oratoris-

486 2421 561 2460 que
580 2420 723 2446 nomen
743 2407 842 2460 apud
862 2408 1040 2461 antiquos
1061 2408 1101 2446 in
1122 2407 1285 2453 Graecia,
1320 2408 1462 2459 majore
1483 2407 1647 2460 quadam
1668 2406 1728 2444 vel
1757 2405 1879 2459 copia,

487 2473 546 2512 vel
565 2472 686 2526 gloria
706 2472 881 2512 floruiffe.

545 2541 637 2594 Qo
672 2539 834 2594 quidem
866 2540 989 2595 magis
1023 2539 1174 2587 dubito,
1208 2539 1330 2580 tibine
1361 2540 1448 2595 plus
1481 2540 1618 2586 laudis,
1654 2552 1702 2578 an
1737 2535 1881 2578 Graecis
