2176 2912
384 263 437 312 64
691 260 794 299 DE
866 257 1482 298 INVENTIONE

441 352 694 392 Enumeratio
709 352 841 391 vitiosa
856 353 1100 406 intelligitur,
1132 353 1158 390 fi
1178 361 1243 390 aut
1260 353 1496 405 praeteritum
1517 351 1703 404 quiddam
1723 353 1784 391 di-

385 433 532 465 cemus,
554 419 659 472 quod
671 419 835 457 velimus
851 421 1071 464 concedere,
1093 429 1157 457 aut
1173 418 1376 457 infirmum
1392 419 1539 471 aliquid
1554 432 1783 458 annumera-

387 494 488 530 tum,
519 484 624 538 quod
643 493 708 522 aut
728 493 860 522 contra
880 485 956 523 dici
983 484 1108 538 poffit‚
1139 493 1205 522 aut
1236 484 1344 522 causa
1374 497 1452 522 non
1483 484 1528 521 slt
1559 498 1676 536 quare
1707 498 1785 523 non

387 550 543 588 honeste
558 549 742 603 poffimus
756 551 976 588 concedere.
1002 550 1220 588 Praeteritur
1233 549 1419 602 quiddam
1432 550 1472 587 in
1489 549 1676 601 ejusmodi
1689 563 1785 587 enu-
1832 588 1836 589 ⁷

388 615 665 654 merationibus
679 634 690 659 ;
724 615 921 667 Qoniam
937 614 1054 653 habes
1070 615 1187 652 istum
1203 628 1364 667 equum,
1386 623 1451 652 aut
1467 617 1604 653 emeris
1618 623 1786 668 oportet,

389 691 453 719 aut
483 680 692 719 hereditate
723 681 920 733 poffideas,
957 690 1022 719 aut
1053 694 1213 719 munere
1244 681 1448 733 acceperiS,
1480 690 1545 718 aut
1575 680 1684 719 domi
1715 680 1787 718 tibi

390 757 500 786 natus
522 747 579 791 fit,
611 756 689 791 aut,
720 748 747 785 fi
768 746 911 785 horum
939 746 1039 784 nihil
1071 746 1137 790 est,
1169 746 1392 799 surripueris
1413 746 1557 784 neceffe
1577 747 1642 785 est.
1694 746 1787 784 Sed-

391 827 515 865 neque
530 812 669 856 emisti,
689 825 814 864 neque
828 811 1036 849 hereditate
1048 812 1165 856 venit,
1185 824 1308 864 neque
1324 811 1433 849 domi
1445 820 1555 849 natus
1575 812 1642 856 est,
1665 824 1790 863 neque

392 879 554 917 donatus
574 877 649 915 est:
685 877 828 915 neceffe
848 877 900 915 est
920 891 1010 930 ergo
1031 877 1269 930 surripueris.
1320 878 1411 916 Hoc
1432 877 1640 915 commode
1660 890 1789 929 repre-

390 944 588 988 henditur,
619 943 646 981 fi
666 943 743 982 dici
763 944 875 996 poffit
891 957 937 982 ex
954 942 1127 982 hostibus
1148 957 1270 996 equus
1289 943 1360 982 effe
1380 953 1527 997 captuS‚
1560 944 1670 995 cujus
1692 956 1789 996 prae-

392 1010 450 1048 dae
471 1009 584 1047 sectio
604 1023 682 1047 non
702 1010 888 1047 venierit:
921 1023 1000 1062 quo
1020 1010 1141 1054 illato,
1167 1009 1386 1048 infirmatur
1405 1010 1658 1054 enumeratio,
1689 1022 1789 1061 quo-

394 1077 500 1115 niam
522 1076 560 1112 id
581 1075 624 1112 fit
645 1075 862 1119 inductum,
894 1076 999 1127 quod
1015 1076 1250 1128 praeteritum
1272 1076 1317 1114 fit
1336 1077 1376 1113 in
1396 1076 1697 1114 enumeratione.

447 1141 595 1179 XLVI.
630 1140 764 1178 Altero
779 1149 909 1178 autem
923 1142 1040 1179 modo
1053 1140 1363 1194 reprehendetur,
1382 1142 1407 1179 fi
1421 1150 1485 1179 aut
1501 1139 1635 1179 contra
1647 1140 1793 1192 aliquid

396 1207 545 1245 dicetur
561 1225 572 1250 ;
595 1205 671 1244 hoc
687 1206 752 1250 est,
775 1206 814 1251 fi,
830 1207 999 1259 exempli
1017 1207 1137 1252 causa,
1159 1209 1219 1258 (ut
1233 1207 1272 1244 in
1285 1206 1422 1245 eodem
1435 1206 1642 1257 versemur)
1654 1206 1794 1258 poterit

395 1271 541 1310 ostendi
562 1270 771 1308 hereditate
800 1270 951 1310 veniffe.
996 1273 1078 1310 Aut
1099 1271 1124 1309 fi
1141 1281 1359 1310 extremum
1376 1271 1473 1308 illud
1495 1284 1572 1308 non
1593 1271 1664 1308 erit
1684 1279 1795 1322 turpe

395 1337 605 1375 concedere
617 1355 629 1382 5
680 1346 724 1374 ut
756 1337 782 1375 fi
809 1338 910 1389 quis,
957 1351 1049 1375 cum
1080 1338 1247 1375 dixerint
1277 1336 1488 1381 adversarii,
1531 1338 1614 1374 Aut
1644 1336 1795 1374 infidias

393 1402 516 1441 facere
547 1402 713 1447 voluisti,
744 1411 810 1440 aut
839 1403 964 1440 amico
991 1415 1141 1440 morem
1170 1402 1321 1455 geffisti,
1351 1411 1418 1441 aut
1444 1402 1655 1455 cupiditate
1674 1401 1794 1440 elatus

394 1483 447 1514 es,
479 1470 604 1506 amico
625 1468 660 1506 se
681 1482 831 1506 morem
851 1469 992 1521 geffiffe
1011 1467 1188 1507 fateatur.

452 1535 625 1587 Simplex
655 1543 782 1571 autem
810 1535 1004 1572 conclufio
1023 1533 1329 1586 reprehenditur,
1358 1535 1383 1573 fi
1404 1534 1458 1579 id,
1486 1534 1591 1587 quod
1611 1533 1795 1586 sequitur,

397 1614 475 1639 non
494 1600 667 1638 videatur
686 1599 886 1637 neceffario
907 1613 999 1637 cum
1019 1613 1078 1645 eo,
1101 1600 1206 1652 quod
1226 1600 1432 1645 anteceffit,
1454 1599 1655 1639 cohaerere.
1690 1601 1797 1639 Nam

397 1664 474 1704 hoc
503 1664 677 1717 quidem,
709 1665 747 1703 Si
772 1664 950 1717 spiritum
976 1665 1098 1710 ducit,
1129 1666 1238 1710 vivit,
1281 1666 1319 1704 Si
1351 1666 1430 1703 dies
1451 1666 1516 1710 est,
1546 1666 1664 1710 lucet,
1696 1665 1797 1717 ejus-

399 1731 507 1770 modi
526 1731 591 1776 est,
623 1740 665 1768 ut
683 1744 775 1769 cum
795 1732 920 1784 priore
947 1731 1147 1769 necessario
1178 1732 1362 1784 posterius
1394 1731 1583 1770 cohaerere
1610 1732 1795 1770 videatur.

401 1799 492 1837 Hoc
527 1807 670 1842 autem,
704 1797 740 1835 Si
772 1807 892 1835 mater
920 1797 986 1842 est,
1018 1797 1161 1850 diligit,
1193 1798 1229 1836 Si
1251 1798 1456 1850 aliquando
1476 1798 1663 1851 peccavit,
1695 1812 1798 1836 nun-

400 1877 519 1916 quam
541 1863 767 1915 corrigetur,
799 1863 847 1900 fic
868 1862 1070 1900 conveniet
1095 1861 1334 1914 reprehendi,
1359 1872 1402 1900 ut
1419 1863 1700 1901 demonstretur
1720 1876 1799 1900 non

399 1928 600 1968 necessario
620 1941 712 1966 cum
732 1929 857 1981 priore
875 1928 1056 1980 posterius
1077 1927 1278 1966 cohaerere.
1330 1930 1421 1967 Hoc
1441 1943 1576 1982 genus,
1608 1939 1646 1967 et
1666 1938 1800 1967 caetera

402 1983 614 2038 necessaria,
656 2003 695 2031 et
726 1995 888 2032 omnino
917 1994 1045 2032 omnis
1076 1995 1358 2047 argumentatio
1386 2004 1425 2033 et
1453 1996 1533 2045 ejus
1565 1994 1801 2047 reprehensio

402 2062 587 2112 majorem
604 2060 796 2113 quandam
813 2061 893 2098 vim
910 2061 1085 2098 continet
1104 2070 1142 2098 et
1162 2061 1275 2098 latius
1296 2069 1412 2113 patet,
1445 2074 1565 2112 quam
1592 2059 1658 2097 hic
1679 2073 1799 2112 expo-

403 2127 531 2164 nitur:
563 2126 623 2164 sed
645 2127 726 2177 ejus
746 2125 896 2164 artificii
917 2126 1090 2178 cognitio
1110 2124 1331 2177 hujusmodi
1353 2125 1418 2171 est,
1451 2135 1493 2163 ut
1514 2139 1591 2163 non
1611 2126 1657 2163 ad
1683 2124 1800 2177 hujus

403 2192 492 2230 artis
509 2201 656 2244 partem
676 2191 845 2243 aliquam
863 2191 1019 2243 adjungi
1040 2190 1165 2243 possit,
1189 2191 1250 2229 sed
1269 2191 1346 2243 ipsa
1358 2191 1557 2243 separatim
1574 2190 1681 2242 longi
1700 2200 1800 2228 tem-

404 2258 506 2310 poris
528 2266 565 2294 et
586 2271 732 2310 magnae
753 2267 866 2309 atque
886 2257 1009 2295 arduae
1024 2258 1258 2310 cognitionis
1279 2258 1461 2310 indigeat.
1495 2258 1623 2308 Qare
1641 2257 1707 2294 illa
1728 2270 1800 2294 no-

406 2323 464 2361 bis
485 2323 560 2361 alio
581 2333 752 2375 tempore
772 2332 885 2376 atque
900 2323 945 2361 ad
959 2323 1062 2360 aliud
1084 2323 1318 2368 institutum,
1341 2324 1366 2361 fi
1385 2322 1546 2360 facultas
1567 2323 1652 2367 erit,
1675 2323 1801 2375 expli-

406 2390 609 2427 cabuntur.
642 2389 762 2427 Nunc
775 2389 835 2427 his
848 2389 1169 2442 praeceptionibus
1188 2388 1387 2427 rhetorum
1404 2389 1449 2426 ad
1467 2389 1576 2426 usum
1593 2389 1803 2426 oratorium

406 2464 606 2493 contentos
625 2468 692 2494 nos
713 2454 784 2493 effe
804 2455 1010 2508 oportebit.
1061 2456 1166 2493 Cum
1188 2455 1307 2507 igitur
1322 2469 1367 2494 ex
1390 2455 1448 2500 iis,
1477 2469 1562 2507 quae
1583 2455 1801 2499 sumuntur,

407 2520 553 2573 aliquid
570 2534 648 2559 non
668 2520 905 2567 conceditur,
937 2521 985 2560 s1c
1006 2520 1279 2560 infirmabitur.
