2176 2912
379 308 413 337 p.

382 348 422 376 54

386 1385 424 1416 53

642 201 937 242 VARIAE
1030 202 1592 244 LECTIONES.

482 348 501 373 4
522 338 650 375 partibus
666 343 677 367 θ
692 339 765 367 rebus

484 378 502 405 6
524 379 639 407 conficit
654 380 687 407 M
699 381 799 417 petficit

483 427 498 453 3
523 419 683 448 transierint
696 419 730 447 M
742 421 899 458 trarfierunt

463 466 502 485 ιο
523 458 553 485 id
568 463 579 486 θ
594 461 620 487 d.

459 512 501 520 —-
522 498 668 531 assumere,
682 498 735 526 hoc
750 499 834 537 paeto
846 511 854 532 ;
872 503 883 526 θ
896 501 1029 539 affltnptio
1042 501 1086 528 hoc

558 543 636 576 pado
651 537 677 572 ψ
692 539 737 566 hoc
743 541 862 577 sequenti
875 543 942 568 modo

466 586 497 606 tl
524 579 627 606 melius
642 579 663 606 B
679 579 766 606 meliur
780 579 877 616 cmfilt'o

467 626 500 654 13
524 618 672 646 definitum
687 619 708 645 B
723 619 860 654 diffinitum

466 666 476 685 ι
484 667 500 695 5
523 658 680 686 neceffitate
694 657 716 685 B
731 659 902 694 necfftudine
915 659 983 695 (vel
990 660 1087 697 necff·

565 698 653 733 tates
671 697 705 731 l.)

467 747 502 773 ¹7
525 737 683 774 quidquam
699 750 714 763 κ
729 738 757 764 d.

461 793 504 800 -—
525 777 603 804 nulla
619 777 648 804 in
662 786 691 804 re
705 777 730 805 L
745 776 812 805 nulli
823 786 928 808 naturae

467 827 477 846 1
487 819 503 845 8
524 816 603 854 figno
615 815 642 851 ψ
645 818 728 854 signa

465 866 497 886 21
525 856 638 894 cogitur
652 857 674 884 Β
688 857 820 894 colligitur
834 857 874 893 (s.
889 857 925 892 l.)

464 906 503 926 22
526 897 695 925 conduxerit
712 897 734 925 L
749 898 783 925 M
797 900 929 926 induxerit

465 947 501 974 23
524 936 554 964 id
571 936 592 964 B
609 937 647 964 W
661 940 672 964 θ
686 937 712 965 d.

464 987 501 1013 27
524 977 616 1015 igitur
629 990 645 1004 κ
658 978 687 1005 d.

465 1026 504 1054 29
526 1023 619 1044 autem
635 1030 651 1044 κ
664 1018 692 1045 d.

462 1069 506 1079 ·-
526 1055 627 1085 dicunt
642 1057 665 1084 L
680 1071 707 1091 κ,
722 1057 749 1093 ψ
760 1065 855 1095 putant

467 1105 503 1133 3²
525 1105 621 1124 earum
638 1097 662 1125 L
677 1101 688 1124 θ
701 1109 783 1126 eorum

465 1145 503 1173 33
527 1136 733 1173 approbatione
747 1138 911 1166 confirmata
921 1147 977 1166 non
989 1138 1022 1168 fit
1035 1139 1090 1168 &ab

561 1176 715 1213 probatione
727 1179 819 1216 nonsit

467 1224 506 1253 34
525 1216 691 1245 confirmata
705 1231 722 1245 κ
728 1220 843 1257 firmata

464 1270 507 1278 —
528 1265 679 1286 numerant
694 1258 714 1286 Β
731 1259 755 1286 L
771 1267 899 1287 numerent

468 1305 483 1334 3
489 1306 503 1335 5
527 1297 748 1334 propositionem
765 1299 786 1327 B
795 1300 932 1338 propcfitio
945 1313 961 1327 κ
974 1299 1091 1338 Proposi-

566 1345 612 1369 t1o,
639 1349 649 1365 t

491 1385 501 1404 1
522 1376 555 1405 fit
570 1339 652 1415 κβ]-

486 1425 502 1453 3
525 1416 632 1445 dicitur
645 1421 657 1445 θ
671 1419 774 1447 dicatur

487 1457 505 1484 6
526 1458 665 1486 rationem
681 1458 708 1493 ’ψ
722 1471 773 1487 rem

465 1511 507 1519 --
528 1498 725 1535 praeceptionis
740 1499 774 1527 M
784 1503 952 1538 perceptionis

484 1547 502 1574 7
524 1539 575 1566 illa
592 1552 607 1565 κ
619 1549 650 1566 ea

487 1579 505 1606 8
526 1578 726 1615 Theophrasto
746 1579 766 1606 B
782 1578 931 1618 Thecfrasto

489 1628 507 1655 9
530 1618 616 1646 secuti
631 1631 647 1645 κ
663 1619 801 1654 consttuti-

471 1669 481 1687 1
493 1668 503 1687 ι
529 1659 717 1686 tractaverunt
733 1659 756 1686 L
767 1663 961 1696 pertraaarunt

467 1714 508 1721 —-
529 1699 606 1735 quod
621 1713 636 1725 κ
652 1699 678 1725 d.

471 1748 506 1766 12
529 1748 544 1766 a
560 1739 593 1766 M
608 1740 635 1767 d.

472 1788 510 1815 ¹4
530 1780 624 1816 putati
640 1778 660 1805 B
676 1781 783 1806 inventi
801 1779 841 1815 (s.
856 1780 890 1814 l.)

471 1828 482 1845 1
492 1828 507 1856 5
531 1819 621 1857 magis
636 1823 647 1846 θ
662 1819 689 1847 d.

473 1859 509 1886 16
530 1867 664 1896 putemur
678 1872 692 1886 κ
708 1860 841 1887 videamur

468 1913 510 1919 —
531 1898 683 1926 dicendum
701 1912 716 1926 κ
731 1901 757 1927 d.
919 1928 921 1930 t

472 1947 507 1975 17
530 1946 739 1967 commoremur
760 1939 784 1966 L
800 1942 958 1969 immoremur
973 1939 1007 1968 M
1029 1951 1093 1969 com-

569 1985 679 2007 moretur

473 2020 506 2047 18
530 2018 557 2046 in
575 2018 609 2046 M
625 2021 651 2047 d.

473 2068 509 2097 19
532 2059 767 2097 approbationem
789 2060 822 2088 M
840 2061 1014 2097 probationem
1030 2063 1099 2090 aad

568 2100 743 2136 probationem

472 2147 511 2167 20
532 2138 563 2166 fit
576 2139 745 2177 approbatio
761 2140 826 2178 Bsit
836 2140 957 2176 probalio

473 2188 505 2206 21
532 2178 689 2216 separatum
705 2179 844 2216 quiddam
868 2181 904 2208 est
925 2183 1096 2220 estparanda

571 2220 604 2252 est
618 2221 718 2256 quidem

475 2268 512 2287 22
534 2258 609 2286 enirn
625 2259 658 2286 M
673 2263 684 2286 a
698 2262 762 2287 enim
776 2268 799 2287 er

474 2308 510 2335 23
536 2298 700 2336 adjungitur
716 2301 862 2338 :jungitur

474 2348 510 2377 25
534 2346 562 2366 et
578 2353 592 2366 »ι
608 2340 632 2366 d.
651 2338 684 2366 M
700 2346 727 2366 ul
742 2347 765 2367 et

471 2394 512 2400 —
533 2378 637 2416 absque
654 2379 687 2407 M
693 2380 752 2417 fine

470 2433 513 2441 —
533 2418 709 2447 ostendemus
738 2419 759 2447 B
785 2422 930 2458 ostendimus
957 2422 995 2458 (fi
1023 2422 1056 2459 l.)
1084 2427 1095 2451 θ

573 2461 728 2497 ostendamus

473 2498 512 2527 26
552 2499 723 2537 approbatio
737 2500 772 2528 M
781 2501 903 2539 probatio

1232 300 1242 328 l

1142 311 1181 379 ξς
1226 323 1263 369 zb
1285 340 1471 370 Ostendemus
1485 342 1521 370 M
1535 342 1574 368 W
1587 345 1598 370 θ
1611 342 1752 380 ostendetur

1223 382 1259 409 28
1282 382 1546 414 eoBLMo‚xet

1221 434 1263 442 —
1283 421 1406 449 constare
1421 423 1445 450 L
1460 422 1494 449 M
1509 423 1627 460 Wstare

1224 470 1262 498 29
1284 461 1395 489 firmare
1409 463 1431 490 B
1447 463 1485 489 W
1497 467 1509 490 θ
1522 464 1653 500 affirmare
1675 462 1699 492 L
1719 476 1736 491 κ
1756 462 1846 502 confr-

1322 512 1394 530 mare

1221 555 1263 562 —
1283 540 1324 567 Ea
1338 542 1373 568 M
1387 543 1430 569 Ea
1439 548 1525 570 autem

1225 590 1262 617 30
1284 590 1339 618 ego
1353 584 1364 607 θ
1379 582 1406 608 d.

1226 629 1262 656 33
1286 619 1407 648 Athenis
1422 625 1433 648 θ
1447 623 1475 649 d.

1227 669 1264 696 34
1285 659 1400 688 inducta
1414 674 1427 688 κ
1441 662 1521 690 αἰιέῗα

1222 713 1263 720 —-
1284 699 1469 738 consequetur
1482 702 1507 730 L
1522 715 1538 730 κ
1543 703 1639 740 statim
1652 700 1809 740 confiquetur

1222 754 1265 760 —-
1284 739 1372 776 igitur
1384 744 1396 768 θ
1409 742 1435 768 d.

1228 789 1241 816 3
1250 787 1264 816 ς
1287 780 1324 806 est
1339 793 1355 807 κ
1368 782 1396 808 d.

1145 818 1184 858 56
1248 829 1262 856 3
1287 827 1316 848 et
1330 829 1365 847 ex
1380 821 1415 848 M
1428 827 1452 849 et

1247 869 1266 895 4
1288 859 1445 897 separatum
1459 861 1512 889 effe
1526 861 1665 899 quiddam
1676 865 1688 890 θ
1695 863 1851 899 fiparaean
1879 866 1889 870 “

1325 901 1369 937 ςβὲ
1382 902 1479 939 quidem
1494 915 1510 928 ιι
1515 903 1670 940 ſsparatam
1683 904 1727 940 effi

1224 953 1264 961 —
1286 939 1316 967 Si
1331 941 1351 967 Β
1367 941 1390 968 L
1406 941 1441 969 M
1456 941 1493 968 W
1508 955 1525 969 κ
1537 943 1584 970 Sin

1247 988 1263 1016 7
1287 979 1379 1017 liquet
1393 981 1414 1009 B
1429 981 1506 1010 liceat
1522 982 1561 1008 W
1575 986 1598 1015 θ,
1614 996 1641 1015 ιι,
1657 981 1685 1018 ψ
1697 980 1759 1011 {icet

1225 1033 1266 1041 —-
1285 1019 1441 1057 separatum
1453 1022 1505 1049 effe
1520 1021 1556 1049 ab
1567 1022 1762 1059 assumptione.
1771 1021 1851 1050 Nam

1327 1060 1358 1093 fi,
1378 1061 1399 1089 B
1415 1062 1600 1099 confideraresi
1612 1064 1729 1100 qua-dam
1744 1075 1761 1089 κ
1774 1061 1851 1099 corfi-

1325 1101 1416 1128 derari
1422 1101 1575 1138 fiparatum

1249 1140 1264 1167 8
1287 1139 1363 1168 Nam
1379 1141 1417 1168 W
1431 1145 1442 1168 θ
1455 1142 1480 1169 d.

1225 1194 1267 1200 —-
1290 1180 1368 1208 Nam
1382 1196 1423 1202 --
1437 1181 1480 1210 uti
1494 1181 1682 1220 assumptione
1696 1181 1731 1210 M
1743 1184 1769 1211 d.

1231 1228 1264 1258 ¹3
1287 1220 1501 1258 approbationis
1516 1222 1551 1250 M
1565 1223 1748 1260 approbatione

1231 1268 1268 1297 14
1288 1261 1465 1300 ostendemus
1480 1262 1501 1290 B
1516 1264 1662 1301 ostenai‘mus

1232 1301 1267 1328 16
1288 1300 1317 1329 id
1334 1302 1368 1329 M
1384 1302 1423 1330 W
1437 1305 1459 1335 θ,
1474 1316 1490 1330 κ
1505 1304 1531 1331 d.

1237 1350 1270 1376 ¹7
1294 1342 1426 1371 omnibus
1440 1346 1452 1369 θ
1466 1346 1494 1370 in
1509 1343 1621 1371 omnibus

1232 1391 1242 1409 ι
1251 1383 1266 1409 8
1289 1380 1382 1419 sapere
1398 1383 1432 1410 M
1447 1383 1486 1410 W
1497 1383 1589 1412 vellem
1594 1385 1689 1421 sapere
1703 1386 1715 1411 0
1729 1382 1798 1412 velle
1802 1383 1854 1420 sa-

1347 1433 1387 1451 ere

1231 1472 1267 1490 22
1289 1431 1437 1500 pesspicua
1451 1462 1488 1490 est
1503 1463 1562 1491 haec
1574 1474 1583 1496 ;
1599 1463 1620 1491 B
1634 1464 1671 1489 W
1685 1463 1852 1502 &perspicua-

1328 1504 1375 1540 Est
1388 1514 1453 1531 emm
1466 1503 1522 1531 baec
1539 1504 1561 1530 L
1572 1504 1716 1541 perspicua.
1731 1505 1775 1541 Est
1787 1507 1853 1531 enim

1330 1544 1376 1570 hcc
1389 1545 1459 1571 modo
1473 1557 1488 1571 κ
1498 1545 1644 1581 perspicua.
1667 1544 1713 1581 Est
1725 1547 1790 1572 enim
1804 1545 1854 1572 bu-

1320 1584 1433 1620 juſsnodi

1231 1631 1266 1658 ²3
1291 1631 1384 1650 autem
1401 1623 1435 1650 M
1450 1622 1488 1649 W
1502 1626 1524 1657 θ,
1540 1636 1557 1651 »ι
1570 1625 1597 1651 d.

1231 1676 1270 1682 —-
1290 1669 1318 1689 et
1333 1676 1348 1689 κ
1360 1669 1384 1690 et
1398 1664 1479 1700 ipfimz

1233 1712 1270 1737 24
1291 1702 1363 1730 nihil
1379 1704 1481 1731 attinet
1495 1702 1647 1741 approbari
1670 1704 1704 1731 M
1726 1703 1854 1742 approba-

1330 1745 1408 1770 timis
1423 1754 1470 1770 non
1484 1745 1582 1781 indiget

1232 1792 1268 1821 25
1292 1781 1381 1820 igitur
1395 1797 1411 1810 κ
1423 1785 1458 1817 fic
1472 1786 1556 1820 igitur

1333 1824 1467 1852 convenit
1487 1824 1508 1851 B
1521 1824 1554 1852 M
1567 1825 1594 1852 d.

1231 1872 1266 1899 27
1290 1862 1379 1900 igitur
1396 1863 1420 1890 L
1434 1876 1491 1901 ergo

1235 1913 1248 1939 3
1258 1912 1267 1930 ι
1293 1902 1423 1941 indigeat
1435 1908 1446 1932 θ
1460 1905 1559 1942 indiget

1233 1952 1268 1980 33
1293 1942 1310 1970 fi
1325 1947 1336 1970 θ
1350 1945 1376 1971 d.

1234 1992 1272 2020 34
1292 1983 1400 2011 summo
1410 1984 1581 2022 —petcnda
1594 1984 1631 2012 est
1646 1998 1661 2011 ιι
1675 1984 1855 2014 d.—summo

1331 2031 1424 2052 autem
1440 2034 1524 2061 opere
1540 2023 1566 2059 ψ
1574 2025 1727 2062 summopere
1747 2033 1835 2054 autem

1151 2073 1188 2102 57
1255 2072 1264 2091 1
1291 2064 1495 2101 approbatione
1508 2065 1529 2092 Β
1544 2064 1735 2101 approbarionfs

1255 2112 1270 2140 3
1294 2104 1472 2141 cognoscitur
1486 2105 1508 2131 B
1531 2103 1661 2143 collzgitur
1683 2107 1856 2144 (cognoscitur

1256 2192 1270 2220 ς
1294 2183 1357 2211 Ioco
1372 2184 1393 2211 B
1408 2188 1436 2212 in
1450 2184 1500 2213 loco

1231 2238 1272 2245 ——
1292 2224 1411 2260 positam
1426 2238 1442 2252 κ
1459 2226 1613 2262 compositam

1254 2272 1269 2300 7
1293 2264 1495 2293 distribuerunt
1508 2265 1529 2293 B
1544 2265 1725 2304 distribuerent

1255 2313 1272 2342 9
1293 2304 1449 2341 Propofitio
1464 2319 1480 2332 z
1497 2307 1634 2343 Propositio
1645 2308 1679 2343 est

1238 2353 1272 2372 10
1294 2353 1406 2373 emanet
1418 2345 1451 2372 M
1462 2345 1516 2373 We
1525 2353 1552 2373 ut
1561 2345 1744 2382 emanetaelrvis
1752 2353 1856 2377 emanat

1232 2399 1273 2406 —
1294 2381 1494 2422 Propofitionis
1509 2386 1534 2413 L
1550 2387 1582 2414 M
1599 2387 1666 2420 We,
1681 2400 1697 2414 κ
1710 2388 1737 2416 d.

1236 2434 1245 2452 ι
1256 2434 1265 2452 ι
1292 2424 1461 2462 approbatio
1475 2439 1492 2452 κ
1505 2426 1657 2464 approbatio
1670 2429 1704 2465 2st

1238 2473 1271 2492 12
1295 2465 1452 2493 rationibus
1467 2470 1478 2493 6
1492 2473 1517 2493 et
1530 2467 1677 2495 rationibus

1232 2519 1273 2526 —
1293 2504 1453 2544 Affumptio
1468 2519 1484 2534 κ
1498 2506 1637 2545 Affimptio
1649 2509 1684 2544 {st

1671 1784 1762 1823 igitur
