2176 2912
585 161 905 202 LIBER
983 156 1470 212 TERTIUS.
1654 191 1728 230 311

327 251 631 307 vituperationis,
664 253 735 292 esse
766 253 1018 294 tribuendum
1038 254 1224 297 statuam:
1256 272 1349 300 cum
1369 269 1426 308 tu,
1449 265 1489 304 in
1509 268 1580 308 alia
1599 271 1732 326 lingua

328 331 371 357 ac
391 318 563 357 moribus
597 326 722 365 natus,
753 319 1043 374 occupatiffima
1061 321 1102 359 in
1122 323 1291 372 civitate,
1319 328 1378 366 vel
1399 331 1637 382 privatorum
1658 353 1727 379 ne..

324 385 442 437 gotiis
474 397 572 438 pene
601 386 801 432 omnibus,
832 387 893 426 vel
922 388 1025 426 orbis
1061 396 1166 428 terrae
1194 396 1477 444 procuratione,
1508 414 1550 439 ac
1584 404 1727 446 summi

323 450 478 504 imperii
497 450 774 504 gubernatione
794 452 997 500 districtu&
1022 463 1166 495 tantam
1187 458 1269 497 vim
1291 474 1419 501 rerum
1439 467 1726 518 cognitionem-

323 528 400 569 que
418 516 771 570 comprehenderis,
793 534 956 573 eamque
975 535 1136 561 omnem
1156 537 1248 564 cum
1281 528 1376 578 ejus,
1408 531 1476 582 qui
1511 536 1668 576 consilio
1687 548 1724 577 et

321 584 491 622 oratione
523 584 562 622 in
585 585 739 624 civitate
759 586 893 632 valeat,
925 588 1081 627 scientia
1111 599 1226 643 atque
1256 596 1527 638 exercitatione
1546 601 1722 645 sociaris:

320 648 381 687 illi
400 650 480 688 nati
511 651 552 688 in
583 651 717 697 literis,
753 653 998 706 ardentesque
1017 654 1078 694 his
1100 656 1248 704 studiis,
1279 661 1360 701 otio
1380 677 1467 704 vero
1486 667 1721 716 diffluentes,

320 727 399 753 non
419 715 536 754 modo
567 716 667 755 nihil
697 719 956 772 acquisierint,
987 720 1050 760 sed
1070 735 1117 760 ne
1138 724 1316 765 relidium
1339 730 1513 782 quidem,
1545 745 1582 773 et
1604 739 1720 776 tradi-

319 790 420 827 tum,
441 791 480 820 et
500 782 613 822 suum
629 784 946 824 conservaverint.

371 852 568 891 XXXIII.
601 855 711 892 Tum
732 856 897 901 Craffus,
920 870 998 895 non
1017 858 1058 896 in
1078 858 1165 906 hac,
1201 862 1343 916 inquit,
1381 881 1467 915 una,
1491 872 1643 920 Catule,
1666 891 1717 922 re,

316 915 378 954 sed
398 917 438 955 in
459 917 542 956 aliis
563 920 680 958 etiam
700 922 983 975 compluribus,
1015 924 1283 968 distributione
1303 935 1472 984 partium
1499 951 1542 976 ac
1574 940 1718 993 separa-

315 982 434 1030 tione,
448 984 735 1037 magnitudines
752 988 839 1026 sunt
856 990 997 1028 artium
1019 991 1234 1034 diminutae.
1259 999 1323 1036 An
1345 1006 1386 1037 tu
1403 1001 1610 1051 existimas,
1626 1021 1719 1049 cum

314 1047 405 1086 efl‘et
423 1050 682 1103 Hippocrates
703 1053 769 1091 ille
783 1055 902 1100 Cous,
921 1054 1030 1095 fuiss‘e
1047 1066 1131 1096 tum
1149 1060 1242 1100 alios
1259 1065 1446 1112 medicos,
1469 1071 1537 1121 qui
1555 1074 1716 1120 morbis,

312 1113 422 1159 alios,
444 1116 513 1168 qui
534 1116 770 1164 vulneribus,
793 1120 900 1165 alios,
924 1123 992 1174 qui
1011 1125 1150 1171 oculis,
1172 1129 1446 1171 mederentur?
1489 1137 1601 1176 Num
1621 1154 1715 1193 geo-

312 1181 493 1219 metriam
514 1182 678 1221 Euclide
712 1194 777 1222 aut
803 1186 1054 1234 Archimede,
1086 1205 1183 1230 num
1219 1197 1405 1236 musicam
1437 1201 1616 1242 Damone
1650 1217 1715 1246 aut

311 1245 553 1293 Aristoxeno,
586 1263 681 1287 num
701 1250 796 1303 ipsas
817 1251 944 1291 literas
965 1255 1221 1308 Aristophane
1251 1271 1315 1298 aut
1337 1264 1580 1308 Callimacho
1611 1280 1712 1310 trac-

311 1317 427 1357 tante,
464 1322 543 1352 tam
577 1314 780 1369 discerptas
816 1316 938 1363 fuisse,
971 1329 1014 1357 ut
1047 1335 1163 1361 nemo
1191 1338 1313 1377 genus
1345 1330 1564 1372 universum
1599 1350 1710 1376 com·

308 1375 550 1428 plecteretur,
581 1390 696 1432 atque
718 1391 760 1420 ut
779 1383 876 1422 alius
897 1384 1009 1424 aliam
1031 1387 1100 1425 fibi
1121 1400 1282 1441 partem,
1314 1393 1355 1431 in
1387 1409 1463 1447 qua
1488 1400 1709 1450 elaboraret,

307 1440 503 1495 seponeret
517 1446 530 1483 ?

361 1514 561 1566 Equidem
580 1517 674 1570 saepe
694 1517 770 1557 hoc
790 1519 917 1558 audivi
950 1521 997 1560 de
1016 1533 1122 1576 patre
1149 1535 1187 1564 et
1208 1527 1254 1566 de
1283 1529 1410 1570 socero
1430 1547 1531 1582 meo,
1563 1539 1707 1581 nostros

305 1590 462 1633 quoque
495 1580 688 1629 homines,
720 1585 789 1638 qui
820 1588 1005 1628 excellere
1039 1589 1230 1644 sapientiae
1262 1596 1383 1648 gloria
1418 1601 1573 1649 vellent,
1618 1620 1707 1646 orn-

306 1645 380 1690 nia,
413 1661 499 1699 quae
518 1649 677 1701 quidem
698 1661 784 1690 tum
805 1652 886 1692 haec
906 1656 1039 1695 civitas
1061 1659 1192 1705 noffet,
1225 1661 1354 1703 solitos
1381 1666 1452 1704 effe
1482 1672 1704 1724 complecti.

304 1711 569 1752 Meminerant
588 1715 646 1753 illi
668 1718 752 1756 Sex.
775 1720 943 1766 AEliurn,
975 1723 1049 1761 Μ’.
1073 1738 1160 1764 vero
1181 1728 1395 1770 Manilium
1417 1746 1486 1772 nos
1507 1737 1623 1776 etiam
1644 1741 1704 1778 vi-

303 1775 431 1815 dimus
453 1779 655 1818 transverso
677 1783 943 1824 ambulantem
963 1786 1048 1826 foro
1060 1807 1072 1834 3
1105 1793 1209 1842 quod
1229 1804 1307 1833 erat
1326 1797 1484 1851 infigne,
1507 1815 1611 1849 eum,
1635 1806 1704 1857 qui

302 1841 341 1879 id
362 1841 515 1888 faceret,
547 1844 668 1884 facere
688 1848 836 1887 civibus
868 1853 1051 1891 omnibus
1072 1857 1219 1896 consilii
1239 1859 1295 1897 sui
1321 1865 1497 1915 copiam:
1530 1868 1575 1906 ad
1607 1884 1703 1922 quos

301 1908 398 1947 olim
418 1919 456 1948 et
485 1911 538 1948 ita
556 1913 811 1961 ambulantes,
844 1926 882 1954 et
912 1918 951 1956 in
973 1919 1066 1959 solio
1086 1922 1254 1963 sedentes
1288 1927 1409 1974 domi,
1443 1932 1492 1970 fic
1512 1934 1700 1983 adibatur,

300 1987 377 2012 non
398 1975 523 2015 solum
544 1986 587 2016 ut
620 1979 666 2016 de
690 1981 777 2032 jure
797 1983 902 2020 civili
932 1985 978 2023 ad
998 2000 1074 2031 eos,
1106 2002 1239 2029 verum
1275 1994 1390 2032 etiam
1411 1996 1457 2034 de
1476 1997 1555 2036 filia
1575 2002 1699 2040 collo-

299 2042 431 2087 canda,
462 2043 507 2081 de
541 2043 664 2084 fundo
694 2049 873 2094 emendo,
919 2051 964 2089 de
991 2067 1080 2106 agro
1111 2057 1285 2104 colendo,
1318 2061 1363 2099 de
1394 2065 1503 2102 omni
1534 2065 1700 2121 denique

298 2116 364 2145 aut
382 2108 512 2148 officio
531 2120 597 2149 aut
617 2114 786 2166 negotio,
809 2115 1022 2158 referretur.
1084 2122 1180 2160 Haec
1201 2123 1277 2163 fuit
1299 2127 1341 2165 P.
1366 2129 1482 2168 Craffi
1505 2132 1607 2172 illius
1629 2149 1694 2174 ve-

298 2173 400 2217 teris,
437 2172 518 2212 haec
547 2177 599 2214 T.
623 2178 872 2227 Coruncanii,
904 2182 986 2222 haec
1019 2188 1163 2239 proavi,
1197 2192 1324 2242 generi
1363 2196 1456 2239 mei,
1491 2199 1693 2251 Scipionis,

295 2238 577 2289 prudentiffimi
609 2242 795 2292 hominis,
826 2248 1019 2302 sapientia,
1051 2254 1117 2305 qui
1147 2269 1281 2295 omnes
1304 2259 1509 2301 Pontifices
1531 2267 1693 2304 maximi

296 2302 466 2350 fuerunt,
497 2316 540 2344 ut
559 2307 605 2346 ad
629 2322 692 2348 eos
715 2311 759 2349 de
779 2316 960 2355 omnibus
982 2317 1122 2358 divinis
1143 2331 1256 2374 atque
1285 2324 1466 2365 humanis
1489 2331 1600 2368 rebus
1631 2346 1690 2369 re-

295 2367 482 2409 ferretur:
515 2373 710 2428 iidemque
737 2388 776 2416 ct
805 2380 845 2417 in
865 2382 1008 2428 senatu,
1039 2394 1075 2422 et
1096 2388 1196 2438 apud
1214 2392 1419 2443 populum,
1450 2396 1546 2433 etin
1573 2397 1689 2434 causis

295 2435 523 2483 amicorum,
539 2448 576 2477 et
595 2440 745 2481 militiae
765 2446 968 2487 confilium
986 2449 1098 2489 suum
1119 2450 1312 2507 fidemque
1328 2458 1561 2510 praestabant.
1580 2461 1686 2512 Qid
