2176 2912
694 202 1356 242 PARTITIONES.
1650 217 1727 257 537

323 297 484 335 omnino
504 296 550 334 ad
570 296 719 334 animos
745 296 927 346 judicum
947 296 1158 333 movendos
1179 308 1225 333 ex
1246 295 1307 339 iis,
1339 308 1423 347 quae
1443 294 1528 332 sunt
1548 303 1634 332 ante
1653 309 1725 347 po-

321 364 399 407 fita,
420 362 630 405 sumentur,
663 361 688 398 fi
710 361 827 398 modo
847 374 975 398 rerum
996 360 1239 413 magnitudo,
1267 359 1523 399 hominumve
1544 369 1607 398 aut
1624 360 1724 397 invi-

321 429 394 472 dia,
417 437 482 465 aut
502 427 666 480 dignitas
687 426 909 478 postulabit.

375 493 588 531 XXXVII.
623 493 795 530 FILIUS.
829 492 966 530 Habeo
989 491 1077 530 ista:
1111 505 1214 529 nunc
1231 504 1287 536 ea,
1319 504 1402 543 quae
1422 504 1529 535 cum,
1552 491 1662 542 quale
1684 490 1726 528 slt

319 560 537 612 quippiam,
585 558 830 612 disceptatur,
867 558 985 610 quaeri
1019 571 1067 596 ex
1101 566 1261 610 utraque
1291 566 1395 610 parte
1428 557 1572 600 deceat,
1606 555 1725 593 velim

322 627 464 664 audire.
526 627 702 664 PATER.
738 624 984 663 Confitentur
1011 625 1051 662 in
1079 624 1150 662 isto
1169 637 1320 677 genere,
1348 624 1416 676 qui
1435 623 1661 676 arguuntur,
1691 622 1727 660 se

321 693 362 731 id
381 692 508 731 feciffe
529 693 669 746 ipsum,
703 693 742 730 in
769 706 847 744 quo
868 691 1198 745 reprehenduntur
1213 710 1224 735 ;
1256 691 1331 736 sed,
1365 691 1551 742 quoniam
1575 691 1662 742 jure
1692 689 1728 726 se

321 758 449 798 fecisse
479 760 629 804 dicunt,
659 759 756 811 juris
789 759 841 796 est
872 759 1000 796 omnis
1036 758 1131 796 ratio
1165 757 1276 795 nobis
1307 756 1547 810 explicanda.
1608 755 1727 808 Qod

321 825 507 863 dividitur
540 825 579 863 in
600 825 691 862 duas
712 834 834 878 partes
855 825 1012 878 primas,
1035 833 1209 862 naturam
1229 833 1343 876 atque
1374 824 1500 876 legem
1516 842 1528 867 ς
1556 830 1593 860 et
1628 821 1725 859 utri—-

324 891 443 943 usque
462 891 608 944 generis
643 891 699 929 vis
726 892 766 928 in
797 891 975 928 divinum
1001 900 1040 928 et
1073 889 1291 928 humanum
1320 891 1384 942 jus
1415 890 1468 927 est
1501 888 1725 927 distributa:

321 970 490 1009 quorum
512 957 701 1009 aequitatis
721 957 772 994 est
794 971 918 995 unum
935 976 946 1001 ;
983 956 1160 1001 alterum,
1182 957 1392 1009 religionis.
1424 955 1636 1009 AEquitatis
1656 968 1726 992 au-

321 1031 403 1062 tem
421 1024 478 1061 vis
499 1023 551 1062 est
570 1023 713 1076 duplex
731 1038 739 1061 :
772 1024 882 1076 cujus
903 1023 1031 1068 altera,
1055 1023 1200 1068 directi,
1227 1032 1265 1061 et
1285 1024 1377 1068 veri,
1409 1021 1568 1073 etjusti‚
1601 1030 1652 1065 et,
1683 1029 1728 1058 ut

321 1090 479 1136 dicitur,
511 1091 611 1143 aequi
630 1099 667 1129 et
698 1090 792 1128 boni
823 1091 967 1129 ratione
997 1089 1242 1135 defenditur,
1274 1090 1390 1128 altera
1419 1089 1465 1127 ad
1498 1087 1728 1127 viciffitudi-

324 1170 417 1196 nem
448 1156 651 1195 referendae
683 1157 813 1210 gratiae
843 1157 1035 1210 pertinet:
1067 1156 1173 1210 quod
1203 1157 1244 1195 in
1277 1156 1478 1202 beneficio,
1508 1155 1655 1209 gratia;
1688 1155 1728 1192 in

323 1223 476 1276 injuria,
511 1223 610 1261 ultio
642 1223 879 1261 nominatur.
938 1224 1070 1276 Atque
1099 1222 1180 1261 haec
1206 1224 1433 1262 communia
1452 1222 1539 1260 sunt
1570 1229 1728 1265 naturae,

324 1299 439 1342 atque
470 1290 589 1343 legis:
622 1289 684 1328 sed
718 1290 870 1344 propria
903 1289 999 1343 legis
1031 1299 1070 1328 et
1100 1303 1155 1336 ea,
1186 1304 1272 1343 quae
1302 1291 1439 1343 scripta
1469 1290 1569 1334 sunt,
1605 1298 1643 1327 et
1671 1302 1727 1334 ea,

323 1370 410 1409 quae
430 1356 505 1395 fine
524 1356 643 1394 literis
664 1366 729 1395 aut
748 1357 927 1410 gentium
955 1358 1056 1409 jure,
1095 1366 1160 1395 aut
1194 1358 1386 1410 majorum
1417 1369 1524 1395 more
1557 1355 1728 1394 retinen-

323 1432 401 1462 tur.
462 1424 703 1476 Scriptorum
736 1433 865 1462 autem
897 1424 1090 1477 privatum
1123 1424 1227 1462 aliud
1260 1424 1327 1469 est,
1368 1423 1575 1477 publicum
1608 1421 1728 1460 aliud.

325 1489 566 1535 Publicurn5
598 1490 674 1536 lex,
710 1490 1093 1536 senatusconsultum,
1118 1477 1260 1529 fcedus‘.
1321 1492 1546 1535 Privatum3
1576 1490 1730 1535 tabulae,

323 1557 482 1609 pactum
503 1565 755 1601 conventum,
777 1556 984 1609 stipulatiO.
1037 1557 1134 1608 Qae
1154 1566 1282 1594 autem
1304 1556 1439 1609 scripta
1459 1570 1536 1594 non
1558 1556 1658 1601 sunt,
1689 1567 1732 1593 ea

323 1630 390 1660 aut
421 1622 710 1667 consuetudine,
749 1632 813 1660 aut
847 1623 1046 1661 conventis
1081 1622 1304 1668 hominum,
1341 1633 1377 1661 ct
1411 1622 1515 1675 quafi
1550 1621 1732 1660 consensu

326 1688 565 1727 obtinentur.
626 1690 758 1741 Atque
776 1690 893 1726 etiam
928 1688 1003 1726 hoc
1025 1690 1064 1727 in
1085 1690 1236 1742 primis,
1269 1699 1311 1728 ut
1342 1689 1486 1728 nostros
1513 1703 1637 1727 mores
1672 1690 1730 1727 le·-

326 1754 466 1806 gesque
504 1764 693 1799 tueamur,
736 1755 1026 1806 quodammodo
1061 1757 1222 1794 naturali
1248 1758 1334 1809 jure
1368 1756 1622 1809 prescriptum
1663 1755 1729 1795 est.

328 1822 381 1858 Et
408 1821 594 1872 quoniam
614 1821 779 1859 breviter
808 1822 927 1873 aperti
948 1820 1071 1860 fontes
1101 1822 1188 1860 sunt
1209 1823 1311 1875 quafi
1338 1822 1497 1876 quidam
1528 1822 1731 1874 aequitatis,

328 1887 510 1926 meditata
542 1887 652 1925 nobis
684 1887 730 1925 ad
763 1886 838 1925 hoc
865 1888 1060 1926 causarum
1081 1902 1201 1941 genus
1232 1889 1303 1927 effe
1333 1890 1529 1928 debebunt
1560 1904 1615 1935 ea,
1646 1904 1733 1943 quae

327 1953 488 1991 dicenda
514 1962 626 1991 erunt
658 1954 697 1991 in
718 1954 970 1999 orationibus,
1007 1954 1054 1992 de
1089 1964 1234 2000 natura,
1270 1956 1316 1993 de
1350 1957 1513 2008 legibuS,
1545 1957 1591 1994 de
1626 1971 1734 1995 more

328 2021 536 2072 majorum,
571 2020 617 2057 de
638 2020 891 2072 propulsanda
910 2021 1060 2072 injuria,
1097 2021 1143 2059 de
1165 2021 1392 2067 ulciscenda,
1425 2024 1471 2060 de
1491 2023 1600 2060 omni
1628 2033 1734 2076 parte

324 2086 438 2137 juris.
482 2087 519 2124 Si
540 2086 818 2139 imprudenter,
839 2096 904 2124 aut
925 2087 1150 2133 neceffitate,
1169 2097 1233 2126 aut
1255 2088 1338 2126 casu
1359 2090 1562 2142 quippiam
1583 2089 1731 2136 fecerit,

332 2152 436 2204 quod
457 2166 534 2190 non
554 2153 827 2190 concederetur
846 2154 906 2198 iis,
928 2154 996 2205 qui
1018 2154 1080 2191 sua
1100 2154 1246 2207 sponte,
1275 2164 1313 2192 et
1332 2155 1527 2194 voluntate
1548 2155 1731 2202 feciffent,

331 2217 377 2255 ad
397 2219 478 2269 ejus
508 2217 599 2256 faeti
627 2219 950 2271 deprecationem,
973 2220 1193 2273 ignoscendi
1227 2222 1389 2273 petenda
1409 2223 1517 2260 venia
1536 2222 1614 2267 est,·
1648 2237 1733 2275 quae

332 2284 504 2323 sumetur
522 2299 569 2323 ex
588 2286 777 2338 plerisque
808 2286 902 2325 Iocis
937 2288 1139 2339 aequitatis.
1201 2289 1430 2341 Expositum
1451 2290 1516 2335 est,
1549 2299 1591 2327 ut
1621 2290 1731 2342 potui

333 2350 560 2396 breviffime,
574 2351 620 2389 de
640 2352 749 2390 omni
770 2354 1105 2391 controvertiarum
1127 2368 1275 2406 genere,
1291 2356 1358 2394 nisi
1379 2365 1556 2409 praetcrea
1576 2365 1615 2393 tu
1636 2355 1731 2408 quid

333 2417 507 2469 requiris.

387 2483 621 2522 XXXVIII.
655 2485 827 2524 Fitxus.
865 2486 967 2524 Illud
989 2486 1185 2539 equidem,
1222 2489 1326 2542 quod
1354 2489 1437 2541 jam
1458 2501 1580 2527 unum
1601 2487 1731 2526 restare

332 2548 456 2594 video,
489 2550 600 2601 quale
622 2551 679 2598 s1t,
711 2566 802 2592 curn
833 2552 1054 2607 disceptati0
1075 2553 1238 2594 versatur
1268 2555 1307 2592 in
1329 2554 1491 2607 scriptis.
1551 2556 1727 2594 PATER⁰

436 2617 475 2655 T
490 2630 513 2656 o
530 2630 581 2657 M.
614 2618 646 2659 Ι.
1314 2622 1350 2660 Υ
1369 2635 1394 2673 y
1412 2636 1436 2673 y
