2176 2912
418 196 493 249 362
760 199 890 238 DE
1004 199 1474 240 CLARIS

415 289 520 327 idem
540 303 724 343 magnum
746 305 887 331 munus
909 293 954 331 de
968 294 1056 346 jure
1082 293 1330 346 respondendi
1351 291 1568 330 sustinebat.
1618 292 1714 330 Sunt
1733 290 1815 343 ejus

416 356 604 394 orationes
618 358 760 410 jejunae
778 374 786 397 :
819 360 942 397 multa
961 360 1136 413 praeclara
1156 360 1200 397 de
1214 360 1323 412 jure:
1356 359 1488 396 doctus
1510 358 1580 403 vir,
1609 367 1646 396 et
1668 357 1814 396 Graecis

415 419 535 459 literis
556 423 740 468 eruditus,
764 425 920 462 Panaetii
940 426 1103 470 auditor,
1125 439 1243 479 prope
1262 423 1450 477 perfectus
1470 424 1511 461 in
1532 423 1683 468 Stoicis,
1714 435 1813 475 quo-

417 499 505 524 rum
538 498 779 540 peracutum,
811 500 849 528 et
883 491 971 528 artis
1007 490 1166 543 plenum
1201 491 1380 528 orationis
1415 502 1548 542 geum,
1591 488 1653 526 sed
1686 497 1813 525 tamen

416 552 530 598 exile,
561 568 631 592 nec
652 555 736 593 satis
766 557 941 609 populari
962 556 1154 594 affenfioni
1180 555 1533 593 accommodatum.
1576 555 1708 605 Itaque
1734 552 1814 596 illa,

417 631 502 669 quae
520 621 673 672 propria
700 621 751 658 est
780 620 894 672 hujus
923 621 1145 672 disciplinae,
1178 619 1505 672 Philosophorum
1525 619 1571 656 de
1591 619 1626 656 se
1646 618 1815 670 ipsorum

417 685 564 737 opinio,
595 686 706 724 firma
725 688 764 724 in
784 686 859 724 hoc
881 688 961 724 viro
981 696 1019 724 et
1038 686 1180 724 stabilis
1202 686 1357 724 inventa
1375 685 1427 723 est
1445 699 1454 723 ε
1486 684 1569 736 qui,
1591 697 1682 722 cum
1702 684 1816 721 inno-

418 752 653 790 centiffimus
688 753 727 789 in
744 753 940 804 judicium
975 762 1129 790 vocatus
1161 751 1262 797 effet,
1297 753 1392 804 (quo
1417 751 1567 804 judicio
1596 749 1817 789 convulsam

417 819 570 869 penitus
591 818 730 856 scimus
752 819 821 856 effe
852 819 1151 871 rempublicam)
1183 833 1276 857 cum
1307 818 1423 857 essent
1453 831 1498 856 eo
1529 826 1701 870 tempore
1734 815 1817 853 elo-

417 884 654 935 quentiffimi
684 885 755 922 viri
786 886 834 923 L.
859 885 1022 929 Crassus,
1053 894 1090 922 et
1111 886 1173 923 M.
1196 885 1392 923 Antonius
1423 883 1651 928 consulares,
1681 895 1819 920 eorum

418 949 598 988 adhibere
618 960 799 989 neutrum
819 951 956 990 voluit.
990 952 1103 989 Dixit
1123 951 1199 1004 ipse
1214 966 1282 1005 pro
1303 951 1398 996 sese;
1430 959 1467 989 et
1479 964 1599 1004 pauca
1617 951 1665 988 C.
1687 950 1816 992 Cotta,

419 1017 524 1068 quod
544 1016 677 1055 sororis
697 1027 775 1055 erat
795 1017 911 1062 filius,
932 1026 968 1055 et
988 1018 1018 1055 is
1040 1018 1198 1069 quidem
1215 1028 1357 1062 tamen,
1377 1026 1420 1055 ut
1439 1026 1580 1061 orator,
1596 1027 1817 1068 quanquam

418 1091 496 1120 erat
515 1083 726 1121 admodum
746 1083 973 1122 adolescens.
1033 1084 1105 1122 Sed
1137 1084 1371 1136 QMucius
1403 1082 1600 1120 enucleate
1628 1081 1694 1118 ille
1727 1079 1817 1131 qui-

419 1148 521 1194 dem,
553 1158 589 1187 et
618 1150 753 1202 polite,
785 1159 827 1187 ut
858 1149 998 1187 solebat
1014 1168 1026 1194 ς
1060 1162 1303 1201 nequaquam
1324 1158 1453 1186 autem
1478 1160 1520 1184 ea
1548 1147 1586 1184 vi
1607 1156 1720 1199 atque
1749 1158 1818 1183 co-

418 1215 494 1267 pia,
525 1230 643 1268 quam
675 1229 797 1268 genus
829 1216 1096 1267 illudjudicii,
1126 1224 1162 1254 et
1183 1215 1410 1268 magnitudo
1444 1213 1561 1252 causae
1590 1211 1818 1266 postulabat.

420 1281 622 1320 Habemus
644 1283 761 1335 igitur
780 1283 819 1319 in
841 1283 977 1320 Stoicis
997 1282 1211 1320 oratoribus
1240 1282 1453 1326 Rutilium,
1477 1281 1663 1319 Scaurum
1688 1279 1731 1317 in
1748 1291 1819 1316 an-

418 1347 551 1400 tiquis.
598 1350 821 1401 Utrumque
853 1358 981 1387 tamen
1002 1349 1215 1393 laudemus,
1247 1348 1433 1400 quoniam
1459 1360 1526 1399 per
1549 1345 1636 1384 illos
1663 1358 1711 1383 ne
1735 1343 1819 1382 haec

419 1414 578 1465 quidem
609 1416 649 1452 in
680 1415 832 1453 civitate
862 1429 999 1468 genera
1019 1414 1092 1453 hac
1112 1415 1275 1452 oratoria
1305 1413 1415 1452 laude
1441 1420 1657 1451 caruerunt.
1716 1410 1820 1449 Volo

418 1481 540 1526 enim,
572 1491 615 1519 ut
634 1482 674 1519 in
695 1482 815 1525 scena,
846 1482 896 1518 fic
916 1482 1031 1518 etiam
1051 1482 1091 1518 in
1112 1480 1210 1526 foro,
1242 1494 1319 1518 non
1340 1493 1402 1517 eos
1423 1478 1542 1517 modo
1562 1476 1719 1522 laudari,
1750 1476 1820 1528 qui

419 1546 534 1584 celeri
566 1557 678 1584 motu
704 1557 741 1584 et
770 1547 921 1584 difficili
951 1557 1121 1590 utantur,
1163 1546 1224 1583 sed
1257 1560 1318 1583 eos
1353 1545 1484 1588 etiarn,
1530 1557 1624 1596 quos
1653 1543 1818 1580 statarios

421 1613 627 1666 appellant,
659 1627 827 1666 quorum
854 1613 897 1651 fit
928 1613 994 1651 illa
1013 1612 1173 1666 simplex
1193 1612 1234 1650 in
1264 1611 1411 1666 agendo
1440 1610 1591 1654 veritas,
1621 1622 1699 1647 non
1731 1621 1820 1646 mo·

421 1680 523 1718 lesta.
1155 1671 1163 1679 ’

477 1748 628 1786 XXXI.
661 1748 713 1786 Et
739 1747 924 1800 quoniam
956 1746 1172 1785 Stoicorum
1202 1745 1254 1784 est
1283 1744 1381 1783 fac'ta
1413 1742 1574 1788 mentio,
1611 1741 1820 1794 QAElius

421 1815 581 1853 Tubero
613 1813 689 1852 fuit
722 1814 790 1852 illo
821 1823 1004 1866 tempore,
1037 1814 1085 1851 L.
1120 1812 1229 1850 Pauli
1260 1824 1391 1864 nepos,
1423 1809 1532 1848 nullo
1553 1809 1593 1846 in
1625 1816 1822 1846 oratorum

421 1894 597 1926 numero,
628 1880 690 1918 sed
709 1880 786 1919 vita
806 1880 950 1918 severus
971 1888 1008 1918 ct
1028 1892 1240 1931 congruens
1274 1891 1366 1916 cum
1397 1891 1439 1915 ea
1459 1875 1671 1928 disciplina,
1703 1887 1821 1926 quam

421 1948 593 1993 colebat;
618 1938 739 2000 ‘paulo
759 1947 874 1984 etiam
896 1946 1026 1985 durior
1038 1964 1049 1990 3
1082 1946 1150 1998 qui
1169 1944 1329 1997 quidem
1350 1944 1389 1981 in
1407 1942 1651 1981 triumviratu
1665 1940 1819 1992 judica-

422 2016 516 2053 verit
536 2024 668 2053 contra
687 2015 730 2053 P.
755 2012 944 2058 Africani,
975 2012 1155 2050 avunculi
1175 2011 1246 2055 sui,
1276 2009 1557 2052 testimonium,
1583 2007 1821 2044 vacationem

421 2094 594 2134 augures,
626 2094 704 2132 quo
725 2081 853 2118 minus
868 2079 1027 2131 judiciis
1048 2091 1203 2130 operam
1224 2076 1368 2119 darent,
1396 2087 1473 2112 non
1500 2072 1638 2110 habere
1651 2090 1663 2116 ς
1694 2071 1756 2108 sed
1778 2079 1821 2108 ut

422 2148 510 2191 vita,
547 2146 596 2184 fic
630 2146 800 2183 oratione
834 2145 965 2188 durus,
1001 2143 1185 2187 incultus,
1210 2140 1413 2179 horridus:
1446 2139 1574 2190 itaque
1609 2136 1820 2177 honoribus

422 2213 615 2264 majorum
635 2210 854 2263 respondere
887 2222 964 2247 non
984 2208 1124 2260 potuit.
1171 2207 1263 2244 Fuit
1294 2214 1422 2243 autem
1443 2203 1614 2243 constans
1642 2202 1750 2247 civis,
1783 2210 1821 2239 et

422 2278 547 2323 fortis,
568 2287 606 2315 et
636 2278 676 2315 in
697 2276 830 2329 primis
853 2273 1033 2314 Graccho
1063 2272 1258 2317 molestus,
1281 2272 1385 2324 quod
1416 2271 1560 2308 indicat
1591 2268 1760 2307 Gracchi
1780 2268 1822 2306 in

423 2359 513 2383 eum
532 2345 666 2383 oratio.
700 2344 794 2381 Sunt
809 2343 925 2380 etiam
942 2342 982 2379 in
999 2339 1238 2384 Gracchum,
1253 2338 1488 2377 Tuberonis.
1522 2338 1557 2375 Is
1573 2335 1650 2375 fuit
1669 2335 1821 2375 medio-

422 2411 496 2449 cris
516 2411 556 2448 in
574 2409 748 2452 dicendo,
781 2407 1014 2446 doctiffimus
1034 2407 1074 2445 in
1092 2405 1331 2459 disputando.

478 2478 588 2515 Tum
609 2477 763 2520 Brutus,
800 2473 932 2526 Qam
959 2473 1033 2512 hoc
1054 2473 1158 2511 idem
1176 2471 1216 2509 in
1235 2470 1367 2509 nostris
1388 2470 1611 2522 contingere
1629 2466 1819 2518 intelligo,

423 2543 527 2596 quod
547 2544 588 2582 in
609 2542 782 2582 Graecis?
805 2550 847 2582 ut
867 2554 998 2581 omnes
1019 2540 1097 2580 fere
1117 2538 1234 2580 Stoici
1254 2532 1535 2592 pruden'tiffimi
1554 2535 1599 2576 in
1613 2532 1822 2574 differendo
