2176 2912
708 181 1372 225 PARTITIONES.
1663 191 1740 232 539

337 292 425 321 tum
457 281 496 320 in
528 279 737 333 perorando
757 278 928 316 maxime
953 276 1117 329 graviter
1147 275 1232 320 erit,
1262 273 1584 325 vehementerque
1604 270 1738 309 dicen-

339 348 448 386 dum.

392 412 584 451 XXXIX.
616 410 688 449 Ille
707 418 852 453 autem,
886 408 955 459 qui
977 407 1011 445 se
1038 406 1221 446 sententia
1251 406 1345 458 legis
1373 405 1648 457 voluntateque
1669 402 1736 440 dc-

335 477 479 522 fendet,
512 476 551 514 in
582 475 740 514 confilio
765 483 880 526 atque
910 474 951 511 in
979 481 1110 510 mente
1139 471 1345 524 scrIptoris‚
1375 470 1513 508 nonin
1540 468 1664 507 verbis
1697 481 1739 505 ac

335 544 470 588 literis,
502 543 583 581 vim
611 542 704 594 legis
725 541 887 594 pofitam
914 539 984 578 effe
1004 538 1207 577 defendet:
1241 536 1424 590 quodque
1456 535 1556 574 nihil
1576 547 1737 586 excepe-

336 611 387 647 rit
420 610 460 647 in
494 609 590 661 lege,
635 607 819 652 laudabit,
852 620 899 644 ne
926 604 1152 644 diverticula
1184 603 1349 657 peccatis
1383 602 1577 647 darentur,
1625 608 1741 651 atque

336 684 380 713 ut
399 689 445 713 ex
466 674 566 712 fa&o
585 673 767 726 cujusque
781 673 903 725 judex
922 671 1017 724 legis
1038 679 1212 709 mentem
1232 670 1555 722 interpretaretur.
1587 664 1741 704 Deinde

334 742 407 779 erit
441 740 629 778 utendum
659 739 861 792 exemplis,
893 739 933 775 in
967 737 1108 790 quibus
1135 736 1264 774 omnis
1292 735 1447 786 aequitas
1480 732 1738 786 perturbetur,

335 807 362 845 si
383 807 504 845 verbis
525 806 672 858 legum,
705 819 747 843 ac
768 819 845 843 non
867 804 1075 848 sententiis,
1097 810 1283 855 pareatur.
1326 799 1479 839 Deinde
1499 811 1618 851 genus
1638 796 1738 850 ejus-

336 873 445 912 modi
476 872 695 910 calliditatis
727 880 765 909 et
793 870 995 909 calumniae
1016 868 1224 907 retrahatur
1244 868 1284 905 in
1303 867 1439 905 odium
1453 865 1612 919 judicis,
1645 876 1739 902 cum

335 938 503 991 quadam
523 937 706 975 invidiosa
725 936 891 989 querela.
924 936 990 980 Et,
1013 935 1039 973 s1
1060 935 1204 972 incidet
1224 932 1492 985 imprudentiae
1511 930 1632 976 causa,
1653 942 1740 982 quae

335 1018 415 1044 non
435 1005 480 1043 ad
500 1004 698 1048 defletum,
730 1002 789 1040 sed
811 1003 856 1040 ad
880 1001 1022 1046 casum,
1055 999 1359 1039 neceffitatemve
1382 998 1582 1051 pertineat,
1616 995 1738 1048 (quod

336 1085 456 1124 genus
476 1070 592 1123 paulo
611 1079 697 1107 ante
716 1069 934 1121 attigimus)
967 1068 1039 1105 erit
1059 1066 1194 1104 iisdem
1211 1065 1399 1118 aequitatis
1417 1063 1611 1103 sententiis
1641 1076 1739 1101 con-

336 1146 394 1175 tra
427 1136 674 1175 acerbitatem
703 1134 910 1173 verborum
949 1132 1245 1186 deprecandum.
1305 1133 1371 1169 Sin
1405 1130 1542 1183 scripta
1573 1129 1673 1167 inter
1702 1128 1739 1166 se

335 1203 554 1242 dissentient
569 1221 581 1247 ς
614 1210 717 1240 tanta
751 1200 860 1238 series
890 1200 978 1238 artis
1012 1199 1078 1244 est,
1109 1207 1147 1236 et
1175 1198 1225 1236 fic
1256 1198 1356 1236 inter
1375 1196 1411 1235 se
1439 1195 1527 1234 sunt
1558 1195 1739 1248 pleraque

335 1283 510 1308 connexa
528 1277 566 1307 et
590 1276 691 1321 apta,
722 1276 780 1312 ut,
810 1280 896 1319 quae
917 1265 1030 1320 paulo
1061 1263 1147 1302 ante
1178 1272 1366 1318 praecepta
1398 1262 1574 1301 dedimus
1609 1260 1737 1299 ambi-

335 1337 419 1390 gui,
450 1348 612 1389 quaeque
643 1334 820 1388 proxime
849 1333 1040 1371 sententiae
1071 1340 1109 1369 et
1128 1331 1271 1384 scripti,
1301 1329 1433 1368 eadem
1457 1328 1503 1366 ad
1522 1327 1598 1366 hoc
1617 1341 1738 1381 genus

336 1403 454 1442 causae
474 1403 633 1441 tertium
655 1399 938 1439 transferantur.
998 1399 1105 1437 Nam
1125 1397 1266 1450 quibus
1286 1396 1382 1436 locis
1403 1396 1443 1434 in
1465 1395 1649 1448 ambiguo
1669 1394 1738 1432 de-

337 1470 534 1509 fendimus
564 1483 647 1507 eam
667 1467 999 1521 fignificationem,
1023 1479 1107 1518 quae
1128 1478 1196 1503 nos
1223 1464 1388 1516 adjuvat,
1419 1462 1562 1500 eisdem
1581 1461 1623 1500 in
1642 1474 1738 1500 con-

337 1537 460 1576 trariis
481 1536 631 1589 legibus
654 1534 776 1574 nostra
794 1534 856 1572 lex
877 1531 1112 1570 defendenda
1129 1531 1196 1569 est.
1234 1529 1386 1568 Deinde
1405 1528 1458 1566 est
1476 1527 1738 1573 efficiendum,

337 1612 382 1642 ut
401 1603 555 1641 alterius
586 1601 717 1654 scripti
749 1599 987 1644 sententiam,
1023 1597 1176 1635 alterius
1203 1596 1329 1640 verba,
1357 1594 1622 1632 defendamus.
1682 1595 1741 1632 Ita

339 1683 423 1722 quae
454 1668 570 1707 modo
601 1668 647 1706 de
678 1667 831 1719 scripto,
864 1665 1124 1717 sententiaque
1155 1671 1342 1716 praecepta
1366 1661 1467 1705 sunt,
1498 1660 1630 1698 eadem
1660 1658 1739 1698 huc

338 1736 470 1774 omnia
489 1732 772 1773 transferemus.

395 1802 484 1839 XL.
517 1799 707 1851 Expositae
728 1799 814 1836 sunt
834 1798 905 1836 tibi
926 1810 1060 1835 omnes
1087 1796 1257 1835 oratoriae
1286 1794 1522 1849 partitiones,
1544 1806 1628 1846 quae
1649 1791 1738 1844 qui-

339 1867 429 1905 dem
449 1880 469 1904 e
489 1866 615 1905 media
649 1865 714 1902 illa
734 1864 856 1902 nostra
875 1863 1085 1902 Academia
1104 1862 1313 1900 floruerunt
1330 1880 1342 1906 ;
1374 1873 1498 1913 neque
1519 1860 1594 1897 fine
1614 1872 1657 1896 ea
1675 1866 1742 1895 aut

340 1933 516 1978 inveniri,
531 1941 596 1970 aut
616 1931 797 1983 intelligi,
816 1939 880 1968 aut
901 1929 1048 1968 tractari
1070 1928 1234 1981 possunt.
1267 1927 1373 1966 Nam
1391 1936 1430 1964 et
1449 1926 1579 1978 partiri
1597 1924 1739 1977 ipsum,

339 2009 378 2038 et
403 1998 576 2043 definire,
608 2008 646 2036 et
680 1996 854 2049 ambigui
889 1996 1111 2049 partitiones
1146 1994 1327 2037 dividere,
1358 2002 1396 2030 et
1422 1999 1740 2043 argumentorum

340 2066 446 2104 locos
481 2064 595 2110 noffe,
632 2074 669 2102 et
695 2063 1067 2115 argumentationem
1101 2060 1219 2113 ipsam
1254 2058 1494 2102 concludere,
1530 2065 1568 2095 et
1596 2056 1741 2101 videre,

340 2145 425 2185 quae
445 2132 628 2170 sumenda
647 2132 687 2169 in
716 2129 1020 2183 argumentando
1039 2128 1124 2172 sint,
1146 2127 1317 2180 quidque
1336 2139 1383 2164 ex
1402 2125 1463 2169 iis,
1485 2138 1569 2177 quae
1590 2123 1742 2176 sumpta

341 2198 441 2243 sunt,
472 2198 685 2242 efficiatum
716 2206 755 2234 et
775 2210 860 2234 vera
879 2209 899 2233 a
916 2195 1030 2240 falfis,
1064 2193 1281 2232 verisimilia
1299 2192 1345 2230 ab
1366 2189 1657 2229 incredibilibus
1678 2188 1740 2226 di-

336 2265 508 2318 judicare
541 2273 580 2302 et
610 2263 854 2316 distinguere,
877 2272 915 2301 et
935 2271 999 2300 aut
1019 2261 1119 2299 male
1145 2261 1310 2313 sumpta,
1340 2268 1405 2297 aut
1435 2258 1536 2296 male
1565 2255 1742 2294 conclusa

342 2330 628 2383 reprehendere,
660 2338 697 2367 et
730 2330 863 2368 eadem
897 2329 956 2367 vel
988 2328 1141 2381 anguste
1173 2326 1357 2371 differere,
1392 2334 1434 2363 ut
1453 2322 1641 2362 dialestici
1672 2321 1741 2373 qui

341 2397 595 2450 appellantur,
630 2396 702 2441 vel,
724 2406 766 2434 ut
786 2406 974 2434 oratorem
995 2395 1115 2439 decet,
1148 2393 1222 2431 late
1242 2392 1454 2444 exprimere
1469 2409 1480 2436 ς
1510 2389 1614 2427 illius
1631 2400 1740 2425 exer-

341 2463 534 2501 citationis
554 2472 592 2500 et
613 2462 803 2500 subtiliter
822 2461 1052 2514 disputandI,
1075 2470 1112 2498 et
1128 2459 1279 2512 copiose
1299 2457 1453 2496 dicendi
1472 2455 1560 2493 artis
1580 2452 1645 2490 est.
1679 2453 1741 2490 De

343 2529 453 2570 bonis
474 2543 562 2569 vero
581 2529 708 2576 rebus,
736 2538 774 2569 et
794 2529 903 2568 malis
920 2547 932 2576 5
964 2527 1095 2581 aequis,
1117 2525 1260 2580 iniquis
1276 2543 1288 2570 ς
1312 2523 1488 2567 utilibus,
1508 2518 1710 2561 inutilibus
1725 2535 1738 2562 ;

1264 2590 1298 2628 Y
1321 2603 1346 2640 y
1364 2602 1388 2640 y
1419 2600 1441 2627 2
