2176 2912
967 201 1202 255 [192]

1039 415 1157 451 DE

575 558 1636 660 ORATORE‚

600 756 928 803 LIBER
1015 736 1607 801 SECUNDUS,

406 962 439 1000 Ι.
659 962 752 1000 AG
770 961 865 999 NA
900 959 1011 998 nobis
1046 960 1186 1012 pueriS,
1218 960 1367 1012 Qinte
1400 958 1527 1004 frater,
1561 959 1587 997 fi
1620 961 1806 998 memoria

447 961 651 1119 M
686 1036 805 1071 tenes,
841 1025 973 1078 opinio
1005 1023 1095 1069 fuit,
1128 1026 1175 1063 L.
1211 1025 1385 1064 Crassum
1417 1039 1494 1064 non
1525 1025 1611 1077 plus
1645 1025 1806 1078 attigisse

686 1092 880 1136 doetrinae,
903 1104 1020 1143 quam
1045 1100 1236 1143 quantum
1265 1093 1389 1144 prima
1407 1090 1473 1128 illa
1492 1091 1629 1143 puerili
1653 1091 1806 1128 institu-

406 1161 514 1199 tione
533 1158 710 1212 potuiffet
723 1176 733 1202 ;
767 1159 829 1196 M.
852 1167 982 1195 autem
1002 1158 1221 1195 Antonium
1243 1158 1404 1196 omnino
1422 1157 1548 1195 omnis
1582 1156 1807 1196 eruditionis

407 1234 618 1278 expertem,
636 1233 749 1275 atque
769 1224 946 1276 ignarum
967 1222 1076 1260 fuiffe
1094 1237 1102 1259 :
1136 1232 1319 1275 erantque
1339 1222 1468 1267 multi,
1488 1222 1570 1274 qui,
1588 1235 1810 1275 quanquam

408 1305 485 1329 non
505 1292 558 1328 ita
575 1290 611 1327 se
630 1303 711 1327 rem
730 1288 870 1327 habere
889 1288 1172 1333 arbitrarentur,
1203 1297 1346 1333 tamen,
1377 1301 1455 1341 quo
1485 1287 1635 1326 facilius
1656 1301 1724 1326 nos
1744 1289 1805 1325 in-

408 1356 537 1395 censos
571 1355 696 1393 studio
729 1354 883 1392 dicendi
916 1368 937 1391 a
967 1354 1137 1392 doeh-ina
1167 1354 1411 1399 deterrerent,
1442 1355 1604 1393 libenter
1623 1354 1674 1399 id,
1706 1353 1811 1406 quod

409 1421 504 1466 dixi,
538 1421 583 1458 de
603 1421 680 1458 illis
700 1420 912 1458 oratoribus
932 1419 1179 1471 praedicarent
1191 1439 1204 1465 ς
1235 1430 1292 1469 ut,
1321 1421 1347 1459 fi
1367 1419 1543 1458 homines
1574 1433 1651 1457 non
1671 1419 1811 1456 eruditi

411 1487 603 1525 summam
623 1485 738 1523 effent
755 1486 997 1537 prudentiam
1017 1494 1130 1537 atque
1149 1486 1416 1524 incredibilem
1435 1486 1694 1537 eloquentiam
1714 1498 1810 1522 con-

411 1553 544 1597 secuti,
574 1552 696 1589 inanis
712 1551 838 1588 omnis
863 1550 986 1588 noster
1005 1549 1075 1587 effe
1100 1551 1219 1596 labor,
1250 1561 1287 1589 et
1307 1552 1468 1590 stultum
1488 1552 1529 1589 in
1549 1551 1659 1589 nobis
1681 1550 1810 1588 erudi-

411 1618 532 1661 endis,
546 1618 662 1670 patris
680 1616 808 1661 nostri,
823 1616 964 1669 optimi
976 1629 1018 1653 ac
1030 1616 1310 1668 prudentissimi
1326 1617 1410 1662 viri,
1427 1617 1595 1655 studium
1609 1616 1811 1655 videretur.

413 1685 524 1735 Qos
542 1693 640 1728 tum,
656 1691 698 1720 ut
714 1683 834 1735 pueri,
853 1681 1016 1720 refutare
1028 1681 1246 1721 domesticis
1260 1683 1431 1727 testibus,
1446 1691 1564 1735 patre,
1584 1691 1623 1720 et
1640 1683 1688 1720 C.
1704 1683 1812 1720 Acu-

412 1750 522 1788 leone
542 1750 760 1803 propinquo
781 1748 920 1793 nostro,
940 1757 978 1786 et
998 1749 1046 1786 L.
1063 1749 1249 1787 Cicerone
1268 1758 1418 1803 patruo,
1440 1749 1651 1787 solebamus
1665 1766 1676 1793 3
1710 1746 1816 1801 quod

414 1815 461 1853 de
481 1815 610 1854 Craffo
628 1824 748 1867 pater,
779 1824 818 1852 et
841 1815 1004 1858 Aculeo,
1026 1828 1199 1866 quocum
1217 1824 1294 1853 erat
1312 1815 1436 1854 nostra
1455 1824 1667 1860 matertera,
1698 1826 1816 1866 quem

415 1881 564 1919 Crassus
586 1881 720 1918 dilexit
736 1894 783 1918 ex
803 1881 984 1918 omnibus
1002 1880 1231 1932 plurimum,
1246 1890 1283 1920 et
1298 1890 1468 1935 patruus,
1490 1882 1558 1933 qui
1578 1895 1669 1919 cum
1686 1881 1814 1918 Anto-

414 1947 480 1984 nio
514 1947 552 1984 in
575 1947 756 1985 Ciliciam
783 1945 974 1999 profestus
1008 1960 1083 1984 una
1116 1947 1327 1993 decesserat,
1362 1947 1487 1986 multa
1519 1948 1630 1985 nobis
1661 1947 1707 1984 de
1735 1947 1814 1997 ejus

416 2012 539 2050 studio
560 2012 806 2065 doctrinaque
826 2013 919 2066 saepe
945 2012 1133 2050 narravit:
1168 2026 1336 2065 cumque
1369 2027 1437 2051 nos
1458 2026 1550 2050 cum
1581 2011 1815 2050 consobrinis

417 2078 563 2122 nostris,
586 2079 794 2116 Aculeonis
816 2079 919 2123 filiis,
937 2087 974 2115 et
993 2092 1035 2115 ea
1054 2077 1296 2123 disceremus,
1318 2092 1401 2130 quae
1415 2077 1543 2115 Craffo
1558 2078 1761 2130 placerent,
1779 2085 1817 2114 et

418 2144 464 2181 ab
487 2143 546 2180 his
567 2144 800 2188 doctoribus,
823 2144 964 2196 quibus
992 2143 1056 2181 ille
1076 2152 1258 2188 uteretur,
1290 2143 1541 2188 erudiremur,
1573 2144 1689 2181 etiam
1718 2141 1817 2180 illud

418 2209 511 2261 saepe
529 2209 788 2247 intelleximus
812 2210 921 2260 (cum
948 2208 1104 2247 effemus
1125 2209 1325 2260 ejusmodi,
1354 2209 1459 2260 quod
1477 2208 1536 2246 vel
1555 2209 1661 2262 pueri
1681 2208 1817 2246 sentire

418 2275 654 2327 poteramus)
670 2274 782 2311 illum
796 2275 975 2311 etGraece
989 2274 1036 2311 slC
1050 2274 1172 2326 loqui,
1191 2274 1337 2312 nullam
1352 2284 1394 2312 ut
1406 2273 1505 2312 noffe
1517 2275 1632 2312 aliam
1643 2274 1817 2326 linguam

419 2340 622 2384 videretur,
653 2349 691 2377 et
711 2340 929 2378 doe'toribus
952 2340 1085 2378 nostris
1105 2353 1147 2377 ea
1171 2354 1308 2392 ponere
1334 2341 1373 2378 in
1395 2340 1667 2393 percontando,
1698 2352 1818 2392 eaque

420 2405 545 2458 ipsum
575 2405 682 2442 omni
712 2406 751 2442 in
784 2405 954 2442 sermone
984 2407 1151 2450 tractare,
1182 2414 1226 2443 ut
1247 2405 1343 2443 nihil
1374 2406 1444 2444 esse
1463 2407 1497 2444 ei
1529 2420 1687 2451 novum,
1719 2404 1817 2444 nihil

420 2472 651 2516 inauditum,
669 2471 871 2510 videretur.
925 2473 987 2510 De
1007 2472 1180 2510 Antonio
1200 2485 1301 2517 vero,
1323 2486 1543 2525 quanquam
1564 2473 1656 2525 saepe
1674 2487 1720 2511 ex
1740 2471 1817 2510 hu-

419 2537 635 2576 maniffimo
651 2536 823 2583 homine,
844 2547 980 2591 patruo
1006 2537 1146 2584 nostro,
1178 2551 1456 2591 acceperamus,
1488 2538 1819 2592 quemadmodum
