2176 2912
440 180 519 232 428
883 178 1414 219 ORATOR.

442 272 759 326 occupationibus
780 286 979 327 nunquam
1000 272 1225 312 intermittis
1246 271 1367 311 studia
1386 269 1593 310 doetrinae?
1615 269 1764 323 semper
1782 279 1849 310 aut

442 338 518 391 ipse
539 338 670 377 scribis
694 339 854 391 aliquid,
876 348 941 377 aut
961 353 1024 378 me
1044 352 1154 376 vocas
1175 338 1221 376 ad
1241 337 1514 376 scribendum?

498 405 633 457 Itaque
663 403 740 443 hoc
774 405 858 443 sum
878 404 1038 457 agress'us
1071 404 1197 441 statim
1226 405 1373 442 Catone
1403 402 1600 447 absoluto;
1633 415 1752 454 quem
1782 402 1846 455 ip-

443 469 528 507 sum
553 484 755 522 nunquam
786 470 1004 522 attigiffem,
1036 478 1208 521 tempora
1235 469 1375 507 timens
1411 468 1569 506 inimica
1595 467 1742 513 virtuti,
1776 467 1844 505 nifi

443 536 516 574 tibi
549 535 733 582 hortanti,
779 545 816 574 et
850 536 955 574 illius
988 536 1217 574 memoriam
1248 534 1348 573 mihi
1377 547 1504 572 caram
1538 534 1735 579 excitanti,
1766 547 1845 572 non
1890 538 1894 539 ⁷

441 616 571 655 parere
604 602 709 640 nefas
742 602 812 641 effe
843 602 1044 640 duxiffem.
1105 601 1177 639 Sed
1211 601 1403 645 testificor,
1434 614 1497 638 me
1531 613 1552 637 a
1580 608 1617 637 te
1650 609 1844 652 rogatum,

443 678 481 707 et
515 669 764 713 recusantem,
795 667 1069 706 haec-scribere
1099 666 1169 704 effe
1200 667 1346 704 ausum.
1396 666 1499 704 Volo
1520 666 1624 703 enim
1652 665 1753 703 mihi
1784 675 1844 704 te-

442 749 535 773 cum
556 748 765 773 commune
795 734 865 771 effe
886 734 1051 778 crimen,
1082 742 1138 778 ut,
1173 733 1200 770 fi
1221 731 1398 770 sustinere
1429 741 1575 770 tantam
1595 731 1845 783 quaestionem

442 815 520 839 non
539 811 714 853 potuero,
743 799 873 852 injusti
893 800 1016 837 oneris
1037 798 1206 851 impofiti
1236 807 1300 836 tua
1330 797 1443 850 culpa
1473 797 1530 841 fit,
1566 810 1653 835 mea
1685 798 1846 851 recepti.

442 869 489 907 In
510 881 587 920 quo
608 877 736 906 tamen
755 866 897 918 judicii
916 865 1034 905 nostri
1058 879 1224 904 errorem
1244 865 1324 903 laus
1345 865 1418 904 tibi
1437 864 1515 903 dati
1535 864 1705 904 muneris
1730 878 1844 904 com-

441 934 628 987 pensabit.

497 1001 570 1038 XI.
605 1000 676 1038 Sed
696 999 736 1037 in
757 999 865 1037 omni
886 1012 924 1037 re
941 998 1220 1037 difficillimum
1241 998 1306 1044 est,
1341 997 1509 1037 formam
1533 996 1656 1050 (quod
1674 991 1844 1048 χάρακτῆρ

442 1067 578 1105 Graece
612 1067 770 1118 dicitur)
804 1079 991 1119 exponere
1022 1067 1194 1118 optimi,
1227 1065 1332 1118 quod
1358 1066 1462 1103 aliud
1482 1065 1564 1102 aliis
1599 1064 1750 1102 videtur
1769 1077 1843 1115 op-

441 1133 601 1172 timum.
662 1132 792 1170 Ennio
826 1132 1004 1176 delector,
1049 1133 1102 1169 ait
1134 1132 1336 1184 quispiam,
1381 1131 1485 1183 quod
1518 1144 1596 1168 non
1629 1129 1793 1167 discedit
1823 1142 1846 1181 aj

441 1199 645 1238 communi
665 1212 772 1236 more
803 1199 1008 1236 verborum
1024 1217 1036 1243 ;
1069 1198 1250 1242 Pacuvio,
1271 1197 1399 1249 inquit
1432 1197 1527 1235 alius
1543 1215 1556 1242 5
1587 1208 1722 1234 omnes
1742 1194 1844 1248 apud

439 1265 547 1304 hunc
567 1266 705 1310 ornati,
736 1265 995 1317 elaboratique
1014 1264 1101 1303 sunt
1130 1264 1254 1303 versus
1267 1283 1280 1309 3
1311 1264 1436 1302 multa
1461 1263 1563 1317 apud
1588 1262 1751 1300 alterum
1771 1275 1842 1300 ne-

439 1332 663 1385 gligentius.
723 1332 755 1369 F
759 1345 800 1369 ac
831 1331 952 1369 alium
972 1331 1122 1370 Accio:
1154 1332 1253 1369 varia
1285 1331 1390 1369 enim
1415 1330 1502 1368 sunt
1528 1329 1689 1382 judicia,
1724 1338 1768 1368 ut
1800 1329 1844 1367 in

440 1399 586 1437 Graecis
602 1417 614 1444 3
646 1411 716 1436 nec
736 1396 858 1436 facilis
879 1398 1099 1451 explicatio,
1121 1412 1205 1451 quae
1224 1397 1350 1436 forma
1370 1397 1539 1435 maxime
1559 1395 1734 1434 excellat.
1795 1396 1845 1433 In

438 1465 597 1519 picturis
632 1465 723 1503 alios
757 1464 925 1510 horrida,
957 1465 1116 1510 inculta,
1161 1464 1304 1510 abdita,
1339 1474 1376 1502 et
1407 1477 1549 1517 opaca,
1581 1461 1714 1501 contra
1744 1461 1839 1515 alios

439 1532 574 1576 nitida,
609 1532 708 1576 laeta,
741 1531 958 1569 collustrata
986 1532 1187 1570 delectant.
1249 1531 1357 1582 Qid
1377 1531 1442 1576 est,
1477 1544 1555 1582 quo
1575 1529 1845 1582 praescriptum

438 1598 609 1651 aliquod,
640 1607 705 1635 aut
734 1596 946 1635 formulam
980 1598 1186 1650 exprimas,
1216 1611 1310 1635 cum
1339 1598 1379 1634 in
1410 1597 1477 1634 suo
1503 1595 1683 1647 quodque
1703 1607 1843 1647 genere

438 1665 598 1718 praestat,
633 1674 671 1702 et
697 1677 836 1717 genera
865 1664 975 1717 plura
1008 1664 1107 1702 sint?
1140 1665 1226 1702 Hac
1258 1677 1328 1715 ego
1363 1663 1547 1715 religione
1578 1675 1655 1699 non
1677 1661 1760 1699 sum
1791 1661 1839 1700 ab

437 1731 513 1769 hoc
534 1739 674 1769 conatu
705 1730 872 1782 repulsus
887 1749 899 1775 ;
931 1729 1233 1781 existimavique,
1266 1730 1306 1767 in
1337 1729 1516 1767 omnibus
1544 1727 1656 1765 rebus
1677 1727 1747 1765 effe
1766 1727 1839 1764 ali-

437 1798 532 1850 quid
551 1798 763 1851 optimum,
794 1797 911 1834 etiam
931 1797 957 1834 fi
978 1797 1136 1842 lateret5
1169 1795 1284 1848 idque
1305 1795 1351 1834 ab
1383 1809 1427 1833 eo
1452 1794 1566 1848 poffe,
1598 1793 1665 1846 qui
1685 1794 1764 1845 ejus
1786 1793 1844 1832 rei

436 1877 574 1917 gnarus
595 1862 697 1907 effet,
713 1862 890 1914 judicari.

493 1929 564 1967 Sed
598 1929 783 1981 quoniam
817 1928 926 1981 plura
959 1927 1045 1966 sunt
1083 1928 1302 1967 orationum
1336 1941 1486 1981 genera,
1531 1940 1648 1979 eaque
1680 1925 1838 1970 diversa,

436 2007 560 2047 neque
586 1995 625 2032 in
661 2007 779 2031 unam
808 1993 975 2032 formam
1007 1995 1149 2032 cadunt
1182 1995 1341 2039 omnia,
1386 1993 1667 2036 laudationum,
1699 1990 1836 2028 suafio-

436 2074 545 2105 num,
576 2069 613 2098 et
644 2058 903 2105 historiarum,
938 2069 976 2098 et
1009 2061 1147 2098 talium
1179 2060 1446 2112 scriptionum,
1479 2057 1633 2110 qualem
1654 2056 1838 2094 Isocrates

435 2126 528 2164 fecit
560 2127 856 2178 Panegyricum,
886 2126 1080 2178 multique
1111 2126 1189 2171 alii,
1222 2126 1289 2178 qui
1320 2125 1406 2163 sunt
1437 2124 1627 2162 nominati
1647 2122 1836 2176 sophistae,

436 2192 746 2245 reliquarumque
777 2206 920 2237 rerum,
951 2206 1036 2244 quae
1056 2192 1192 2229 absunt
1211 2192 1257 2230 ab
1277 2191 1413 2230 forenfi
1441 2189 1702 2235 contentione,
1735 2189 1836 2241 ejus-

435 2271 511 2311 que
547 2258 665 2296 totius
699 2259 863 2310 generis,
893 2258 997 2310 quod
1032 2259 1167 2295 Graece
1200 2256 1408 2297 ἐπιδῖεικτικόν
1437 2256 1671 2300 nominatur,
1715 2255 1834 2308 quod,

434 2323 537 2376 quafi
555 2322 600 2361 ad
620 2322 916 2375 inspiciendum,
949 2323 1206 2361 delectationis
1228 2322 1348 2367 causa,
1371 2331 1635 2374 comparatum
1655 2321 1722 2366 est,
1753 2320 1834 2359 for-

435 2403 540 2428 mam
562 2403 639 2427 non
659 2389 891 2442 comple&ar
911 2388 986 2427 hoc
1008 2399 1202 2442 tempore:
1240 2402 1317 2426 non
1339 2402 1416 2440 quo
1436 2388 1663 2441 negligenda
1683 2387 1750 2432 fit;
1782 2387 1834 2425 est

434 2457 539 2494 enim
573 2456 640 2493 illa
670 2456 772 2508 quali
793 2456 923 2494 nutrix
955 2457 1034 2508 ejus
1068 2456 1241 2500 oratoris,
1272 2468 1391 2507 quem
1409 2454 1617 2495 informare
1637 2454 1834 2499 volumus,

432 2531 472 2561 et
491 2522 536 2560 de
558 2535 634 2575 quo
654 2521 841 2561 molimur
861 2522 1007 2577 aliquid
1027 2522 1251 2576 exquisitius
1269 2521 1406 2562 dicere.
