2176 2912
403 183 480 223 540
833 165 1077 207 ORAT.
1135 164 1372 205 PART.

400 261 582 307 honestis,
605 260 781 314 turpibus
798 280 810 306 3
841 274 960 313 quani
992 260 1113 313 potest
1133 259 1272 298 habere
1293 267 1439 304 orator,
1463 257 1540 297 fine
1571 256 1647 296 illis
1680 257 1810 296 maxi-

403 343 556 369 marum
579 342 704 365 rerum
726 328 885 372 artibus,
922 326 1160 372 facultatem,
1181 336 1245 364 aut
1266 326 1447 379 copiam?
1486 325 1615 375 Qare
1633 322 1715 362 haec
1735 324 1811 362 tibi

404 397 489 441 snit,
513 396 569 433 mi
592 395 743 439 Cicero,
770 409 854 446 quae
875 393 1045 447 exposui,
1075 394 1177 446 quasi
1198 393 1340 431 indicia
1360 392 1531 431 fontium
1553 391 1727 435 illorum,
1763 390 1811 428 ad

405 476 502 516 quos
523 462 547 499 s1
570 461 681 500 nobis
702 460 844 498 eisdem
865 461 1044 505 ducibus,
1069 460 1210 504 aliisve,
1227 460 1457 512 perveneris,
1477 467 1563 496 tum
1583 467 1621 495 et
1635 456 1716 495 haec
1733 455 1815 509 ipsa

406 531 561 574 melius,
584 538 622 567 et
644 529 771 566 multo
792 529 935 580 majora
955 528 1026 565 alia
1045 527 1263 579 cognosces.
1324 528 1498 565 F1L1us.
1531 525 1618 577 Ego
1634 537 1737 568 vero,
1767 535 1811 560 ac
1850 538 1854 539 ⁷

407 610 548 649 magno
569 596 727 648 quidem
747 595 884 639 studio,
908 595 964 632 mi
984 604 1089 646 pater
1101 612 1114 638 ;
1137 593 1347 645 multisque
1367 606 1412 631 ex
1433 591 1509 631 tuis
1522 589 1818 644 praeclariffimis

407 664 636 703 muneribus
657 661 812 700 nullum
832 661 955 712 majus
976 662 1150 713 expecto.

1063 1022 1170 1057 DE

551 1183 1046 1232 OPTIMO
1171 1180 1672 1227 GENERE

672 1352 1561 1403 ORATORUM.

416 1534 448 1572 Ι,
613 1525 862 1563 RATORU
876 1525 925 1562 M
945 1537 1082 1576 genera
1101 1523 1172 1562 effe
1188 1524 1385 1567 dicuntur,
1403 1530 1585 1574 tanquam
1602 1528 1829 1574 poetarum-s

475 1528 608 1655 O
641 1591 686 1629 Id
706 1591 808 1629 secus
841 1590 906 1629 est.
953 1591 1060 1628 Nam
1079 1591 1243 1628 alterum
1271 1590 1323 1627 est
1344 1588 1565 1640 multiplex.
1625 1587 1822 1625 Poematis

647 1657 751 1695 enim
770 1657 917 1709 tragici,
936 1656 1093 1701 comici,
1110 1657 1224 1708 epici,
1246 1656 1377 1694 melici
1393 1654 1529 1699 etiam,
1541 1668 1582 1692 ac
1601 1652 1821 1704 dithyram-

417 1726 511 1771 bici,
529 1725 635 1778 quod
655 1724 777 1776 magis
798 1723 850 1760 est
871 1724 1073 1761 tractatum
1094 1736 1113 1760 a
1130 1723 1293 1766 Latinis,
1309 1721 1421 1759 suum
1441 1720 1604 1773 quodvis
1621 1719 1674 1757 est
1693 1719 1820 1757 diver-

417 1793 504 1831 sum
520 1807 540 1830 a
556 1791 726 1843 reliquiS.
750 1791 884 1842 Itaque
904 1799 941 1827 et
957 1790 997 1827 in
1019 1789 1202 1842 tragoedia
1221 1789 1420 1827 comicum
1437 1787 1620 1826 vitiosum
1640 1786 1705 1832 est,
1723 1795 1761 1824 et
1780 1785 1822 1824 in

418 1858 612 1897 comoedia
631 1866 741 1909 turpe
763 1856 977 1909 t1·agicum;
1015 1865 1052 1894 et
1072 1856 1112 1893 in
1133 1856 1277 1894 caeteris
1298 1855 1385 1893 suus
1416 1853 1469 1892 est
1489 1852 1674 1906 cujusque
1694 1861 1822 1891 certus

419 1924 546 1969 sonus,
565 1933 602 1961 et
623 1923 799 1975 quaedam
820 1922 1127 1975 intelligentibus
1149 1931 1238 1960 nota
1266 1935 1353 1960 vox.
1407 1921 1619 1958 Oratorum
1645 1928 1774 1957 autem
1794 1917 1822 1956 fi

420 1991 506 2043 quis
538 1992 591 2028 ita
610 1998 786 2029 numerat
805 1989 914 2042 plura
934 2002 1084 2041 genera,
1119 1998 1160 2026 ut
1181 1988 1273 2026 alios
1294 1987 1467 2040 grandes,
1498 1995 1562 2023 aut
1581 1998 1726 2037 graves,
1757 1993 1823 2021 aut

420 2057 592 2109 copiosos
610 2075 622 2101 ς
654 2056 746 2094 alios
768 2065 914 2101 tenues,
948 2064 1013 2093 aut
1033 2055 1205 2100 subtiles,
1238 2063 1302 2093 aut
1324 2054 1452 2092 breves
1472 2070 1483 2097 ;
1514 2052 1606 2089 alios
1627 2051 1680 2089 eis
1701 2051 1822 2088 inter-

415 2124 552 2174 jectos,
586 2132 624 2160 et
645 2131 828 2174 tanquam
849 2122 998 2160 medios
1024 2130 1133 2174 putet
1149 2141 1161 2166 5
1193 2121 1240 2159 de
1270 2119 1497 2158 hominibus
1529 2118 1630 2155 dicet
1660 2117 1822 2169 aliquid,

421 2189 468 2227 de
488 2203 527 2227 re
546 2202 696 2241 parum.
756 2190 802 2226 In
820 2202 857 2225 re
878 2188 998 2232 enim,
1026 2188 1131 2239 quod
1151 2187 1348 2239 optimum
1368 2185 1425 2230 fit,
1448 2184 1630 2237 quaeritur
1647 2202 1657 2228 ;
1689 2183 1728 2220 in
1748 2182 1823 2221 ho-

422 2255 528 2294 mine
548 2255 703 2299 dicitur,
724 2254 830 2306 quod
849 2254 914 2292 est.
948 2255 1081 2306 Itaque
1101 2254 1190 2291 licet
1209 2253 1335 2291 dicere
1353 2261 1391 2290 et
1411 2251 1602 2295 Ennium,
1623 2250 1825 2289 summum

423 2322 578 2374 epicum
598 2330 766 2374 poetam,
799 2320 825 2358 fi
845 2320 909 2358 cui
941 2320 995 2357 ita
1013 2320 1185 2364 videtum
1218 2328 1254 2358 et
1283 2318 1509 2363 Pacuvium,
1532 2317 1753 2370 tragicum5
1785 2324 1826 2354 et

425 2388 631 2426 Caecilium
650 2386 812 2431 fortaffe,
834 2387 1046 2425 comicum.

480 2456 686 2493 Oratorem
705 2467 842 2506 genere
862 2467 939 2492 non
960 2453 1103 2491 divido.
1148 2451 1367 2491 Perfectum
1385 2451 1491 2490 enim
1513 2464 1654 2504 quaero.
1687 2450 1826 2487 Unum

425 2520 478 2561 est
495 2529 623 2560 autem
642 2534 764 2575 genus
782 2519 954 2575 perfecti,
975 2533 995 2558 a
1021 2534 1099 2572 quo
1119 2520 1187 2572 qui
1203 2519 1352 2563 absunt,
1374 2532 1452 2558 non
1470 2530 1605 2570 genere
1623 2514 1822 2559 differunt,
