2176 2912
471 234 553 275 474
909 222 1439 262 ORATOR.

471 314 582 353 laude
605 313 775 352 diximus
792 332 804 359 ;
835 324 900 354 aut
920 316 959 354 in
981 316 1110 354 senatu
1131 316 1176 354 de
1196 316 1394 354 consulatu
1415 330 1502 355 meo
1520 330 1529 355 ε
1562 324 1628 355 aut
1646 316 1871 369 exponenda

469 381 648 426 narratio,
663 395 748 433 quae
767 381 853 434 plus
875 382 1072 435 dignitatis
1093 383 1287 428 desiderat,
1305 397 1423 435 quam
1444 383 1600 428 doloris,
1616 392 1659 422 ut
1677 383 1719 421 in
1735 391 1873 436 quarto

470 447 736 486 Accusationis
768 448 814 485 de
836 449 1003 487 Ennenfi
1035 451 1188 494 Cerere,
1218 449 1265 487 de
1293 449 1489 501 Segestana
1508 451 1647 495 Diana,
1682 449 1729 487 de
1759 452 1872 501 Syra-

467 513 644 551 cusarum
667 513 737 551 situ
755 513 940 553 diximus.
1001 516 1103 567 Saepe
1123 515 1240 552 etiam
1261 515 1300 552 in
1322 515 1592 568 amplificanda
1617 529 1671 560 re,
1693 515 1871 554 concessu
1908 565 1912 566 ⁷

467 580 648 617 omnium
670 579 846 618 funditur
866 580 1065 618 numerose
1086 590 1123 618 et
1143 580 1366 618 volubiliter
1385 581 1520 618 oratio.
1567 581 1611 619 Id
1630 594 1698 619 nos
1720 580 1870 619 fortasse

467 658 545 684 non
566 645 813 698 perfecimus,
836 647 962 685 conati
984 646 1144 698 quidem
1161 645 1357 698 saepiffime
1377 646 1533 691 sumus,
1566 647 1671 698 quod
1690 646 1869 699 plurImis

465 711 563 754 locis
597 713 854 764 perorationes
885 712 1017 750 nostrae
1038 711 1196 749 voluisse
1216 725 1300 756 nor„
1331 721 1445 764 atque
1475 713 1607 750 animo
1638 712 1872 751 contendisse

467 777 672 816 declarant.
732 779 777 816 Id
798 789 927 817 autem
960 789 1046 816 tum
1077 779 1190 823 valet,
1213 792 1306 816 cum
1327 779 1373 824 is,
1409 779 1478 831 qui
1497 778 1618 824 audit,
1651 779 1698 818 ab
1723 787 1870 818 oratore

458 844 542 896 jam
563 843 726 882 obsessus
748 845 814 890 est,
849 859 892 883 ac
912 854 1077 884 tenetur.
1137 846 1232 883 Non
1253 845 1358 884 enim
1378 845 1418 883 id
1439 846 1532 898 agit,
1551 854 1595 883 ut
1615 845 1812 884 insidietur
1831 854 1871 884 et

464 910 638 949 observet
652 930 664 956 3
697 911 759 948 sed
772 912 856 963 jam
876 911 992 957 favet,
1015 911 1308 964 processumque
1328 912 1426 957 vult,
1450 911 1680 964 dicendique
1699 913 1781 951 vim
1800 911 1870 950 ad-

464 977 621 1022 mirans,
645 991 721 1015 non
742 978 905 1030 inquirit
926 979 1032 1029 quod
1054 977 1321 1031 reprehendat.

523 1044 623 1082 Haec
656 1052 785 1081 autem
818 1042 943 1082 forma
972 1044 1167 1081 retinenda
1198 1058 1276 1082 non
1314 1044 1381 1082 diu
1409 1043 1475 1088 est,
1507 1057 1576 1082 nec
1597 1043 1685 1082 dico
1711 1044 1751 1082 in
1777 1057 1868 1097 per-

462 1111 646 1155 oratione,
687 1124 803 1162 quam
836 1109 914 1162 ipse
945 1110 1125 1155 includit,
1166 1110 1229 1147 sed
1259 1111 1299 1148 in
1341 1111 1523 1148 orationis
1556 1110 1713 1162 reliquis
1745 1111 1868 1164 parti-

462 1175 548 1215 bus.
594 1177 700 1215 Nam
732 1189 824 1214 curn
846 1176 890 1213 fis
925 1175 985 1214 his
1006 1176 1101 1214 locis
1122 1175 1223 1221 usus,
1244 1176 1385 1228 quibus
1420 1176 1566 1214 ostendi
1585 1176 1713 1221 licere,
1745 1175 1866 1214 trans-

461 1241 614 1281 ferenda
647 1251 727 1281 tota
760 1242 881 1280 dictio
911 1242 963 1280 est
992 1242 1039 1280 ad
1070 1243 1149 1288 illa,
1191 1256 1277 1294 quae
1312 1242 1439 1281 nescio
1471 1257 1554 1288 cur,
1598 1256 1691 1281 cum
1721 1243 1866 1288 Graeci,

459 1305 623 1358 κόμματα
652 1318 690 1347 et
719 1305 821 1346 κῶλοι
854 1309 1071 1354 nominent,
1111 1323 1179 1348 nos
1216 1323 1294 1347 non
1328 1310 1428 1347 rene
1460 1309 1577 1347 incisa
1614 1318 1652 1347 et
1690 1309 1867 1348 membra

459 1370 647 1411 dicamus.
693 1371 835 1423 Neque
854 1371 961 1409 enirn
992 1370 1063 1410 effe
1097 1370 1263 1424 possunt,
1295 1371 1407 1409 rebus
1428 1371 1586 1424 ignotis,
1617 1380 1707 1409 nota
1732 1370 1866 1410 nomi-

459 1451 533 1482 na3
570 1438 631 1477 sed
665 1452 758 1477 cum
791 1438 903 1477 verba
937 1447 1003 1476 aut
1030 1437 1225 1476 suavitatis
1257 1447 1322 1476 aut
1354 1437 1494 1491 inopiae
1524 1437 1632 1476 causa
1664 1436 1867 1476 transferre

458 1503 660 1550 soleamus,
692 1504 732 1542 in
766 1504 948 1542 omnibus
982 1491 1058 1542 hoc'
1092 1502 1136 1541 fit
1166 1503 1325 1549 artibus,
1367 1513 1425 1548 ut,
1467 1516 1559 1541 cum
1594 1503 1633 1541 id
1666 1504 1866 1556 appellan-

457 1571 554 1608 dum
593 1570 650 1615 fit,
697 1570 802 1622 quod
839 1579 995 1622 propter
1025 1583 1153 1607 rerum
1184 1570 1467 1621 ignorationem
1497 1569 1666 1622 ipsarum
1706 1570 1864 1607 nullum

458 1636 635 1676 habuerit
656 1646 741 1675 ante
761 1650 919 1681 nomen,
948 1635 1139 1674 neceffitas
1159 1644 1270 1688 cogat
1291 1644 1355 1674 aut
1374 1649 1520 1674 novum
1540 1634 1662 1674 facere
1681 1636 1860 1681 verbum,

457 1713 523 1742 aut
543 1717 563 1742 a
583 1703 699 1742 simili
719 1703 902 1741 mutuari.

513 1771 664 1809 LXIII.
698 1771 791 1821 Qo
811 1778 941 1808 autern
976 1770 1086 1822 pacoro
1118 1769 1246 1807 deceat
1276 1768 1406 1813 incise,
1439 1767 1737 1806 membratimve
1768 1767 1864 1814 dici,

450 1839 533 1890 jam
553 1836 797 1874 videbimus:
831 1849 948 1879 nune,
982 1845 1076 1887 quot
1097 1835 1222 1873 modis
1254 1844 1455 1873 mutentur
1486 1832 1860 1887 comprehensiones,

455 1902 806 1954 conclusionesque,
829 1901 1038 1939 dicendum
1059 1900 1123 1939 est.
1162 1901 1271 1939 Fluit
1290 1901 1450 1939 omnino
1477 1913 1660 1938 numerus
1681 1913 1701 1938 a
1729 1899 1859 1953 primo

456 1980 541 2007 tum
563 1969 772 2013 incitatius,
805 1968 987 2006 brevitate
1007 1968 1167 2020 pedum,
1195 1977 1280 2005 tum
1301 1967 1525 2020 proceritate
1547 1966 1704 2004 tardius.
1754 1966 1860 2003 Cur-

455 2035 539 2073 sum
560 2035 824 2074 contentiones
846 2035 968 2087 magis
989 2035 1189 2085 requirunt
1204 2052 1215 2078 ;
1248 2033 1499 2086 expositiones
1526 2045 1669 2076 rerum,
1702 2031 1860 2069 tardita-

454 2112 548 2139 tem.
588 2101 727 2139 Infistit
747 2110 874 2138 autem
895 2100 1062 2137 ambitus
1085 2099 1210 2137 modis
1232 2098 1421 2151 pluribus,
1453 2111 1473 2134 e
1500 2097 1642 2150 quibus
1662 2110 1785 2134 unum
1807 2096 1861 2135 est

455 2167 581 2205 secuta
602 2167 689 2204 Asia
715 2167 898 2211 maxime,
933 2165 1002 2217 qui
1023 2164 1227 2202 dichoreus
1261 2174 1431 2208 vocatur,
1463 2177 1556 2201 cum
1587 2163 1663 2201 duo
1694 2163 1860 2202 extremi
1919 2212 1922 2215 Ι

454 2232 584 2271 chorei
606 2232 705 2276 sunt,
728 2231 766 2269 id
787 2231 854 2276 est,
885 2244 904 2267 e
925 2230 1082 2282 singulis
1102 2230 1243 2282 longis,
1265 2239 1302 2267 et
1322 2229 1515 2268 brevibus.
1558 2228 1860 2282 Explanandum

454 2299 505 2336 est
526 2298 645 2342 enim,
668 2296 774 2348 quod
793 2296 839 2333 ab
860 2296 943 2334 aliis
964 2295 1081 2333 iidem
1103 2295 1217 2348 pedes
1238 2295 1320 2333 aliis
1341 2295 1591 2333 nominantur
1611 2294 1823 2334 vocabulis.

510 2362 728 2402 Dichoreus
759 2376 837 2400 non
868 2361 920 2399 est
952 2361 1016 2399 ille
1048 2361 1207 2413 quidem
1241 2360 1303 2398 sua
1333 2361 1465 2414 sponte
1491 2360 1646 2399 vitiosus
1678 2360 1719 2398 in
1745 2359 1855 2398 clau-

454 2430 559 2474 sulis,
590 2429 651 2467 sed
684 2429 723 2466 in
755 2428 934 2467 orationis
967 2441 1128 2465 numero
1156 2426 1255 2465 nihil
1276 2427 1328 2465 est
1348 2436 1427 2465 tam
1453 2426 1650 2472 vitiosum,
1681 2439 1800 2478 quam
1828 2425 1854 2464 fi

454 2497 602 2550 semper
634 2495 687 2534 est
719 2494 839 2534 idem.
899 2494 1013 2533 Cadit
1033 2503 1162 2533 autem
1190 2507 1255 2547 per
1275 2493 1310 2532 se
1344 2493 1410 2532 ille
1445 2493 1523 2547 ipse
1555 2491 1746 2546 praeclare,
1775 2504 1857 2546 quo
