2176 2912
416 181 493 221 330
770 167 885 207 DE
963 168 1469 209 ORATORE

413 261 523 299 Nam
555 268 592 298 et
626 261 838 314 geminatio
880 262 1088 301 verborum
1121 262 1236 301 habet
1276 263 1472 301 interdum
1503 261 1598 307 vim,
1642 261 1814 315 leporem

411 327 501 365 alias
517 345 529 372 3
561 337 599 365 et
619 328 778 380 paulum
798 328 1054 367 immutatum
1074 330 1249 374 verbum,
1270 339 1384 382 atque
1403 329 1595 367 deflexum
1611 347 1623 374 ς
1655 339 1693 367 et
1712 331 1812 382 ejus-

412 393 501 431 dem
521 394 625 431 verbi
646 395 774 432 crebra
795 404 879 432 tum
900 408 920 432 a
940 395 1065 448 primo
1086 396 1276 448 repetitio,
1310 405 1396 434 tum
1416 396 1456 434 in
1477 405 1697 434 extremum
1716 409 1812 435 con-

411 459 557 504 versio3
594 470 631 498 et
662 460 702 498 in
723 460 853 498 eadem
873 461 987 498 verba
1017 462 1199 513 impetus,
1230 471 1268 499 et
1298 461 1508 506 concurfio,
1538 470 1577 499 et
1602 461 1810 513 adjundtio,

409 532 448 561 et
467 525 672 577 progreffio
687 543 699 569 3
722 534 761 563 et
779 524 948 577 ejusdem
968 526 1073 563 verbi
1088 527 1257 564 crebrius
1273 527 1384 579 positi
1400 526 1575 578 quaedam
1591 526 1781 565 distinetio
1797 545 1808 572 ;

410 598 449 628 et
470 591 658 628 revocatio
677 591 807 635 verbi3
830 600 866 628 et
886 591 965 636 illa,
985 605 1068 642 quae
1086 591 1259 628 fimiliter
1279 591 1466 636 desinunt,
1488 601 1553 629 aut
1569 605 1654 643 quae
1669 592 1811 630 cadunt

410 655 598 701 fimiliter,
622 666 687 694 aut
706 670 791 708 quae
807 656 960 708 paribus
982 657 1083 708 paria
1103 655 1331 701 referuntur,
1363 666 1427 694 aut
1448 671 1531 708 quae
1552 657 1639 694 sunt
1657 658 1757 696 inter
1776 657 1812 696 se

409 720 560 759 fimilia.
606 721 674 758 Est
693 721 808 758 etiam
829 720 1000 772 gradatio
1020 721 1209 772 quasdam,
1240 730 1277 758 et
1303 721 1510 766 converfiO,
1545 730 1583 759 et
1602 722 1809 760 verborum

406 787 597 824 concinna
614 785 871 838 transgreffio;
893 795 931 823 et
950 787 1201 831 contrarium,
1222 796 1259 824 et
1275 787 1512 832 diffolutum,
1534 797 1572 825 et
1586 787 1807 833 declinatio,

404 861 444 890 et
461 851 711 905 reprehensio,
743 861 781 890 et
813 852 1054 897 exclamatio,
1088 862 1125 891 et
1157 853 1398 898 imminutio,
1430 863 1468 891 et
1487 853 1592 905 quod
1611 854 1652 891 in
1671 853 1808 893 multis

403 917 550 956 casibus
570 918 738 971 ponitur,
770 926 807 955 et
827 917 932 970 quod
953 918 998 955 de
1018 918 1173 970 singulis
1195 918 1306 957 rebus
1326 919 1526 972 propofitis
1557 918 1719 957 ductum
1745 932 1806 957 re-

403 981 527 1022 fertur
546 985 592 1022 ad
612 984 771 1037 singula,
792 993 830 1021 et
852 984 898 1021 ad
917 984 1156 1036 propositum
1177 984 1341 1037 subjecta
1355 985 1463 1030 ratio,
1485 993 1523 1022 et
1542 985 1639 1023 item
1665 985 1706 1023 in
1726 984 1805 1023 dis-

404 1050 561 1088 tributis
593 1050 782 1102 suppofita
805 1051 914 1095 ratio,
949 1059 986 1088 et
1006 1051 1210 1103 permiffio,
1241 1061 1279 1089 et
1314 1052 1464 1090 rursum
1494 1051 1566 1089 alia
1598 1051 1803 1097 dubitatio,

400 1123 440 1153 et
470 1115 723 1168 improvisum
757 1116 956 1168 quiddam,
988 1126 1024 1154 et
1056 1116 1325 1162 dinumeratio,
1368 1126 1406 1155 et
1440 1116 1512 1154 alia
1537 1117 1733 1162 correctio,
1766 1125 1805 1154 et

400 1181 623 1234 disputatio,
654 1192 692 1220 et
712 1183 816 1235 quod
836 1183 1122 1227 continuatum,
1154 1192 1191 1221 et
1220 1183 1495 1236 interruptum,
1526 1191 1563 1221 et
1592 1183 1736 1235 imago,
1766 1191 1805 1221 et

400 1247 472 1285 fibi
492 1248 559 1301 ipsi
580 1249 783 1302 responfio,
813 1259 849 1287 et
868 1249 1105 1294 immutatio,
1137 1259 1175 1287 et
1195 1249 1414 1302 disjunctio,
1445 1258 1483 1287 et
1503 1249 1610 1295 ordo,
1640 1258 1678 1287 et
1704 1249 1802 1288 rela-

400 1314 470 1358 tio,
492 1323 530 1352 et
550 1314 738 1367 digreffio,
771 1324 808 1353 et
828 1314 1146 1368 circumscriptio.
1206 1316 1304 1354 Haec
1332 1316 1437 1355 enim
1457 1315 1545 1354 sunt
1564 1314 1656 1360 fere,
1687 1324 1802 1368 atque

399 1377 541 1418 horum
559 1380 709 1425 fimilia,
732 1381 789 1418 vel
809 1381 918 1433 plura
937 1381 1053 1419 etiam
1072 1381 1141 1420 effe
1156 1381 1322 1435 poffunt,
1341 1396 1425 1435 quae
1445 1382 1640 1421 sententiis
1657 1381 1799 1420 oratio-

398 1459 505 1490 nem,
526 1447 809 1499 verborumque
828 1446 1202 1486 conformationibus
1223 1448 1462 1487 illuminent.

451 1511 541 1549 LV.
575 1513 672 1562 Qae
703 1512 863 1563 quidem
884 1521 933 1556 te,
966 1512 1104 1556 Crasse,
1126 1513 1251 1557 video,
1284 1514 1413 1565 inquit
1434 1515 1562 1557 Cotta,
1584 1512 1688 1565 quod
1708 1521 1799 1550 nota

395 1577 468 1615 efi‘e
487 1578 598 1615 nobis
630 1587 754 1630 puteS,
786 1578 862 1615 fine
894 1577 1198 1623 definitionibus,
1230 1588 1269 1616 et
1288 1579 1363 1617 fine
1393 1579 1580 1631 exemplis
1611 1578 1794 1617 effudisse.

395 1643 483 1696 Ego
503 1656 604 1688 vero,
635 1644 763 1695 inquit
785 1643 947 1688 Crassus,
970 1657 1017 1681 ne
1038 1644 1102 1681 illa
1122 1644 1295 1696 quidem,
1327 1659 1412 1697 quae
1443 1645 1552 1697 supra
1571 1645 1665 1690 dixi,
1699 1658 1797 1682 nova

395 1710 504 1746 vobis
524 1709 594 1746 effe
613 1709 832 1753 arbitrabar,
864 1709 925 1747 sed
944 1710 1132 1747 voluntati
1153 1710 1317 1749 vestrum
1348 1711 1528 1749 omnium
1549 1711 1670 1763 parui.
1717 1711 1794 1748 His

393 1783 523 1812 autem
543 1775 589 1812 de
610 1775 721 1812 rebus
743 1774 794 1812 sol
815 1788 877 1812 me
898 1775 962 1813 ille
983 1775 1197 1820 admonuit,
1222 1786 1263 1814 ut
1285 1777 1432 1814 brevior
1452 1776 1579 1820 essem,
1603 1777 1684 1827 qui,
1716 1775 1794 1828 ipse

387 1840 470 1891 jam
490 1840 742 1892 praecipstms,
766 1854 826 1877 me
848 1854 1001 1892 quoque
1022 1840 1102 1878 haxc
1129 1841 1368 1894 praecipitem
1388 1855 1483 1894 pene
1513 1841 1683 1879 evolvere
1703 1854 1792 1880 coe-

393 1905 463 1956 git.
489 1906 559 1943 Sed
581 1915 708 1943 tamen
730 1905 843 1957 hujus
877 1907 1025 1959 generis
1046 1907 1318 1945 demonstratio
1344 1908 1410 1952 est,
1445 1917 1482 1946 et
1502 1907 1671 1946 doetrina
1699 1907 1791 1960 ipsa,

392 1972 582 2023 vulgaris;
616 1972 700 2010 usus
733 1983 861 2011 autem
883 1973 1133 2025 graviffimuS,
1155 1984 1192 2012 et
1221 1974 1261 2012 in
1282 1973 1356 2012 hoc
1388 1984 1470 2012 toto
1496 1973 1647 2012 dicendi
1666 1973 1791 2012 studio

388 2037 660 2077 difficillimus.

445 2105 728 2156 Qamobrem,
757 2107 940 2158 quoniam
961 2106 1007 2144 de
1026 2116 1161 2144 ornatu
1182 2106 1290 2145 omni
1322 2106 1516 2150 orationis,
1546 2106 1570 2143 s1
1594 2120 1670 2144 non
1701 2106 1787 2145 sunt

388 2183 523 2208 omnes
543 2170 734 2222 patefacti,
762 2181 797 2209 at
814 2181 914 2209 certe
931 2172 1234 2217 commonstrati,
1262 2173 1366 2217 loci,
1399 2186 1516 2217 nunc,
1539 2173 1631 2224 quid
1653 2182 1787 2225 aptum

388 2236 446 2280 fit,
469 2234 543 2273 hoc
564 2236 628 2280 est,
657 2236 750 2288 quid
772 2237 939 2274 maxime
961 2238 1089 2275 deceat
1109 2238 1148 2274 in
1170 2238 1351 2282 oratione,
1387 2238 1595 2276 videamus.
1647 2240 1784 2290 Qan-

387 2315 506 2354 quam
528 2302 567 2340 id
587 2302 746 2354 quidem
765 2303 1008 2355 perspicuum
1028 2303 1093 2348 est,
1130 2317 1206 2341 non
1227 2305 1334 2342 omni
1356 2304 1486 2349 causae,
1516 2318 1584 2343 nec
1606 2304 1782 2351 auditori,

388 2381 512 2420 neque
532 2367 709 2420 personae,
732 2382 854 2420 neque
886 2370 1064 2422 tempori,
1085 2383 1293 2421 congruere
1308 2371 1485 2409 orationis
1504 2384 1625 2409 unum
1646 2385 1782 2425 genus.

387 2433 495 2472 Nam
514 2441 551 2470 et
564 2432 680 2470 causa:
696 2433 830 2487 capitis
846 2434 963 2472 alium
977 2435 1168 2486 quendam
1190 2435 1394 2474 verborum
1416 2435 1549 2474 sonum
1568 2436 1781 2488 requirunt,

381 2498 506 2538 alium
526 2512 652 2538 rerum
672 2499 902 2552 privatarum
924 2510 1036 2554 atque
1056 2514 1279 2554 parvarum:
1312 2510 1347 2540 et
1368 2501 1469 2540 aliud
1491 2501 1641 2540 dicendi
1661 2514 1781 2556 genus
