2176 2912
452 208 529 265 388
795 212 927 252 DE
1041 213 1515 253 CLARIS

452 304 517 342 M.
540 299 780 351 Lucullum';
803 307 865 345 M.
891 307 1114 352 oetavium,
1137 307 1235 346 Cnei
1257 307 1399 352 filium,
1419 307 1487 360 qui
1508 314 1659 345 tantum
1679 306 1859 346 actorita-

453 380 491 408 te
525 372 766 424 dicendoque
796 374 929 418 valuit,
961 384 1004 412 ut
1037 374 1165 427 legem
1187 374 1452 427 Semproniam
1472 372 1762 412 frumentariam
1782 387 1855 428 po·-

453 437 536 489 puli
556 437 768 491 frequentis
789 439 974 492 suffragiis
994 441 1254 493 abrogaverit;
1279 442 1354 478 Cn.
1375 441 1597 485 octavium,
1620 441 1683 479 Μ.
1706 440 1854 485 filium;

453 504 518 542 M.
544 505 734 543 Catonem
755 515 929 558 patrem,
963 508 1153 559 Qetiam
1183 507 1368 544 Catulum
1389 506 1517 544 filium
1548 507 1783 545 abducamus
1810 519 1858 544 ex
1897 548 1901 549 ⁷

454 570 547 615 acie,
579 570 618 609 id
638 571 703 616 est,
736 585 756 608 a
784 572 956 623 judiciis,
987 582 1024 610 et
1044 573 1084 610 in
1114 572 1292 625 praefidiis
1313 572 1547 623 reipublicae,
1578 572 1641 610 cui
1665 571 1778 610 facile
1799 571 1855 610 sa-

452 634 627 674 tisfacere
646 637 798 689 poffint,
820 638 1070 675 collocemus.

509 703 661 740 Eodem
693 705 755 754 Q
770 703 994 755 Caepionem
1017 703 1196 741 referrem
1227 703 1295 741 nifi
1316 703 1433 741 nimis
1464 703 1626 755 equestri
1646 703 1769 742 ordini
1789 704 1856 741 de-

453 768 556 806 ditus
586 782 607 805 a
636 768 765 806 senatu
796 768 1008 806 diffedifl'et.
1061 770 1136 807 Cn.
1161 769 1395 813 Carbonem,
1428 768 1490 807 M.
1520 769 1711 814 Marium,
1741 778 1780 806 et
1810 782 1857 807 ex

451 834 587 871 eodem
607 847 743 886 genere
763 835 982 887 complures
1004 835 1169 873 minime
1189 835 1326 887 dignos
1353 835 1535 888 elegantis
1556 834 1767 873 conventus
1787 849 1856 873 au-

451 901 572 946 ribus,
603 901 814 953 aptiffimos
834 903 1000 953 cognovi
1034 901 1266 940 turbulentis
1297 901 1565 940 concionibus,
1614 903 1706 954 Qo
1726 903 1766 940 in
1785 915 1855 955 ge-

451 980 540 1005 nere
571 968 632 1019 (ut
661 968 700 1005 in
722 968 768 1005 iis
798 968 1023 1019 perturbem
1043 977 1198 1006 aetatum
1219 967 1412 1020 ordinem)
1444 982 1565 1020 nuper
1594 969 1642 1006 L.
1667 968 1856 1020 Qintius

450 1032 553 1077 fuit3
585 1033 709 1085 aptior
741 1042 871 1070 autem
904 1034 1021 1071 etiam
1042 1033 1244 1071 Palicanus
1276 1033 1430 1071 auribus
1452 1034 1739 1086 imperitorum.
1786 1034 1854 1078 Et,

452 1099 638 1151 quoniam
673 1098 789 1151 hujus
818 1101 966 1151 generis
987 1099 1085 1137 faeta
1112 1100 1259 1138 mentio
1282 1098 1348 1144 est,
1379 1099 1645 1137 seditiosorum
1675 1099 1857 1138 omnium

450 1165 534 1218 post
554 1163 766 1209 Gracchos,
789 1165 836 1203 L.
853 1165 1042 1218 Apuleius
1062 1165 1286 1202 Saturninus
1307 1164 1638 1216 eloquentiffimus
1658 1164 1756 1202 visus
1777 1164 1854 1210 est3

450 1232 573 1284 magis
590 1231 711 1283 specie
732 1240 860 1269 tamen
881 1240 918 1269 et
934 1241 1058 1276 motu,
1076 1241 1190 1283 atque
1210 1231 1291 1284 ipso
1307 1231 1451 1268 amictu
1466 1231 1639 1284 capiebat
1658 1230 1850 1276 homines,

450 1311 569 1350 quam
590 1306 654 1335 aut
674 1298 828 1336 dicendi
854 1299 977 1351 copia,
999 1307 1064 1336 aut
1084 1298 1348 1336 mediocritate
1366 1298 1592 1350 prudentiae.
1630 1299 1766 1351 Longe
1785 1312 1855 1336 au-

449 1373 531 1402 tem
551 1364 634 1416 post
654 1373 760 1402 natos
781 1363 959 1403 homines
980 1364 1285 1418 improbifiimus
1307 1366 1356 1404 C.
1379 1364 1558 1402 Servilius
1581 1364 1758 1410 Glaucia,
1791 1364 1854 1403 sed

449 1439 652 1482 peracutus
674 1440 711 1468 et
731 1430 907 1476 callidus,
940 1445 1032 1470 cum
1060 1431 1270 1484 primisque
1290 1431 1489 1468 ridiculus.
1542 1432 1593 1475 Is,
1624 1445 1670 1469 ex
1691 1431 1855 1469 summis

449 1506 489 1534 et
508 1496 672 1534 fortunae
691 1507 728 1534 et
748 1497 835 1534 vitae
855 1497 1027 1535 sordibus
1048 1498 1087 1535 in
1106 1499 1286 1542 Praetura,
1319 1497 1464 1535 Consul
1479 1496 1600 1534 faetus
1621 1497 1721 1542 estet,
1747 1497 1773 1534 fi
1794 1511 1853 1535 ra—

448 1564 598 1600 tionem
614 1563 693 1613 ejus
707 1562 835 1601 haberi
856 1563 968 1600 licere
982 1563 1202 1614 judicatum
1218 1563 1317 1600 efi'et.
1342 1563 1448 1600 Nam
1461 1572 1498 1599 et
1513 1563 1668 1614 plebem
1685 1564 1852 1607 tenebat,

447 1639 486 1666 et
498 1629 710 1681 equestrem
726 1628 901 1666 ordinem
918 1628 1106 1666 beneficio
1125 1628 1219 1680 legis
1236 1628 1468 1666 devinxerat.
1502 1629 1538 1665 Is
1556 1630 1698 1666 Prretor
1717 1629 1854 1667 eodem

449 1696 524 1741 die,
546 1709 623 1747 quo
644 1695 867 1732 Saturninus
890 1695 1066 1732 tribunus
1087 1694 1224 1746 plebis,
1242 1695 1372 1732 Mario
1388 1704 1426 1732 et
1444 1695 1584 1732 Flacco
1602 1695 1850 1740 Consulibus,

446 1761 606 1814 publice
626 1760 678 1798 est
698 1760 947 1804 interfectum
979 1759 1100 1798 homo
1128 1760 1347 1798 fimillimus
1378 1758 1621 1798 Atheniensis
1643 1761 1853 1812 Hyperbo-

448 1829 492 1872 li,
532 1828 642 1879 cujus
676 1827 965 1879 improbitatem
999 1837 1143 1864 veteres
1187 1827 1412 1865 Atticorum
1450 1827 1652 1865 comoediae
1694 1836 1851 1866 notave-

449 1903 554 1933 runt.
611 1933 614 1936 ,

507 1962 616 2012 Qos
639 1963 722 1998 Sex.
747 1961 878 1998 Titius
898 1961 1137 2005 consecutus,
1168 1959 1290 1998 homo
1320 1961 1461 2012 loquax
1482 1960 1566 1998 sane
1587 1969 1624 1997 et
1645 1959 1730 1997 satis
1759 1972 1850 1997 acu-

448 2034 523 2071 tus,
555 2027 616 2064 sed
638 2037 715 2064 tam
743 2027 887 2064 solutu-s
921 2036 959 2064 et
980 2027 1110 2065 mollis
1132 2027 1170 2064 in
1191 2027 1311 2078 gestu,
1344 2035 1386 2063 ut
1407 2025 1552 2063 saltatio
1572 2025 1746 2076 quaedam
1767 2025 1851 2062 nas-

447 2104 608 2137 ceretur,
644 2094 706 2130 cui
729 2093 915 2131 saltationi
937 2094 1068 2131 Titius
1090 2106 1230 2130 nomen
1251 2092 1351 2129 effet.
1396 2093 1453 2129 Ita
1473 2091 1686 2128 cavendum
1706 2091 1771 2135 cst,
1804 2105 1852 2129 ne

447 2158 543 2210 quid
563 2159 602 2195 in
624 2159 769 2210 agendo
789 2159 996 2196 dicendove
1017 2157 1144 2202 faciam,
1167 2158 1276 2209 cujus
1294 2157 1460 2194 imitatio
1482 2157 1659 2195 rideatur.

504 2224 654 2261 LXIII.
688 2224 758 2261 Sed
779 2224 823 2260 ad
845 2224 958 2276 paulo
978 2223 1210 2275 superiorem
1232 2231 1380 2260 {etatem
1403 2223 1540 2260 revecti
1562 2222 1716 2266 sumus3
1746 2236 1850 2262 nunc

447 2290 493 2327 ad
510 2303 608 2333 eam,
627 2289 673 2327 de
688 2303 762 2341 qua
777 2290 1019 2341 aliquantum
1036 2289 1166 2327 sumus
1183 2289 1317 2332 locuti,
1340 2297 1584 2326 revertamur.
1609 2290 1849 2340 Conjumftus

448 2356 567 2408 igitur
584 2356 744 2407 Sulpicii
766 2356 863 2393 aetati
886 2357 929 2393 P.
950 2355 1138 2393 Antistius
1160 2354 1248 2399 fuit,
1267 2354 1396 2392 rabula
1417 2355 1499 2392 sanc
1521 2355 1742 2407 probabili5‚
1766 2356 1848 2406 qui,

448 2422 594 2460 multos
613 2435 706 2459 cum
728 2421 896 2459 tacuiss‘et
917 2435 1049 2465 annos,
1083 2435 1205 2473 neque
1235 2421 1434 2458 contemni
1456 2421 1593 2465 solum,
1617 2420 1679 2458 sed
1703 2421 1849 2459 irrideri

446 2488 563 2525 etiam
595 2488 724 2525 solitus
745 2487 846 2531 effct,
880 2487 919 2524 in
951 2487 1148 2524 tribunatu
1179 2486 1351 2538 primum
1379 2495 1510 2524 contra
1541 2488 1589 2524 C.
1616 2486 1712 2536 Julii
1740 2486 1849 2525 illam

447 2553 665 2593 consulatus
699 2554 927 2606 petitionem
946 2553 1297 2598 extraordinariam,
1333 2566 1459 2591 veram
1479 2552 1628 2591 causam
1649 2564 1775 2604 agenS,
1797 2551 1850 2590 est
