2176 2912
391 257 467 298 150
745 246 858 284 DE
935 246 1441 286 ORATORE

389 337 565 375 audiendi
586 336 724 382 fuiffet,
756 352 846 383 non,
877 338 972 391 quid
1004 339 1068 376 ille
1086 339 1277 392 potuisset,
1308 339 1369 377 led
1390 339 1483 392 quid
1511 339 1572 377 isti
1592 339 1785 386 docerent,

388 403 459 440 effe
479 403 741 455 quaerendum.

446 471 549 522 Saepe
568 470 685 507 etiam
706 471 745 507 in
766 484 849 508 eam
870 479 1017 522 partem
1038 469 1229 509 ferebatur
1248 473 1429 515 oratione,
1461 480 1505 509 ut
1523 472 1686 510 omnino
1714 472 1789 510 dis-

391 544 552 587 putaret,
584 535 731 573 nullam
752 546 870 573 artem
899 536 970 573 effe
996 536 1160 574 dicendi.
1196 537 1318 589 quue
1346 536 1437 575 cum
1463 538 1698 589 argumentis
1719 538 1790 576 do-

392 611 532 645 cuerat,
569 601 673 653 quod
707 602 757 638 ita
778 601 855 638 nati
881 601 1054 645 essemus,
1086 612 1129 639 ut
1159 612 1196 640 et
1231 603 1395 641 blandiri
1426 603 1649 655 suppliciter
1679 604 1740 648 iis,
1772 617 1792 641 a
1835 594 1838 595 ⁷

392 667 534 718 quibus
566 667 653 704 effet
684 667 906 718 petendum,
944 676 981 703 et
1014 666 1237 705 adversarios
1272 668 1474 705 minaciter
1505 678 1641 706 terrere
1668 668 1792 721 poffe-

394 746 506 776 mus;
537 742 575 769 et
595 746 674 770 rem
697 732 838 783 gestam
860 745 1047 783 exponere
1060 750 1072 776 ς
1102 742 1141 769 et
1161 733 1214 776 id,
1237 733 1342 784 quod
1366 733 1665 778 intenderemus,
1696 747 1792 772 con-

393 797 567 841 firmare;
599 806 636 834 et
657 797 710 841 id,
729 797 833 848 quod
855 806 986 834 contra
1005 797 1208 842 diceretur,
1230 797 1424 842 refellere;
1455 807 1494 836 et
1512 798 1558 836 ad
1577 809 1795 837 extremum

394 863 585 915 deprecari
606 862 767 914 aliquid,
799 872 838 900 et
856 863 1066 914 conqueri3
1099 864 1239 916 quibus
1258 864 1298 902 in
1319 865 1431 902 rebus
1451 865 1580 902 omnis
1599 874 1795 902 oratorum

395 929 598 967 versaretur
618 927 802 966 facultas:
834 938 872 965 et
898 929 1002 980 quod
1022 929 1271 974 consuetudo,
1302 930 1601 982 exercitatioque
1621 940 1658 968 et
1679 931 1795 968 intel-

394 994 540 1046 ligendi
570 994 813 1046 prudentiam
847 1004 1011 1039 acueret,
1042 1004 1080 1033 et
1110 996 1316 1048 eloquendi
1336 997 1570 1034 celeritatem
1590 997 1794 1041 incitaret;

396 1069 483 1098 turn
502 1060 619 1098 etiam
639 1059 908 1112 exemplorum
941 1062 1051 1113 copia
1067 1062 1277 1100 nitebatur.
1338 1063 1444 1100 Nam
1472 1063 1659 1114 primum,
1691 1061 1794 1114 quasi

397 1126 525 1163 dedita
544 1126 671 1178 opera,
702 1126 899 1164 neminem
920 1126 1145 1179 scriptorem
1176 1129 1264 1165 artis
1286 1141 1332 1165 ne
1363 1128 1609 1165 mediocriter
1638 1127 1798 1180 quidem

397 1191 582 1229 disertum
616 1191 724 1230 fuiffe
755 1192 919 1236 dicebat,
958 1206 1050 1230 cum
1081 1203 1262 1244 repeteret
1292 1193 1409 1245 usque
1442 1207 1463 1230 a
1499 1194 1642 1230 Corace
1674 1193 1800 1230 nescio

398 1271 491 1309 quo,
514 1267 551 1294 et
571 1258 688 1302 Tifia,
720 1271 816 1310 quos
837 1258 925 1296 artis
946 1258 1051 1296 illius
1072 1259 1288 1296 inventores
1308 1268 1347 1296 et
1365 1259 1555 1311 principes
1575 1257 1684 1296 fuisse
1703 1272 1799 1296 con-

399 1323 535 1360 staret:
567 1323 895 1375 eloquentiffimos
927 1332 1057 1361 autem
1086 1322 1280 1368 homines,
1308 1325 1375 1376 qui
1395 1324 1462 1362 ista
1482 1337 1550 1361 nec
1571 1324 1800 1368 didiciffent,

400 1402 470 1427 nec
491 1389 653 1427 omnino
673 1389 775 1427 sciffe
794 1389 992 1434 curassent,
1020 1390 1320 1429 innumerabiles
1341 1390 1525 1443 quosdam
1545 1390 1795 1428 nominabat:

400 1455 439 1492 in
461 1455 601 1507 quibus
636 1456 752 1493 etiam
790 1456 880 1507 (five
901 1456 966 1494 ille
986 1456 1161 1502 irridens,
1192 1457 1265 1495 five
1286 1457 1389 1509 quod
1419 1458 1472 1495 ita
1494 1465 1657 1509 putaret,
1688 1465 1803 1507 atque

399 1521 453 1558 ita
472 1521 644 1572 audiffet)
677 1535 740 1559 me
760 1522 801 1559 in
821 1522 890 1559 illo
925 1536 1102 1566 numer0‚
1133 1524 1201 1574 qui
1221 1523 1287 1560 illa
1312 1537 1389 1560 non
1417 1522 1642 1566 didicissem,
1674 1531 1711 1559 et
1743 1531 1800 1559 ta·
1835 1510 1837 1513 ¹

401 1599 491 1623 men
525 1587 586 1636 (ut
614 1586 691 1638 ipse
726 1586 894 1638 dicebat)
932 1587 1076 1639 poffem
1107 1587 1254 1639 aliquid
1284 1589 1323 1625 in
1359 1587 1536 1631 dicendo,
1567 1586 1800 1639 proferebat.

403 1653 584 1702 Qorum
605 1665 676 1703 ego
698 1651 755 1689 illi
787 1652 950 1690 alterum
970 1651 1082 1690 facile
1108 1652 1341 1697 assentiebar,
1373 1653 1471 1691 nihil
1508 1667 1571 1691 me
1606 1652 1801 1698 didicifi‘e;

403 1717 443 1754 in
477 1717 594 1755 altero
614 1726 742 1755 autem
763 1731 827 1756 me
856 1718 969 1756 illudi
989 1718 1035 1755 ab
1068 1731 1125 1763 eo,
1158 1728 1222 1758 aut
1251 1719 1368 1757 etiam
1389 1719 1516 1771 ipsum
1537 1732 1671 1763 errare,
1702 1718 1805 1756 arbi-

403 1783 542 1821 trabas.

459 1851 597 1888 Artem
617 1862 704 1887 vero
724 1849 885 1902 negabat
905 1850 975 1887 effe
1004 1850 1139 1895 ullam,
1171 1850 1238 1888 n'ifi
1261 1865 1345 1902 quae
1365 1850 1547 1902 cognitis,
1578 1850 1806 1902 penitusque

406 1914 620 1967 perspectis,
638 1924 675 1952 et
695 1916 734 1952 in
756 1929 878 1954 unum
899 1916 1048 1953 exitum
1065 1916 1334 1968 spectantibus,
1353 1925 1390 1953 et
1411 1929 1612 1968 nunquam
1632 1915 1805 1954 fallenti-

406 1981 491 2024 bus,
524 1981 634 2017 rebus
655 1982 928 2019 contineretur.
963 1982 1060 2020 Haec
1081 1991 1209 2020 autem
1224 1983 1368 2027 omnia,
1387 1996 1471 2034 quae
1493 1984 1739 2020 tractarentur
1759 1982 1806 2019 ab

406 2047 632 2091 oratoribus,
663 2047 781 2085 dubia
800 2047 870 2085 effe
889 2057 926 2086 et
947 2048 1116 2085 incerta:
1149 2061 1241 2086 cum
1269 2057 1306 2085 et
1327 2048 1542 2085 dicerentur
1572 2047 1619 2084 ab
1647 2047 1707 2091 iis,
1739 2048 1806 2098 qui

407 2125 449 2149 ea
468 2113 600 2150 omnia
620 2127 696 2155 non
718 2114 830 2166 plane
861 2122 1045 2158 tenerent,
1077 2123 1115 2151 et
1142 2113 1363 2151 audirentur
1388 2113 1434 2150 ab
1464 2113 1526 2157 iis,
1557 2113 1699 2163 quibus
1732 2126 1809 2150 non

409 2178 563 2216 scicntia
583 2179 672 2217 esset
704 2179 896 2223 tradenda,
928 2179 989 2216 sed
1020 2179 1150 2232 exigui
1171 2179 1354 2232 temporis
1381 2187 1445 2217 aut
1476 2177 1577 2223 falsa,
1609 2188 1673 2216 aut
1706 2188 1808 2216 certe

409 2243 579 2289 obscura,
608 2245 756 2297 opinio.
1594 2280 1600 2286 .

465 2311 572 2361 Qid
593 2312 715 2350 multa
734 2313 746 2349 ?
779 2312 826 2349 sic
844 2310 946 2349 mihi
968 2321 1055 2349 tum
1070 2311 1289 2364 persuadere
1309 2311 1522 2356 videbatur,
1544 2324 1668 2363 neque
1689 2310 1810 2348 artifi-

410 2377 516 2414 cium
539 2378 664 2415 ullum
691 2377 761 2415 effe
781 2377 947 2422 dicendi,
979 2391 1103 2429 neque
1129 2391 1367 2430 quemquam
1397 2377 1511 2430 poffe,
1542 2378 1611 2415 nis1
1632 2378 1700 2429 qui
1731 2378 1811 2420 illa,

409 2455 494 2494 quae
526 2456 547 2480 a
565 2443 786 2481 doctissimis
808 2443 1034 2482 hominibus
1054 2445 1093 2482 in
1115 2443 1364 2496 Philosophia
1383 2444 1613 2488 dicerentur,
1648 2443 1811 2496 cognos-

411 2508 477 2553 set,
508 2518 572 2548 aut
603 2510 740 2548 callide
773 2519 838 2548 aut
868 2510 1020 2563 copiose
1051 2510 1192 2549 dicere.
1236 2511 1391 2562 Qibus
1424 2511 1549 2548 dicere
1576 2508 1811 2548 Charmadas

410 2575 565 2622 solebat,
595 2577 797 2630 ingenium
817 2586 945 2622 tuum,
977 2576 1116 2623 Craffe,
1147 2576 1392 2615 vehementer
1411 2577 1618 2622 admirans,
1649 2589 1714 2615 me
1739 2574 1811 2614 fibi
