2176 2912
727 169 1450 219 ORATORIBUS.
1714 181 1795 237 387

390 267 633 322 reprehendit
652 282 713 307 eas
744 283 815 315 res,
846 283 939 322 quas
960 268 1065 307 idem
1084 270 1209 308 'Caesar
1228 283 1329 309 anno
1347 271 1443 324 post,
1475 279 1512 310 et
1531 273 1710 327 deinceps
1730 289 1792 313 re-

391 335 509 386 liquis
530 336 637 373 annis
657 335 985 374 administraviffet
1003 336 1045 373 in
1067 336 1208 375 Gallia.

446 402 556 439 LXI.
589 403 699 439 Tum
729 402 869 440 Brutus
904 401 1110 447 admirans,
1143 404 1363 441 Tantamne
1396 402 1507 441 fuiffe
1540 405 1791 452 oblivionem,

390 466 534 518 inquit,
555 468 595 505 in
611 467 752 520 scripto
769 468 992 520 praesertim,
1008 477 1052 507 ut
1067 482 1114 507 ne
1128 468 1257 522 legens
1270 470 1429 522 quidem
1445 484 1617 522 unquam
1632 472 1793 517 senserit,

390 542 582 585 quantum
603 534 740 586 flagitii
758 534 1030 573 commififfet?
1061 536 1170 587 Qid
1185 546 1329 581 autem,
1350 536 1525 589 inquam,
1547 538 1676 583 Brute,
1699 539 1793 576 stul-

391 598 483 643 tius,
505 613 638 651 quam,
660 600 686 637 s1
706 613 748 637 ea
764 601 975 653 vituperare
991 600 1156 647 volebat,
1171 616 1257 654 quae
1276 603 1519 655 vituperavit,
1540 616 1619 640 non
1632 617 1677 640 eo
1694 612 1794 641 tem-

390 678 483 716 pore
502 666 697 704 instituere
718 667 947 712 sermonem,
969 681 1062 706 cum
1081 668 1237 706 illarum
1257 682 1386 707 rerum
1399 670 1484 721 jam
1505 678 1679 722 tempora
1698 684 1794 722 prae-

390 732 600 771 teriiffent?
633 733 706 770 Sed
725 733 777 771 ita
796 742 900 772 totus
921 743 1031 780 errat,
1066 743 1110 773 ut
1127 735 1169 773 in
1189 734 1324 774 eodem
1345 735 1517 774 sermone
1538 736 1654 780 dicat,
1676 737 1717 775 in
1737 737 1795 775 se-

389 807 527 838 natum
548 799 598 845 se,
616 800 760 838 Caesare
776 801 959 845 Consule,
974 814 1051 839 non
1067 802 1257 847 accedere,
1280 801 1341 840 sed
1354 802 1393 840 id
1413 802 1516 841 dicat
1534 802 1615 855 ipso
1629 803 1798 841 Consule

389 865 522 904 exiens
540 879 560 902 e
580 865 722 907 senatu.
751 867 840 917 Jam
860 866 928 918 qui
948 865 1021 904 hac
1040 875 1146 919 parte
1165 868 1300 913 animi,
1322 882 1408 920 quae
1427 869 1552 907 custos
1572 869 1625 907 est
1644 879 1796 908 caetera-

389 944 480 969 rum
508 931 655 983 ingenii
674 932 857 984 partium,
888 941 968 970 tam
988 932 1126 971 debilis
1149 932 1250 979 effet,
1281 942 1325 972 ut
1344 947 1392 972 ne
1411 935 1453 972 in
1474 934 1612 987 scripto
1637 936 1798 988 quidem

391 997 637 1042 meminisset,
668 998 763 1049 quid
783 999 898 1051 paulo
926 1008 1013 1037 ante
1041 999 1232 1051 posuisset,
1262 998 1356 1038 huic
1375 999 1542 1039 minime
1570 1002 1717 1040 mirum
1747 1002 1800 1041 est

391 1074 440 1100 ex
461 1070 634 1115 tempore
654 1063 798 1101 dicenti
818 1063 969 1103 solitam
995 1063 1150 1103 effluere
1170 1074 1359 1104 mentem.
1391 1067 1527 1119 Itaque
1555 1080 1649 1105 cum
1673 1068 1708 1105 ei
1728 1080 1800 1105 nec

391 1128 571 1166 officium
602 1128 752 1174 deeffet,
783 1138 822 1167 et
852 1129 1024 1181 flagraret
1055 1130 1181 1170 studio
1207 1131 1373 1176 dicendi,
1404 1146 1602 1185 perpaucae
1632 1132 1679 1171 ad
1708 1146 1801 1172 eum

391 1193 512 1233 causae
532 1193 813 1234 deferebantur.
875 1197 1014 1235 Orator
1033 1205 1178 1243 autem,
1200 1198 1296 1236 vivis
1317 1198 1398 1250 ejus
1420 1198 1644 1250 aequalibus,
1664 1200 1799 1252 proxi-

393 1273 483 1299 mus
503 1261 662 1314 optimis
683 1261 967 1307 numerabatur,
997 1272 1153 1316 propter
1172 1264 1379 1303 verborum
1400 1263 1628 1309 bonitatem,
1650 1274 1694 1303 ut
1713 1274 1800 1304 ante

393 1326 491 1372 dixi,
522 1336 560 1366 et
593 1328 813 1381 expeditam
839 1342 881 1366 ac
915 1329 1171 1381 profluentem
1204 1330 1374 1383 quodam
1404 1330 1523 1368 modo
1546 1330 1797 1370 celeritatem.

392 1392 529 1444 Itaque
549 1395 629 1447 ejus
649 1395 837 1434 orationes
852 1395 1082 1448 aspiciendas
1101 1405 1227 1434 tamen
1248 1395 1395 1434 censeo,
1428 1397 1524 1435 Sunt
1543 1395 1619 1435 illae
1638 1396 1800 1449 quidem

393 1458 676 1512 languidiores;
708 1471 957 1500 veruntamen
987 1462 1140 1515 possunt
1169 1476 1318 1515 augere,
1349 1471 1387 1500 et
1407 1463 1510 1515 quafi
1540 1462 1638 1501 alere
1658 1463 1699 1501 id
1724 1463 1798 1503 bo-

390 1538 503 1572 num,
521 1528 626 1580 quod
641 1529 681 1566 in
697 1528 766 1567 illo
783 1529 1028 1567 mediocriter
1043 1528 1152 1567 fuisse
1167 1529 1416 1567 concedimus
1429 1547 1441 1574 3
1464 1530 1569 1581 quod
1580 1528 1697 1568 habet
1713 1538 1799 1568 tan-

394 1601 477 1632 tam
497 1595 592 1641 vim,
615 1605 659 1633 ut
678 1595 803 1633 solum
823 1595 900 1633 fine
919 1595 1002 1634 aliis
1022 1595 1064 1633 in
1086 1596 1257 1634 Curione
1274 1595 1441 1649 speciem
1461 1596 1619 1635 oratoris
1639 1596 1800 1650 alicujus

395 1659 576 1699 effecerit.
622 1661 695 1699 Sed
714 1661 760 1699 ad
779 1661 950 1699 instituta
969 1661 1182 1700 redeamus.

452 1728 582 1766 LXII.
613 1729 661 1766 In
681 1728 817 1766 eodem
837 1729 956 1781 igitur
982 1742 1144 1766 numero
1163 1728 1331 1781 ejusdem
1353 1728 1470 1768 aetatis
1492 1729 1540 1766 C.
1560 1728 1688 1767 Carbo
1707 1728 1798 1775 fuit,

398 1793 502 1831 illius
523 1794 822 1846 eloquentiffimi
841 1795 913 1832 viri
932 1794 1049 1839 filius,
1067 1808 1145 1833 non
1160 1795 1245 1833 satis
1261 1804 1394 1834 acutus
1415 1804 1564 1839 orator;
1588 1794 1649 1833 scd
1670 1804 1800 1834 tamen

397 1869 523 1898 orator
542 1869 763 1898 numeratus
784 1860 849 1898 est.
900 1861 993 1898 Erat
1013 1861 1053 1898 in
1074 1861 1197 1899 verbis
1218 1863 1393 1913 gravitate,
1425 1870 1463 1899 et
1490 1860 1603 1899 facile
1633 1862 1799 1907 dicebat,

395 1936 435 1964 ct
465 1927 729 1965 auctoritatem
752 1926 963 1965 naturalem
983 1928 1177 1980 quandam
1196 1927 1362 1966 habebat
1381 1928 1516 1966 oratio.
1558 1929 1723 1967 Acutior
1743 1930 1811 1982 Q

398 1994 536 2031 Varius
557 1994 669 2032 rebus
690 1994 942 2039 inveniendis,
960 2008 1031 2032 nec
1046 1994 1176 2033 minus
1197 1994 1321 2032 verbis
1337 1994 1536 2047 expeditus
1550 2012 1562 2039 ,ς
1585 1993 1695 2032 fortis
1712 2008 1800 2033 vero

396 2062 517 2104 actor,
546 2069 584 2098 et
616 2058 835 2106 vehemens,
866 2069 904 2098 et
932 2060 1057 2098 verbis
1091 2074 1162 2098 nec
1182 2060 1292 2113 inops
1313 2073 1383 2098 nec
1404 2060 1585 2112 abjectus,
1616 2068 1654 2098 et
1680 2074 1800 2112 quem

399 2125 510 2177 plane
523 2135 711 2164 oratorem
729 2125 853 2164 dicere
868 2126 1038 2165 auderes.
1061 2127 1137 2164 Cn.
1156 2126 1394 2178 Pomponius
1412 2126 1592 2164 lateribus
1608 2140 1798 2179 pugnans,

399 2192 561 2229 incitans
581 2192 743 2236 animos,
774 2206 871 2238 acer,
893 2193 1066 2238 acerbus,
1086 2192 1329 2231 criminosus.

454 2257 635 2295 Multum
665 2257 711 2294 ab
742 2258 788 2295 iis
823 2259 950 2296 aberat
970 2260 1018 2297 L.
1042 2259 1205 2304 Fufius;
1238 2268 1366 2297 tamen
1398 2273 1443 2296 ex
1465 2258 1700 2296 accusatione
1721 2257 1796 2295 Μ’.

402 2322 552 2374 Aquilii
592 2322 799 2374 diligentiae
830 2323 1001 2363 fructum
1037 2334 1199 2377 ceperat.
1260 2325 1366 2363 Nam
1388 2326 1450 2363 M.
1467 2325 1655 2368 Drusum,
1685 2331 1797 2360 tuum

402 2401 586 2439 magnum
607 2388 856 2434 avunculum,
881 2404 1038 2442 gravem
1058 2399 1261 2434 oratorem,
1283 2391 1335 2428 ita
1356 2391 1539 2428 duntaxat
1559 2402 1651 2427 cum
1671 2386 1718 2424 de
1737 2400 1797 2424 re-

401 2453 557 2505 publica
576 2453 718 2491 diceret
734 2472 746 2498 ;
778 2455 827 2492 L.
848 2464 977 2494 autem
998 2456 1213 2494 Lucullum
1234 2456 1348 2493 etiam
1369 2464 1551 2498 acutum,
1574 2462 1798 2506 patremque

401 2529 529 2565 tuum,
559 2520 691 2568 Brute,
713 2521 813 2574 juris
833 2535 988 2576 quoque
1009 2531 1048 2561 et
1077 2521 1241 2576 publici,
1271 2530 1310 2560 et
1329 2521 1467 2573 privati
1487 2520 1570 2558 sane
1601 2518 1767 2573 peritum
1783 2534 1797 2562 ς

1326 2588 1360 2625 C
1380 2600 1402 2624 c
1422 2598 1443 2624 c
1475 2598 1497 2624 2
