2176 2912
596 175 918 215 LIBER
994 174 1479 218 TERTIUS.
1666 196 1742 236 295

338 263 492 303 Deinde
523 262 570 300 ab
589 260 834 306 Antisthene,
866 260 933 313 qui
965 261 1192 314 patientiam
1214 271 1252 301 et
1278 264 1461 303 duritiam
1480 265 1521 303 in
1552 267 1745 307 Socratico

338 330 511 368 sermone
529 328 702 366 maxime
722 327 925 372 adarnarat,
945 328 1086 380 Cynici
1106 329 1294 381 primum,
1316 330 1454 368 deinde
1474 333 1604 372 Stoici.
1634 336 1746 374 Tum

337 396 384 434 ab
404 394 615 447 Aristippo,
647 407 767 446 quem
785 394 861 432 illae
881 395 1003 447 magis
1032 396 1255 448 voluptariae
1286 396 1559 450 disputationes
1579 400 1742 439 delecta-

335 469 434 505 rant‚
467 461 675 512 Cyrenaica
694 459 939 514 philosophia
957 461 1126 500 manavit
1143 481 1154 507 3
1187 476 1305 515 quam
1326 464 1406 509 ille,
1439 473 1476 502 et
1508 466 1588 517 ejus
1608 467 1746 518 posteri

337 526 561 580 simpliciter
596 525 871 565 defenderant:
904 528 946 572 ii,
977 528 1045 580 qui
1066 542 1169 567 nunc
1191 530 1387 583 voluptate
1414 531 1546 568 onmia
1571 533 1744 570 metiun-

336 603 413 639 tur,
444 594 540 632 dum
560 594 810 632 verecundius
831 594 870 632 id
887 604 1023 647 agunt,
1056 609 1125 633 nec
1151 596 1332 648 dignitati
1351 596 1604 643 satisfaciunt,
1627 612 1744 651 quam

337 674 416 699 non
446 661 704 714 aspernantur,
737 675 806 700 nec
836 661 1076 715 voluptatem
1097 673 1267 709 tuentur,
1299 678 1417 717 quam
1436 665 1645 718 amplexari
1673 680 1743 704 vo-

337 727 438 766 lunt.

393 800 569 837 Fuerunt
588 799 704 837 etiam
725 799 796 837 alia
823 812 960 851 genera
981 799 1322 854 Philosophorum,
1354 803 1423 854 qui
1443 803 1478 840 se
1498 817 1633 842 omnes
1665 803 1742 842 fere

338 866 547 903 Socraticos
580 864 650 902 effe
685 858 891 910 dicebant';
938 867 1237 912 Eretriacorum,
1281 869 1553 914 Herilliorum,
1600 871 1741 923 Mega-

335 931 520 975 ricorum,
553 929 892 982 Pyrrhoneorum5
935 932 996 970 sed
1029 946 1070 970 ea
1102 931 1246 971 horum
1281 934 1319 971 vi
1353 944 1391 972 et
1421 935 1744 987 disputationibus

335 995 422 1034 sunt
437 996 588 1048 jamdiu
608 995 725 1034 fra-&a
745 1006 782 1035 et
801 1000 983 1036 extind'ca.
1016 998 1078 1036 Ex
1099 999 1176 1036 illis
1197 1009 1340 1044 autem,
1363 1013 1448 1052 quae
1469 1011 1678 1045 remanent,
1699 1014 1741 1038 ea

335 1061 593 1115 philosophia,
624 1077 709 1115 quae
742 1064 904 1117 suscepit
934 1066 1193 1117 patrocinium
1224 1067 1447 1120 voluptatis,
1478 1066 1543 1105 ets1
1575 1068 1637 1105 cui
1659 1082 1744 1106 vera

336 1130 522 1173 videatur,
554 1129 689 1182 procul
723 1131 824 1168 abest
858 1141 986 1170 tamen
1020 1132 1067 1170 ab
1101 1147 1146 1170 eo
1180 1134 1275 1178 viro,
1307 1147 1422 1186 quem
1455 1135 1675 1186 quaerimus,
1707 1144 1744 1173 et

337 1208 457 1247 quem
477 1197 671 1232 auc‘torem
705 1196 854 1248 publici
875 1197 1036 1242 consilii,
1068 1207 1105 1235 et
1139 1199 1313 1250 regendae
1334 1199 1498 1237 civitatis
1520 1200 1673 1245 ducem,
1705 1209 1743 1238 et

338 1261 548 1306 sententiae,
579 1271 694 1313 atque
728 1262 954 1315 eloquentiae
985 1265 1216 1317 principem,
1260 1265 1299 1302 in
1329 1265 1476 1310 senatu,
1508 1268 1548 1304 in
1583 1268 1741 1319 populo,

340 1329 382 1366 in
402 1328 519 1366 caufis
540 1328 723 1380 publicis,
745 1328 815 1366 effe
835 1330 1028 1368 volumus.
1076 1331 1162 1369 Nec
1183 1331 1260 1368 ulla
1282 1340 1408 1369 tamen
1429 1333 1463 1369 ei
1490 1331 1743 1385 philosophiae

336 1394 405 1433 fiet
425 1395 564 1447 injuria
582 1408 602 1432 a
622 1395 747 1432 nobis.
794 1396 888 1434 Non
909 1397 1014 1433 enim
1042 1397 1245 1450 repelletur
1266 1398 1367 1442 inde,
1401 1412 1478 1450 quo
1498 1399 1649 1451 aggredi
1671 1413 1741 1437 cu-

337 1461 445 1514 piet;
477 1460 538 1498 sed
559 1460 598 1498 in
619 1460 783 1499 hortulis
804 1462 972 1512 quiescet
989 1461 1078 1508 suis,
1101 1463 1168 1500 ubi
1189 1464 1298 1507 vult,
1333 1464 1399 1501 ubi
1420 1465 1535 1502 etiam
1558 1465 1741 1502 recubans

338 1526 511 1566 molliter
531 1536 568 1564 et
588 1527 763 1572 delicate,
782 1540 850 1565 nos
871 1536 1003 1564 avocat
1023 1541 1042 1564 a
1063 1528 1203 1573 rostris,
1232 1543 1252 1566 a
1276 1529 1449 1580 judiciis,
1472 1543 1492 1567 a
1511 1531 1629 1574 curia,
1661 1530 1741 1569 for-

337 1593 425 1631 tasse
445 1593 642 1646 sapienter,
673 1592 745 1631 hac
775 1593 983 1646 praesertim
1010 1595 1219 1646 republica.
1267 1596 1416 1633 Verum
1448 1610 1517 1648 ego
1538 1610 1614 1634 non
1635 1611 1741 1649 quae-

338 1672 380 1697 ro
409 1672 529 1704 nunc,
560 1673 644 1712 quae
674 1659 718 1697 fit
752 1659 996 1713 philosophia
1024 1660 1224 1706 veriffima,
1262 1661 1323 1699 sed
1355 1675 1439 1714 quae
1473 1664 1611 1700 oratori
1644 1676 1741 1701 con—

331 1725 467 1776 juneta
497 1726 678 1763 maxime.
740 1727 869 1777 Qare
899 1726 984 1764 istos
1007 1726 1082 1763 fine
1103 1727 1181 1764 ulla
1207 1729 1444 1766 contumelia
1465 1728 1708 1767 dimittamus
1729 1743 1738 1767 z

338 1791 425 1829 sunt
455 1791 562 1828 enim
595 1800 632 1828 et
666 1791 759 1828 boni
789 1792 873 1835 viri,
905 1801 956 1836 et,
993 1794 1176 1844 quoniam
1203 1793 1272 1832 fibi
1304 1795 1357 1832 ita
1389 1795 1581 1840 videntur,
1612 1796 1740 1841 beati5

337 1864 569 1908 tantumque
603 1870 664 1895 eos
697 1857 986 1902 admoneamus,
1019 1867 1060 1895 ut
1087 1859 1198 1904 illud,
1230 1860 1346 1898 etiam
1373 1861 1399 1898 fi
1420 1860 1471 1898 est
1490 1861 1741 1907 veriffimum‚

337 1922 502 1960 tacitum
523 1930 665 1967 tamen,
698 1932 881 1974 tanquam
912 1924 1151 1975 mysterium,
1184 1934 1348 1969 teneant,
1371 1926 1476 1976 quod
1497 1936 1637 1978 negant
1655 1941 1742 1964 ver-

338 1987 407 2026 sari
428 1989 467 2026 in
494 1989 691 2041 republica
710 1989 780 2027 esse
801 1989 990 2041 sapientis,
1036 1991 1157 2035 Nam,
1191 1991 1216 2028 fi
1237 1990 1313 2029 hoc
1341 1992 1466 2036 nobis,
1498 2001 1611 2044 atque
1638 1994 1742 2046 opti-

339 2068 406 2093 mo
425 2055 567 2107 cuique
586 2054 845 2107 persuaserint,
877 2070 953 2093 non
975 2066 1156 2108 poterunt
1187 2057 1254 2110 ipfi
1276 2056 1359 2102 effe,
1388 2058 1427 2095 id
1448 2058 1552 2110 quod
1573 2059 1744 2096 maxime

338 2121 515 2172 cupiunt,
546 2120 668 2159 otiofi.
1587 2125 1590 2128 ’

394 2191 548 2229 XVIII.
582 2192 728 2230 Stoicos
748 2202 890 2236 autem,
909 2206 1003 2244 quos
1026 2194 1190 2231 minime
1207 2193 1400 2246 improbo,
1419 2193 1578 2245 dimitto
1598 2203 1740 2239 tamen,

339 2269 410 2294 nec
431 2269 493 2293 eos
513 2257 625 2294 iratos
647 2271 786 2303 vereor,
803 2260 985 2310 quoniam
999 2260 1162 2297 omnino
1178 2260 1284 2298 irasci
1300 2260 1473 2298 nesciunt
1480 2279 1493 2306 5
1515 2270 1627 2313 atque
1643 2260 1743 2298 hanc

339 2322 386 2360 iis
407 2321 529 2359 habeo
549 2323 724 2375 gratiam,
755 2326 859 2376 quod
892 2325 958 2362 soli
981 2340 1026 2363 ex
1047 2327 1230 2364 omnibus
1263 2327 1524 2379 eloquentiam
1558 2328 1740 2365 virtutem

340 2401 383 2425 ac
404 2387 625 2440 sapientiam
657 2389 728 2426 effe
748 2391 938 2428 dixerunt.
1000 2392 1070 2429 bed
1094 2402 1300 2444 utrumque
1321 2393 1373 2430 est
1394 2394 1433 2430 in
1454 2393 1529 2438 his,
1561 2393 1664 2445 quod
1694 2393 1739 2428 ab

340 2452 430 2498 hoc,
465 2468 583 2505 quern
615 2454 851 2500 instruimus,
884 2466 1028 2494 oratore
1060 2457 1167 2494 valde
1193 2457 1404 2502 abhorreat,
1436 2459 1495 2495 vel
1522 2458 1624 2510 quod
1651 2469 1738 2493 om-

341 2532 422 2566 nes,
465 2521 533 2572 qui
567 2520 749 2573 sapientes
783 2535 858 2559 non
893 2523 978 2567 fint,
1024 2523 1159 2568 serVOS,
1194 2524 1368 2569 latrones,
1401 2523 1539 2570 hostes,
1577 2522 1737 2566 insanos,
