2176 2912
475 226 556 264 442
919 216 1452 256 ORATOR.

477 307 697 345 immutata.
744 307 942 347 Transsata
961 323 1002 347 ea
1022 310 1126 356 dico,
1157 319 1201 348 ut
1221 310 1315 363 saepe
1331 310 1429 362 jam,
1459 323 1546 362 quae
1576 322 1642 363 per
1661 307 1886 348 fimilitudi-

478 387 569 412 nem
600 374 646 412 ab
677 374 749 412 alia
783 389 835 420 re,
866 385 931 414 aut
950 376 1140 415 suavitatis
1172 386 1236 415 aut
1262 378 1401 430 inopiae
1435 376 1557 422 causa,
1589 376 1887 417 transferuntur.

479 440 650 485 lNsIutata,
672 440 713 478 in
734 441 876 493 quibus
896 456 966 494 pro
989 443 1106 481 verbo
1125 443 1281 496 proprio
1301 443 1503 493 subjicitur
1518 442 1636 487 aliud,
1659 442 1764 495 quod
1782 443 1890 482 idem

480 505 681 558 fignificet,
709 506 911 559 sumptum
941 521 989 546 ex
1010 522 1048 546 re
1068 509 1195 561 aliqua
1221 509 1484 561 consequenti.
1524 508 1642 560 Qod
1663 522 1909 561 quanquam?

481 571 742 610 transferendo
770 573 828 618 fit,
861 583 989 611 tamen
1009 574 1085 612 alio
1105 574 1223 612 modo
1244 575 1449 619 transtulit,
1480 588 1573 612 cum
1600 573 1700 612 dixit
1719 575 1888 619 Ennius,

479 654 597 678 arcem
617 648 652 677 et
671 639 792 678 urbem
811 640 916 678 orbas
928 658 938 684 ;
971 640 1046 678 alio
1066 641 1198 685 modo,
1220 641 1246 678 s1
1267 655 1335 693 pro
1356 641 1476 693 patria
1494 654 1620 678 arcem
1643 640 1816 686 dixiffet3
1849 649 1889 679 et

479 706 663 745 horridzmz
682 706 855 759 Africam
874 706 1035 745 terribili
1062 717 1213 746 tremere
1239 709 1397 746 tumultu
1427 721 1520 745 cum
1549 707 1660 752 dicit,
1691 721 1761 760 pro
1780 706 1890 746 Afris

479 772 665 810 immutat
684 771 874 810 Africam.
936 773 1051 811 Hanc
1071 772 1300 826 hypallagen
1323 772 1507 818 rhetores,
1540 773 1632 826 quia
1654 773 1759 825 quasi
1779 772 1889 812 sum-

480 847 682 876 mutantur
711 838 826 876 verba
856 852 926 891 pro
956 840 1082 878 verbis
1099 858 1110 884 ;
1143 841 1423 891 metonymiam
1455 839 1702 893 grammatici
1734 847 1888 884 vocant,

480 905 585 956 quod
602 906 761 943 nomina
781 904 1077 944 transferuntur.

536 971 759 1010 Aristoteles
779 980 909 1009 autem
924 971 1156 1010 transsationi
1175 971 1257 1010 haec
1277 972 1355 1025 ipsa
1369 971 1581 1025 subjungit,
1599 981 1638 1010 et
1652 971 1888 1016 abufionem,

481 1051 600 1090 quam
620 1039 816 1091 κατάχρησιν
840 1048 977 1076 vocant
996 1054 1004 1077 ;
1040 1048 1083 1076 ut
1106 1053 1197 1076 cum
1218 1040 1394 1078 minutum
1414 1039 1582 1077 dicimus
1612 1039 1790 1077 animum
1820 1051 1890 1091 pro

481 1118 610 1156 parvo,
642 1111 680 1140 et
699 1103 899 1141 abutimur
918 1105 1042 1142 verbis
1063 1106 1308 1158 propinquis,
1339 1105 1365 1142 fi
1391 1118 1488 1157 opus
1508 1105 1574 1149 est,
1605 1105 1665 1142 vel
1686 1104 1792 1156 quod
1820 1104 1889 1141 de-

481 1169 607 1214 leffitat,
626 1169 685 1206 vel
707 1169 814 1220 quod
835 1170 957 1207 decet.
981 1171 1070 1221 Jam
1091 1184 1182 1208 cum
1205 1171 1397 1208 fluxerunt
1418 1170 1544 1222 plures
1558 1170 1751 1208 continuae
1768 1169 1889 1207 trans-

481 1235 656 1280 lationes,
688 1234 760 1272 alia
778 1235 891 1287 plane
910 1235 953 1273 fit
973 1237 1108 1274 oratio.
1159 1237 1294 1288 Itaque
1313 1250 1434 1289 genus
1455 1235 1531 1274 hoc
1547 1236 1676 1274 Graeci
1695 1235 1892 1288 appellant

480 1301 690 1355 animoque&
713 1302 871 1339 nomine
893 1303 1005 1347 reste,
1023 1315 1158 1355 genere
1179 1303 1317 1340 melius
1339 1302 1417 1347 ille,
1440 1303 1508 1355 qui
1529 1302 1596 1340 ista
1616 1303 1749 1340 omnia
1768 1301 1892 1339 trans-

481 1367 639 1405 lationes
659 1377 781 1405 vocat.
826 1369 923 1406 Haec
943 1367 1163 1420 frequentat
1184 1368 1386 1407 Phalereus
1409 1369 1592 1414 maxime,
1614 1369 1777 1421 suntque
1798 1368 1890 1406 dul-

481 1433 654 1478 ciffima3
687 1443 725 1472 et
758 1448 983 1486 quanquam
1018 1435 1208 1473 transsatio
1243 1435 1296 1474 est
1329 1435 1432 1488 apud
1465 1449 1556 1474 eum
1590 1434 1729 1480 multa,
1760 1443 1891 1473 tamen

480 1500 775 1538 immutationes
797 1500 988 1552 nusquam
1008 1501 1232 1540 crebriores.

543 1566 589 1603 In
621 1566 726 1602 idem
762 1579 884 1617 genus
921 1567 1103 1604 orationis
1142 1567 1300 1618 (loquor
1330 1567 1436 1605 enim
1467 1567 1515 1605 de
1544 1567 1611 1604 illa
1644 1566 1811 1611 modica,
1846 1579 1889 1604 ac

481 1631 710 1684 temperata)
743 1631 949 1669 verborum
981 1632 1124 1669 cadunt
1158 1632 1308 1670 lumina
1337 1633 1482 1677 omnia,
1514 1633 1639 1670 multa
1668 1632 1785 1669 etiam
1803 1631 1889 1669 sen-

481 1698 691 1735 tentiarum
709 1712 717 1735 z
741 1697 838 1741 latae,
861 1697 1095 1749 eruditaeque
1115 1697 1390 1751 disputationes
1411 1699 1457 1736 ab
1477 1699 1614 1736 eodem
1634 1698 1889 1750 explicantur,

483 1773 521 1801 et
546 1764 623 1802 loci
643 1777 871 1801 communes
898 1764 974 1801 fine
1003 1765 1252 1803 contentione
1284 1765 1535 1804 inducuntur.
1596 1765 1706 1816 Qid
1733 1764 1888 1803 multa?

482 1844 503 1867 e
524 1828 852 1882 Philosophorum
874 1829 1014 1869 scholis
1048 1831 1142 1869 tales
1164 1830 1242 1869 fere
1262 1831 1428 1869 evadunt
1444 1850 1456 1876 3
1488 1840 1540 1876 et,
1573 1831 1642 1869 nifi
1672 1845 1802 1869 coram
1819 1830 1892 1868 erit

483 1905 725 1949 comparatus
747 1896 812 1934 ille
833 1894 983 1942 fortior,
1015 1911 1081 1949 per
1108 1897 1143 1935 se
1163 1896 1243 1943 hic,
1276 1912 1391 1950 quem
1415 1898 1516 1942 dico,
1537 1897 1777 1950 probabitur.
1823 1896 1891 1934 Est

482 1963 588 2000 enim
621 1962 817 2015 quoddam
851 1963 967 2001 etiam
1000 1963 1159 2016 insigne,
1190 1974 1227 2002 et
1261 1964 1398 2003 florens
1428 1964 1625 2008 orationis,
1658 1964 1821 2016 pictum,
1851 1971 1892 2001 et

483 2029 700 2081 expolitum
719 2043 856 2081 genus,
888 2031 928 2068 in
949 2044 1026 2082 quo
1046 2044 1180 2068 omnes
1201 2031 1423 2075 verborum,
1453 2044 1589 2068 omnes
1616 2029 1890 2067 sententiarum

484 2096 683 2147 illigantur
703 2096 865 2149 lepores.
926 2097 1016 2135 Hoc
1038 2106 1167 2135 totum
1197 2111 1218 2134 e
1249 2095 1501 2149 sophistarum
1520 2095 1696 2134 fontibus
1727 2095 1891 2135 defluxit

483 2161 523 2198 in
544 2160 689 2206 forum,
722 2162 784 2199 sed
805 2162 973 2214 spretum
994 2176 1016 2200 a
1034 2162 1254 2207 subtilibus,
1286 2161 1481 2215 repulsum
1501 2175 1522 2199 a
1537 2162 1730 2215 gravibus,
1760 2161 1801 2200 in
1831 2174 1887 2207 ea,
1924 2206 1927 2209 ,

483 2227 530 2264 de
550 2241 625 2279 qua
646 2219 797 2279 loquor,
820 2228 1085 2266 mediocritate
1105 2229 1289 2266 consedit.

539 2294 732 2331 XXVIII.
765 2295 923 2333 Tertius
954 2294 1007 2332 est
1031 2294 1098 2332 ille
1128 2294 1295 2348 amplus,
1331 2294 1522 2348 copiosus,
1553 2294 1691 2348 gravis,
1719 2303 1888 2341 ornatus,

485 2358 524 2397 in
544 2373 622 2411 quo
643 2358 813 2412 profesto
835 2359 890 2398 vis
923 2360 1095 2398 maxima
1113 2360 1180 2399 est.
1240 2361 1321 2399 Hic
1341 2360 1393 2398 est
1416 2361 1536 2406 enim,
1569 2362 1679 2414 cujus
1708 2371 1889 2399 ornatum

484 2425 652 2469 dicendi,
683 2433 720 2462 et
739 2425 892 2478 copiam
913 2426 1106 2464 admiratae
1135 2435 1281 2479 gentes,
1312 2427 1574 2478 eloquentiam
1604 2428 1644 2464 in
1665 2426 1887 2464 civitatibus

483 2491 702 2544 plurimum
722 2491 844 2529 valere
864 2491 972 2544 paffae
998 2492 1110 2538 sunt,-
1143 2492 1205 2531 sed
1226 2491 1324 2531 hanc
1354 2492 1632 2545 eloquentiam,
1664 2506 1748 2545 quae
1775 2491 1889 2530 cursu

484 2570 641 2610 magno,
685 2557 887 2612 sonituque
924 2557 1099 2605 ferretur,
1143 2573 1262 2612 quam
1305 2559 1537 2613 suspicerent
1579 2571 1729 2604 omnes,
1769 2571 1888 2611 quam
