2176 2912
693 180 1412 222 ORATORIBUS.
1675 190 1751 243 365

352 278 393 315 in
413 276 538 315 cursu.
570 275 677 314 Nam
696 275 892 326 rogatione
911 274 1108 319 Mamilia,
1129 274 1375 327 Jugurthinae
1396 277 1669 329 conjurationis
1691 282 1752 319 in-

352 343 468 387 vidia,
500 355 592 380 cum
611 354 681 393 pro
702 339 775 377 sese
794 340 871 393 ipse
892 339 1055 386 dixisset,
1086 341 1279 393 oppreffus
1299 341 1367 380 est.
1426 343 1545 381 Extat
1564 346 1644 397 ejus
1664 360 1752 399 per-

351 408 486 452 oratio,
506 407 577 459 qui
595 406 770 458 epilogus
791 405 957 451 dicitur3
989 406 1058 458 qui
1079 415 1186 444 tanto
1212 407 1253 445 in
1279 406 1438 453 honore,
1470 410 1597 462 pueris
1628 412 1753 457 nobis,

351 482 445 518 erat,
476 483 521 511 ut
546 486 638 510 eum
668 472 784 510 etiam
811 471 1076 511 edisceremus.
1128 473 1223 518 Hic,
1246 474 1314 526 qui
1336 474 1377 512 in
1397 474 1564 528 collegio
1585 477 1755 516 sacerdo-

352 548 439 577 tum
473 539 575 584 effet,
621 540 771 592 primus
796 538 879 591 post
910 539 1081 578 Romam
1111 539 1309 579 conditam
1333 541 1486 593 judicio
1517 543 1678 594 publico
1704 544 1756 582 est

351 605 646 646 condemnatus.

407 671 601 709 XXXIV.
626 672 670 709 P.
690 671 831 723 Scipio,
849 671 917 722 qui
933 671 985 709 est
1001 671 1041 709 in
1062 671 1262 710 consulatu
1277 682 1469 718 mortuus,
1489 687 1566 712 non
1583 675 1755 714 multum

352 737 419 776 ille
439 737 612 790 quidem,
634 751 703 775 nec
725 737 818 790 saepe
838 737 1011 782 dicebat;
1036 737 1098 775 sed
1117 748 1156 776 et
1171 740 1309 777 Latine
1328 740 1523 792 loquendo
1536 742 1656 780 cuivis
1676 752 1757 781 erat

351 817 433 856 par,
465 812 504 842 et
523 818 656 842 omnes
677 804 748 841 sale
766 803 989 855 facetiisque
1010 804 1219 856 superabat.
1266 807 1361 858 Ejus
1378 807 1526 859 collega
1546 809 1594 846 L.
1617 809 1754 854 Bestia,

354 869 466 907 bonis
486 869 608 907 initiis
637 868 741 907 orsus
764 868 992 913 tribunatfis,
1029 870 1136 920 (nam
1159 871 1202 908 P.
1223 871 1421 924 Popilium
1447 873 1485 910 vi
1513 874 1561 912 C.
1584 873 1756 912 Gracchi

352 934 556 997 expulsum
577 934 641 972 sua
660 934 855 986 rogatione
877 934 1056 987 restituit)
1090 935 1148 972 vir
1177 946 1214 973 et
1234 950 1331 982 acer,
1360 947 1398 975 et
1429 952 1506 976 non
1538 939 1754 985 indisertus,

353 999 475 1038 tristes
494 1000 620 1039 exitus
638 999 777 1038 habuit
791 999 1023 1039 consulatfis.
1068 1001 1176 1039 Nam
1196 1002 1379 1041 invidiosa
1399 1003 1482 1056 lege
1503 1005 1684 1043 Mamilia
1704 1008 1752 1044 C.

355 1065 525 1104 Galbam
544 1065 788 1111 sacerdotem,
810 1075 849 1103 et
864 1075 1027 1117 quatuor
1046 1067 1273 1113 consulares,
1297 1070 1344 1107 L.
1368 1069 1547 1114 Bestiam,
1570 1072 1617 1108 C.
1636 1071 1755 1108 Cato-

355 1144 461 1175 nem,
493 1132 558 1184 Sp.
591 1131 797 1177 Albinum,
829 1132 1032 1184 civemque
1065 1133 1412 1185 praestantissimum
1443 1137 1491 1174 L.
1530 1137 1754 1189 Opimium,

356 1195 528 1234 Gracchi
547 1196 844 1243 interfectorem,
861 1211 880 1234 a
898 1197 1045 1250 populo
1064 1198 1295 1245 absolutum,
1312 1215 1403 1239 cum
1421 1203 1450 1239 is
1471 1211 1603 1239 contra
1619 1203 1755 1254 populi

354 1261 525 1302 studium
545 1263 710 1308 stetisset,
732 1262 950 1301 Gracchani
965 1264 1114 1316 judices
1135 1254 1377 1304 sust-ulerunt.

411 1329 543 1381 Hujus
564 1329 753 1367 diffimilis
773 1331 812 1367 in
835 1330 1045 1375 tribunatu,
1068 1331 1290 1383 reliquaque
1307 1333 1414 1370 omni
1436 1333 1526 1377 vita,
1561 1334 1654 1371 civis
1676 1335 1754 1372 im·-

355 1395 498 1446 probus
515 1396 564 1433 C.
583 1396 759 1434 Licinius
776 1396 906 1433 Nerva
921 1409 998 1434 non
1016 1396 1216 1434 indisertus
1234 1396 1322 1435 fuit.
1347 1399 1393 1435 C.
1415 1399 1587 1436 Fimbria
1601 1408 1755 1451 tempo-

357 1461 462 1499 ribus
496 1462 630 1499 iisdem
650 1461 741 1506 fere,
773 1461 835 1499 sed
868 1462 1020 1514 longius
1041 1471 1147 1500 aetate
1166 1465 1381 1514 provectus,
1416 1463 1569 1502 habitus
1591 1465 1643 1502 est
1674 1466 1761 1503 sane

359 1527 420 1577 (ut
451 1527 503 1564 ita
536 1528 682 1579 dicam)
715 1528 934 1565 luculentus
970 1536 1165 1579 patronus,
1197 1528 1312 1580 asper,
1354 1529 1578 1574 maledicus,
1621 1544 1758 1582 genere

355 1602 438 1631 toto
458 1594 573 1645 paulo
592 1593 773 1631 fervidior
792 1603 905 1645 atque
925 1594 1160 1631 commotior
1172 1611 1184 1639 3
1216 1594 1417 1647 diligentia
1447 1605 1590 1642 tamen,
1621 1606 1658 1634 et
1679 1598 1757 1634 vir-

356 1668 437 1696 tute
456 1660 576 1697 animi
595 1669 708 1712 atque
739 1661 828 1705 vita,
860 1660 983 1698 bonus
1004 1661 1134 1697 auetor
1164 1660 1205 1697 in
1231 1660 1372 1700 senatu.
1420 1661 1528 1700 Idem
1550 1663 1756 1700 tolerabilis

357 1734 552 1777 patronus,
583 1740 652 1763 nec
683 1727 786 1764 rudis
817 1727 857 1764 in
881 1728 969 1778 jure
999 1726 1119 1770 civili,
1149 1736 1187 1764 et
1214 1741 1306 1765 cum
1337 1729 1492 1774 virtute,
1525 1739 1610 1767 tum
1640 1730 1756 1767 etiam

358 1790 437 1842 ipso
467 1792 645 1829 orationis
679 1805 816 1843 genere
846 1792 968 1835 liber;
1014 1792 1124 1842 cujus
1155 1794 1342 1832 orationes
1377 1795 1485 1847 pueri
1519 1795 1754 1847 legebamus,

359 1869 450 1907 quas
465 1858 548 1907 jam
569 1856 727 1908 reperire
746 1857 811 1894 vix
831 1855 1041 1907 possumus.

412 1923 545 1973 Atque
564 1922 680 1959 etiam
700 1922 870 1974 ingenio,
906 1931 944 1960 et
964 1922 1134 1960 sermone
1153 1922 1330 1975 eleganti,
1359 1925 1576 1963 valetudine
1603 1926 1758 1964 incom-

358 1987 486 2032 moda,
510 1989 557 2026 C.
579 1988 728 2026 Sextius
750 1988 934 2026 Calvinus
954 1987 1053 2033 fuit;
1077 1989 1144 2040 qui
1165 1990 1245 2034 etfi,
1264 2003 1355 2027 cum
1376 1991 1595 2029 remiserant
1610 1992 1759 2030 dolores

359 2052 516 2104 pedum,
538 2067 617 2092 non
637 2053 761 2091 deerat
781 2054 821 2091 in
844 2054 973 2098 raufis,
991 2063 1117 2092 tamen
1139 2055 1177 2092 id
1198 2069 1274 2093 non
1295 2056 1389 2108 saepe
1406 2055 1580 2095 faciebat.
1625 2059 1759 2109 Itaque

359 2119 516 2158 consilio
535 2120 629 2172 ejus,
643 2133 736 2158 cum
756 2120 948 2165 volebant,
968 2119 1146 2159 homines
1168 2122 1374 2160 utebantur
1388 2141 1399 2167 3
1422 2123 1648 2175 patrocinio,
1666 2137 1759 2161 cum

360 2183 511 2223 licebat.

416 2249 555 2288 Iisdem
585 2251 825 2302 temporibus
860 2253 922 2290 M.
947 2253 1103 2297 Brutus,
1135 2253 1175 2291 in
1196 2267 1273 2305 quo
1295 2267 1483 2306 magnum
1504 2254 1593 2299 fuit,
1626 2256 1756 2298 Brute,

360 2314 523 2352 dedecus
544 2316 672 2367 generi
692 2317 812 2354 vestro
824 2336 835 2361 ;
868 2318 952 2369 qui,
986 2332 1078 2356 cum
1106 2328 1211 2356 tanto
1232 2320 1390 2357 nomine
1410 2320 1512 2365 esset,
1535 2330 1758 2372 patremque

360 2380 555 2432 optimum
584 2381 710 2418 virum
737 2380 936 2428 habuisset,
967 2393 1004 2421 et
1029 2385 1126 2436 juris
1155 2385 1439 2436 peritissimum,
1477 2385 1756 2422 accusationem

361 2444 599 2490 factitaverit,
631 2455 672 2484 ut
702 2445 868 2485 Athenis
903 2450 1118 2502 Lycurgus.
1180 2451 1216 2487 Is
1248 2451 1486 2502 magistratus
1509 2464 1582 2487 non
1606 2449 1754 2501 petivit,

361 2511 422 2550 sed
455 2511 532 2551 fuit
568 2513 760 2553 accusator
790 2512 996 2553 vehemens
1039 2525 1077 2554 et
1117 2515 1322 2562 molestus;
1347 2526 1412 2554 .ut
1442 2516 1554 2554 facile
1588 2527 1757 2552 cerneres
