2176 2912
709 155 1423 195 ORATORIBUS.
1691 166 1767 202 419

369 265 415 289 ex
435 250 526 288 urbe
547 263 600 294 ea,
633 263 717 302 quae
738 249 875 288 domus
895 248 947 286 est
966 248 1113 300 semper
1133 246 1262 285 habita
1288 247 1483 290 doftrinae,
1521 247 1709 284 numerari
1729 245 1770 282 in

369 316 485 368 vulgo
505 325 769 369 patronorum.
820 315 927 354 Nam
947 314 1042 367 quid
1061 323 1097 352 te
1117 314 1287 352 exercuit
1309 315 1548 356 Pammene&
1581 313 1639 350 vir
1657 312 1771 363 longe

369 381 698 434 eloquentiffimus
727 381 913 418 Graeciae?
946 380 1040 433 quid
1061 380 1125 418 illa
1160 389 1267 418 vetus
1290 379 1510 422 Academia,
1548 387 1661 430 atque
1689 378 1770 430 ejus

368 447 477 486 heres
516 447 678 492 Aristus,
711 445 863 500 hospeS,
893 456 931 485 et
965 446 1164 485 familiaris
1204 459 1327 490 meus,
1369 445 1394 483 fi
1433 444 1591 498 quidem
1631 444 1770 482 similes

369 514 522 565 majoris
558 513 673 567 partis
709 522 904 552 oratorum
937 511 1059 551 futuri
1091 513 1220 551 sumus
1239 513 1251 549 ?
1284 512 1429 550 Nonne
1462 511 1670 553 cernimus,
1705 512 1770 549 vix

368 580 526 632 singulis
547 580 720 619 aetatibus
740 579 851 618 binos
872 589 1036 618 oratores
1058 579 1266 618 laudabiles
1285 577 1489 617 constitiffe
1506 578 1517 615 ?
1550 576 1675 614 Galba
1695 575 1770 614 fuit

369 647 470 685 inter
501 657 558 685 tot
589 647 749 699 aequales
772 660 869 685 unus
899 647 1091 685 excellens
1107 665 1119 691 3
1155 647 1220 684 cui
1243 645 1593 699 (quemadmodum
1619 645 1771 697 accepi-

370 715 474 765 mus)
507 723 544 752 et
565 715 663 752 Cato
684 713 842 753 cedebat
862 713 998 758 senior,
1028 722 1066 752 et
1087 713 1155 766 qui
1177 712 1415 765 temporibus
1435 711 1512 750 illis
1534 720 1639 749 aetate
1668 709 1770 748 infe‘

369 780 484 818 riores
506 779 676 824 fuerunt,
712 780 881 832 Lepidus
902 779 1041 832 postea,
1071 778 1208 817 deinde
1229 778 1384 818 Carbo:
1416 791 1506 816 nam
1538 774 1709 816 Gracchi
1732 776 1772 815 in

369 846 622 884 concionibus
643 845 769 884 multo
789 845 974 891 faciliore,
997 855 1034 884 et
1050 846 1227 884 liberiore
1243 858 1379 898 genere
1399 843 1551 883 dicendi
1567 862 1579 889 ς
1603 856 1773 897 quorum

369 921 499 950 tamen
520 911 690 964 ipsorum
709 910 756 949 ad
776 921 926 951 aetatem
946 912 1027 951 laus
1045 911 1274 964 eloquentiae
1294 910 1460 964 perfeffihi
1473 910 1649 948 nondum
1668 908 1770 949 fuit:

368 977 578 1022 Antonius,
602 977 765 1023 Crassus,
787 977 871 1031 post
891 979 1021 1023 Cotta,
1043 977 1253 1031 Sulpicius,
1275 976 1502 1016 Hortenfius
1521 991 1531 1015 :
1563 974 1664 1014 nihil
1683 976 1773 1016 dico

368 1043 534 1097 amplius
548 1062 560 1089 ;
593 1052 744 1083 tantum
763 1045 864 1090 dico,
883 1045 909 1084 fi
930 1043 1031 1084 mihi
1047 1043 1252 1090 accidisset,
1274 1052 1318 1083 ut
1336 1055 1558 1083 numerarer
1576 1041 1617 1080 in
1638 1041 1771 1082 multis

371 1113 396 1139 ὅ
416 1112 440 1137 *
462 1111 486 1137 ³⁸
507 1110 533 1150 fi
553 1110 707 1166 operosa
725 1111 778 1152 est
793 1110 1033 1152 concursatio
1049 1111 1171 1166 magis
1191 1119 1502 1166 opportunorum
1522 1111 1547 1137 ὕ
1568 1110 1593 1137 ⁴¹*
1613 1110 1638 1137 ἐκ·

1289 2570 1470 2622 Ggg2
