2176 2912
532 197 854 239 LIBER
930 198 1350 238 PRIMUS.
1573 215 1647 255 159

242 305 312 330 nec
345 292 467 344 magis
500 291 547 328 ad
576 303 640 329 eos
673 289 932 335 deterrendos,
963 290 1034 342 qui
1063 303 1140 328 non
1168 289 1328 342 possent,
1360 305 1478 344 quam
1498 293 1544 330 ad
1564 308 1646 340 vos,

241 359 309 410 qui
340 357 506 410 possetis,
537 356 796 400 exacuendos,
832 355 1126 394 accommodavi
1154 357 1368 394 orationem
1407 371 1534 396 meam
1555 373 1563 396 :
1609 370 1649 397 et

243 436 464 475 quanquam
486 424 526 460 in
548 432 712 475 utroque
731 422 899 460 vestrum
918 421 1121 460 summum
1141 421 1212 460 effe
1233 422 1437 474 ingenium
1457 424 1649 463 studium-

242 502 317 541 que
337 488 524 541 perspexi,
557 498 684 527 tamen
703 488 802 533 haec,
838 502 924 540 quae
943 487 1031 526 sunt
1062 488 1103 525 in
1123 488 1246 540 specie
1277 488 1409 541 posita,
1442 489 1489 526 de
1509 491 1651 542 quibus

243 555 351 608 plura
371 554 522 593 fortass‘e
543 555 638 600 dixi,
661 569 780 607 quam
801 555 924 593 solent
945 555 1075 593 Graeci
1097 554 1238 600 dicere,
1270 555 1311 593 in
1332 564 1384 600 te,
1406 555 1567 609 Sulpici,
1589 557 1651 594 di-

241 623 328 659 vina
349 621 449 660 sunt.
495 622 581 674 Ego
602 621 707 659 enim
729 621 942 666 neminem,
965 634 1035 659 nec
1065 630 1178 659 motu
1198 621 1381 674 corporis,
1415 635 1538 673 neque
1570 622 1654 675 ipso

241 686 378 725 habitu
409 698 522 739 atque
552 686 679 726 forma
711 688 915 739 aptiorem,
946 700 1017 725 nec
1037 701 1129 725 voce
1149 687 1379 740 pleniorem,
1415 697 1481 725 aut
1500 688 1650 727 suavio-

244 768 322 792 rem
346 753 446 792 mihi
467 754 599 792 videor
616 754 755 791 audiffe
767 772 778 798 5
811 767 896 806 quae
916 754 1059 806 quibus
1080 767 1100 792 a
1119 764 1255 792 natura
1273 755 1424 792 minora
1443 754 1527 792 data
1547 755 1650 799 sunt,

244 830 372 859 tamen
409 821 507 858 illud
538 820 679 872 affequi
713 820 881 872 possunt,
913 830 957 858 ut
989 822 1051 866 iis,
1084 835 1168 873 quae
1199 820 1380 866 habeant,
1425 821 1579 860 modice
1612 831 1651 860 et

240 887 404 924 scienter
423 896 592 931 utantur,
624 894 662 923 et
681 895 725 923 ut
745 879 792 922 n'e
812 886 1003 925 dedeceat.
1050 887 1095 925 Id
1115 888 1222 925 enim
1252 888 1304 925 est
1325 889 1495 926 maxime
1523 889 1650 926 vitan-

243 953 355 996 dum,
375 962 413 990 et
429 951 476 989 de
491 951 567 990 hoc
585 965 663 989 uno
678 952 844 989 minime
860 951 913 989 est
933 951 1046 990 facile
1066 954 1282 1006 praecipere,
1304 967 1382 991 non
1399 953 1500 991 mihi
1516 955 1650 999 modo,

242 1019 311 1070 qui
332 1019 430 1056 ficut
455 1031 554 1056 unus
574 1018 848 1071 paterfamilias
876 1017 936 1056 his
957 1019 1004 1056 de
1022 1019 1134 1057 rebus
1165 1019 1318 1072 loquor,
1346 1019 1408 1057 sed
1433 1021 1549 1058 etiam
1582 1020 1652 1073 ipsx

244 1083 302 1121 illi
324 1084 477 1129 Roscio,
511 1097 628 1136 quem
650 1083 744 1137 saepe
764 1084 878 1122 audio
895 1085 1034 1130 dicere,
1055 1094 1170 1138 caput
1190 1085 1261 1123 effe
1288 1086 1390 1130 artis,
1416 1098 1441 1123 D
1455 1099 1476 1123 E
1490 1098 1512 1124 c
1525 1099 1547 1124 E
1560 1098 1584 1123 R
1598 1099 1621 1123 E
1639 1101 1648 1123 ;

245 1150 351 1202 quod
383 1160 510 1188 tamen
544 1164 667 1188 unum
697 1151 737 1188 id
768 1151 852 1195 effe,
885 1151 991 1203 quod
1011 1152 1107 1190 tradi
1136 1162 1213 1190 arte
1239 1165 1316 1190 non
1337 1152 1462 1205 poffit.
1506 1153 1591 1197 Sed,
1624 1152 1653 1190 fi>

245 1215 382 1267 placet,
415 1215 631 1253 sermonem
665 1216 739 1253 alio
760 1215 1047 1263 transferamus,
1077 1227 1116 1257 et
1135 1218 1262 1256 nostro
1292 1231 1401 1257 more
1429 1218 1650 1271 aliquando,

244 1294 322 1319 non
343 1280 549 1326 rhetorico,
579 1282 798 1334 loquamur.

300 1348 475 1385 Minime
494 1361 596 1392 vero,
625 1349 755 1401 inquit
777 1349 891 1387 Cotta
911 1363 920 1387 ε
953 1363 1057 1388 nunc
1077 1351 1183 1388 enim
1204 1361 1241 1388 te
1255 1352 1336 1403 jam
1358 1364 1561 1389 exoremus
1583 1363 1653 1388 ne-

245 1413 340 1451 ceffe
370 1414 435 1457 est,
471 1415 673 1466 (quoniam
706 1416 844 1453 retines
875 1429 943 1454 nos
965 1417 1005 1454 in
1026 1416 1101 1454 hoc
1123 1417 1261 1462 studio,
1293 1430 1363 1455 nec
1387 1418 1433 1454 ad
1453 1418 1567 1456 aliam
1588 1418 1651 1455 di-

245 1481 370 1517 mittis
391 1482 530 1531 artem)
555 1491 597 1518 ut
618 1481 729 1518 nobis
750 1482 932 1534 explices,
966 1483 1158 1534 quidquid
1188 1484 1239 1521 est
1259 1483 1372 1528 istud,
1406 1484 1511 1535 quod
1537 1493 1579 1521 tu
1610 1484 1652 1521 in

245 1545 408 1583 dicendo
428 1556 550 1598 potes.
584 1547 724 1598 Neque
751 1548 856 1584 enim
876 1547 1007 1585 sumus
1030 1549 1147 1586 nimis
1168 1549 1297 1593 avidi,
1329 1549 1397 1587 ista
1413 1558 1479 1586 tua
1497 1550 1651 1587 medio-

246 1611 301 1648 cri
321 1611 542 1663 eloquentia
557 1613 733 1649 contenti
748 1611 878 1650 sumus
892 1631 904 1657 3
927 1613 1044 1665 idque
1060 1627 1107 1651 ex
1126 1624 1162 1651 te
1178 1615 1401 1666 quaerimu8‚
1426 1614 1488 1665 (ut
1503 1627 1551 1652 ne
1564 1614 1652 1667 plus

247 1690 314 1715 nos
340 1677 589 1730 affequamur,
621 1691 740 1730 quam
771 1679 1007 1730 quantulum
1038 1689 1081 1717 tu
1104 1680 1144 1717 in
1176 1680 1341 1718 dicendo
1374 1680 1559 1718 assecutus
1591 1682 1663 1732 es)-

247 1744 446 1793 quoniam,
469 1757 594 1796 quae-a
612 1754 745 1782 natura
764 1745 974 1797 expetenda
994 1745 1093 1790 sunt,
1115 1760 1158 1783 ea
1178 1747 1274 1784 dicis
1294 1760 1373 1785 non
1393 1747 1511 1784 nimis
1532 1746 1660 1786 deeffe

247 1809 374 1853 nobis,
397 1810 492 1861 quid
511 1819 690 1862 praeterea
708 1810 780 1848 effe
799 1811 1066 1849 assumendum
1086 1822 1197 1864 putes
1222 1813 1235 1850 ?

303 1875 434 1912 XXX.
459 1876 568 1912 Tum
585 1875 735 1913 Craffus
756 1876 937 1921 arridens,
959 1877 1055 1928 quid
1074 1878 1214 1923 censes,
1246 1879 1389 1931 inquit,
1419 1879 1548 1923 Cotta,
1581 1877 1651 1916 nifi

247 1940 431 1985 studium,
454 1950 492 1978 et
511 1941 685 1979 ardorem
707 1942 900 1994 quendam
914 1943 1076 1980 amoris?
1099 1943 1175 1981 fine
1191 1958 1268 1996 quo
1289 1958 1381 1982 cum
1403 1945 1443 1982 in
1458 1945 1535 1983 vita
1550 1943 1651 1982 nihil

246 2007 462 2059 quidquam
483 2008 696 2060 egregium,
729 2017 814 2046 tum
835 2018 936 2046 certe
956 2008 1045 2054 hoc,
1069 2010 1173 2062 quod
1195 2021 1238 2047 tu
1257 2011 1417 2062 expetiS,
1440 2012 1556 2048 nemo
1573 2025 1649 2048 un-

247 2087 366 2125 quam
387 2073 612 2126 affequetur.
660 2074 802 2127 Neque
818 2088 907 2114 vero
926 2089 991 2113 vos
1013 2076 1058 2114 ad
1079 2090 1162 2114 eam
1179 2090 1259 2114 rem
1276 2077 1386 2114 video
1406 2077 1477 2115 effe
1506 2076 1648 2115 cohor-

247 2140 395 2183 tandos,
419 2153 531 2191 quOS,
560 2154 653 2178 curn
686 2139 787 2178 mihi
807 2155 963 2194 quoque
983 2142 1060 2180 fitis
1092 2142 1255 2187 molesti,
1286 2143 1402 2180 nimis
1434 2144 1551 2181 etiam
1578 2142 1648 2180 fla-

248 2218 355 2256 grare
375 2205 552 2258 intelligo
567 2206 790 2258 cupiditate.
811 2207 881 2245 Sed
901 2207 1072 2260 profesto
1087 2208 1210 2246 studia
1226 2208 1325 2246 nihil
1342 2209 1499 2262 prosunt
1515 2222 1650 2262 perve-

250 2271 381 2308 niendi
399 2271 542 2323 aliquo,
562 2273 628 2310 nisi
645 2273 758 2318 illud,
780 2273 885 2326 quod
900 2288 958 2318 eo,
981 2288 1058 2326 quo
1075 2275 1261 2320 intendas,
1279 2275 1375 2313 ferat
1393 2276 1646 2328 deducatque,

250 2336 442 2387 cognoris.
475 2339 616 2388 Qare,
639 2340 822 2390 quoniam
844 2339 944 2377 mihi
960 2340 1080 2378 levius
1097 2341 1291 2392 quoddam
1313 2355 1409 2379 onus
1430 2341 1647 2394 imponitis,

251 2414 375 2451 neque
395 2415 442 2439 ex
473 2415 535 2439 me
555 2403 602 2440 de
630 2405 786 2442 oratoris
814 2415 904 2449 arte,
938 2405 1000 2443 sed
1020 2406 1066 2443 de
1086 2405 1158 2444 hac
1179 2420 1277 2451 mea,
1310 2407 1649 2459 quantulacunque

250 2468 316 2511 est,
347 2466 529 2505 facultate
549 2470 733 2520 quaeritis,
754 2483 946 2523 exponam
965 2472 1074 2510 vobis
1103 2473 1309 2525 quandam,
1332 2486 1409 2510 non
1429 2481 1494 2509 aut
1519 2482 1646 2523 perre-

249 2534 462 2580 conditam,
499 2544 564 2573 aut
594 2535 701 2574 valde
734 2536 948 2582 difficilem,
990 2547 1055 2576 aut
1088 2538 1350 2592 magnificam,
1383 2547 1447 2576 aut
1477 2548 1646 2590 gravem,
