2176 2912
1042 179 1267 234 [280]

1092 396 1210 430 DE

632 537 1689 641 ORATORE‚

692 736 1018 782 LIBER
1105 732 1614 781 TERTIUS.

437 947 469 985 Ι.
554 943 963 983 NSTITUENTI
995 939 1108 986 mihi,
1129 940 1278 992 Qinte
1294 940 1423 988 frater,
1450 953 1541 978 eum
1561 939 1774 980 sermonem
1794 955 1853 980 re-

478 948 545 1103 Ι
580 1010 690 1056 ferre,
722 1018 759 1047 et
779 1009 955 1047 mandare
974 1006 1066 1046 huic
1086 1007 1200 1046 tertio
1219 1007 1332 1054 libro,
1356 1022 1474 1063 quem
1493 1006 1575 1059 post
1594 1008 1758 1046 Antonii
1779 1008 1854 1046 dis-

579 1077 819 1130 putationem
834 1075 981 1114 Crassus
1001 1073 1201 1119 habuisset,
1218 1076 1351 1114 acerba
1369 1076 1452 1114 sane
1467 1073 1678 1113 recordatio
1691 1083 1856 1112 veterem

464 1143 584 1182 animi
603 1156 750 1187 curam,
781 1141 1071 1193 molestiamque
1086 1140 1290 1179 renovavit.
1322 1141 1429 1179 Nam
1449 1138 1547 1177 illud
1567 1138 1857 1178 immortalitate

465 1210 630 1263 dignum
663 1208 880 1260 ingenium,
910 1206 976 1244 illa
1005 1205 1236 1251 humanitas,
1268 1206 1334 1244 illa
1359 1207 1478 1244 virtus
1499 1206 1548 1243 L.
1573 1205 1703 1250 Crasti,
1734 1213 1860 1244 morte

463 1277 630 1314 extineta
648 1274 771 1312 subita
787 1274 853 1319 est,
883 1274 948 1311 vix
967 1273 1102 1311 diebus
1123 1272 1257 1311 decem
1281 1273 1363 1326 post
1382 1286 1473 1311 eum
1492 1271 1610 1317 diem,
1639 1272 1706 1324 qui
1725 1271 1801 1310 hoc
1820 1280 1859 1310 et

462 1342 649 1395 superiore
664 1341 764 1379 libro
783 1340 1015 1379 continetur.
1038 1341 1096 1379 Ut
1114 1341 1219 1378 enim
1238 1341 1408 1379 Romam
1424 1339 1535 1378 rediit
1549 1346 1722 1376 extremo
1734 1337 1857 1376 sceni-

463 1422 601 1447 corum
633 1408 814 1446 ludorum
847 1407 922 1452 die,
952 1405 1199 1445 vehementer
1231 1415 1451 1445 commotus
1485 1419 1527 1443 ea
1560 1404 1743 1449 oratione,
1774 1418 1859 1457 quae

463 1473 656 1512 ferebatur
674 1472 805 1512 habita
832 1472 902 1511 effe
922 1473 963 1510 in
983 1473 1169 1510 concione
1193 1486 1214 1509 a
1233 1472 1418 1525 Philippo
1430 1490 1442 1516 ;
1474 1484 1592 1523 quem
1611 1469 1742 1508 dixiffe
1761 1483 1858 1508 con-

464 1541 595 1585 stabat,
626 1540 812 1578 videndum
827 1539 905 1591 fibi
920 1539 1022 1577 aliud
1034 1539 1093 1592 ‘ff'
1122 1539 1307 1590 coffffum,
1338 1539 1392 1576 illo
1398 1540 1533 1591 stntztu
1548 1540 1593 1590 st
1611 1537 1860 1589 rempublicam

461 1622 588 1661 gerere
617 1620 685 1644 non
708 1606 825 1660 pqffl:
856 1619 966 1643 mane
1000 1605 1127 1642 idibus
1150 1605 1383 1657 Septembris
1402 1613 1439 1641 et
1469 1604 1535 1641 ille
1555 1612 1592 1641 et
1612 1603 1757 1641 senatus
1778 1603 1857 1641 fre-

466 1686 602 1726 quens,
624 1681 760 1710 vocatu
782 1671 910 1715 Drusi,
933 1671 972 1708 in
994 1671 1139 1708 curiam
1161 1671 1278 1708 venit.
1312 1670 1371 1708 Ibi
1392 1683 1483 1707 cum
1502 1669 1649 1707 Drusus
1671 1669 1794 1706 multa
1812 1669 1859 1706 de

466 1738 652 1792 Philippo
668 1738 819 1790 questus
839 1737 938 1782 effet,
957 1737 1086 1774 retulit
1106 1737 1151 1774 ad
1173 1736 1343 1774 senatum
1364 1736 1409 1773 de
1428 1736 1497 1773 illo
1518 1735 1610 1788 ipso,
1629 1735 1733 1787 quod
1750 1736 1858 1773 Con-

467 1805 523 1844 sul
542 1806 581 1843 In
600 1819 690 1842 eum
711 1804 884 1842 ordinem
900 1813 978 1841 tam
999 1803 1162 1856 graviter
1180 1803 1219 1840 in
1234 1803 1420 1840 concione
1438 1801 1524 1839 effet
1544 1802 1729 1840 invectus.
1762 1801 1857 1847 Hic,

467 1880 510 1909 ut
531 1871 622 1923 saepe
640 1871 737 1907 inter
756 1869 932 1908 homines
946 1869 1232 1922 sapientiffimos
1254 1869 1419 1907 constare
1439 1867 1531 1913 vidi,
1549 1881 1770 1919 quanquam
1785 1867 1860 1906 hoc

468 1935 610 1981 Craffo,
627 1950 717 1974 cum
739 1936 884 1987 aliquid
897 1935 1106 1973 accuratius
1129 1934 1292 1980 dixisset,
1307 1934 1454 1986 semper
1473 1932 1551 1971 fere
1572 1933 1798 1985 contigisset,
1818 1941 1862 1970 ut

468 2017 667 2055 nunquam
687 2002 818 2040 dixiffe
848 2002 985 2040 melius
1006 2010 1215 2054 putaretur,
1247 2011 1374 2039 tamen
1395 2000 1573 2038 omnium
1601 1999 1779 2037 consensu
1811 1999 1862 2037 fic

466 2069 537 2107 effe
557 2079 642 2107 tum
667 2069 900 2120 judicatum,
930 2077 1083 2106 caeteros
1104 2081 1125 2105 a
1145 2067 1271 2105 Crasso
1301 2066 1446 2118 semper
1465 2078 1613 2109 omnm,
1645 2065 1713 2103 illo
1732 2074 1861 2104 autem

467 2135 529 2173 die
545 2135 660 2172 etiam
682 2134 807 2186 ipsum
823 2148 842 2171 a
858 2133 929 2171 sese
945 2133 1175 2185 superatum.
1227 2131 1453 2184 Deploravit
1473 2131 1578 2168 enirn
1598 2130 1727 2168 casum
1748 2140 1862 2183 atque
1925 2180 1928 2182 Ι

466 2201 672 2239 orbitatem
694 2200 863 2244 senatus;
896 2200 1002 2251 cujus
1019 2199 1163 2236 ordinis
1182 2212 1202 2235 a
1227 2197 1405 2242 Consule,
1427 2197 1494 2249 qui
1515 2197 1617 2249 quasl
1637 2210 1767 2249 parens
1788 2197 1861 2234 bo-

468 2281 554 2312 nus,
585 2275 649 2304 aut
684 2276 787 2304 tutor
817 2266 939 2304 fidelis
969 2265 1038 2303 effe
1071 2266 1236 2309 deberet,
1274 2274 1455 2316 tanquam
1484 2265 1530 2302 ab
1556 2264 1685 2316 aliquo
1719 2263 1862 2302 nefario

467 2333 656 2386 praedone,
691 2332 916 2384 diriperetur
951 2332 1229 2384 patrimonium
1259 2330 1483 2382 dignitatis:
1517 2343 1641 2382 neque
1674 2343 1761 2367 vero
1791 2328 1862 2366 effe

468 2398 704 2441 mirandum,
737 2398 776 2442 si,
799 2411 888 2435 cum
911 2397 984 2434 suis
1001 2397 1164 2435 consiliis
1185 2396 1464 2449 rempublicam
1493 2395 1733 2449 profligasset,
1766 2407 1860 2432 con-

469 2466 595 2504 filium
617 2463 762 2502 senatus
784 2479 803 2502 a
823 2464 1019 2517 republica
1039 2464 1263 2516 repudiaret.
1302 2464 1382 2501 Hic
1398 2477 1489 2501 cum
1510 2462 1661 2501 homini
1682 2471 1719 2500 et
1746 2460 1861 2499 vehe-

467 2533 605 2578 menti,
637 2541 673 2570 et
694 2531 844 2578 diserto,
875 2540 913 2570 et
944 2532 982 2569 in
1013 2531 1148 2585 primis
1179 2529 1271 2570 forti
1301 2530 1347 2569 ad
1373 2530 1632 2576 refistendum‚
1663 2528 1860 2581 Philippo,
