2176 2912
392 163 471 216 248
750 165 867 205 DE
945 165 1449 207 ORAToRE

389 258 452 298 sed
473 266 602 298 tamen
625 256 785 297 defefi‘us
810 259 894 311 jam
914 259 1041 299 labore
1061 268 1176 312 atque
1196 260 1331 299 itinere
1351 258 1631 313 disputationis,
1662 262 1792 315 requi-

389 325 511 364 escam
539 326 580 363 in
611 324 764 364 Caesaris
786 325 972 372 sermone,
1004 326 1108 380 quasi
1126 327 1168 366 in
1190 327 1321 380 aliquo
1350 336 1636 382 peropportuno
1665 328 1792 367 diver-

390 390 501 430 sorio.

444 457 596 497 LVIII.
639 459 778 511 Atqui,
810 459 939 512 inquit
962 459 1104 512 Julius,
1136 473 1213 498 non
1241 461 1358 500 nimis
1389 461 1546 500 liberale
1578 459 1793 514 hospitium

389 537 524 563 meum
554 524 681 563 dices:
713 538 804 564 nam
838 534 875 564 te
895 526 935 564 in
955 526 1072 571 viam,
1103 526 1217 564 s1mul
1246 540 1289 565 ac
1318 527 1590 580 perpaululum
1619 527 1793 580 gustatis,
1851 539 1854 541 '

387 590 589 629 extrudam
606 600 643 629 et
663 591 830 644 ejiciam.
873 593 948 636 Ac,
979 605 1027 630 ne
1046 592 1191 630 diutius
1213 605 1278 630 vos
1299 593 1487 637 demorer,
1519 594 1565 630 de
1585 594 1695 631 omni
1724 593 1793 631 isto

387 669 524 709 genere
545 656 640 709 quid
661 656 834 701 sentiam,
854 657 1086 709 perbreviter
1105 670 1311 709 exponam.
1343 658 1405 694 De
1424 656 1499 694 risu
1520 658 1694 709 quinque
1708 657 1795 695 sunt

388 735 474 774 quae
503 730 917 774 quaeranturzunum,
954 722 1049 774 quid
1080 722 1149 760 fit:
1181 722 1359 767 alterum,
1390 722 1492 760 unde
1512 722 1582 760 fit:
1616 723 1790 767 tertium,

387 788 481 826 fitne
501 789 658 826 oratoris
675 788 772 826 velle
792 788 911 826 risum
930 801 1082 827 movere
1100 803 1108 827 ε
1131 798 1326 841 quartum,
1345 797 1532 842 quatenus
1551 803 1559 828 :
1591 789 1792 842 quintum,

388 867 473 906 quae
494 854 566 891 fint
586 867 723 906 genera
743 854 912 892 ridiculi.

442 922 574 972 Atque
608 920 707 958 illud
738 921 927 973 primum,
958 920 1054 972 quid
1079 921 1124 959 fit
1151 920 1227 973 ipse
1247 921 1354 966 risus,
1387 934 1465 973 quo
1484 922 1594 974 paeto
1619 922 1792 959 concite-

388 996 464 1031 tur,
496 986 565 1024 ubi
598 986 657 1030 fit,
702 987 902 1038 quomodo
936 986 1083 1031 existat,
1116 995 1230 1038 atque
1256 987 1309 1024 ita
1338 996 1494 1039 repente
1527 996 1718 1040 erumpat,
1749 995 1794 1026 ut

387 1066 480 1090 eum
500 1052 698 1104 cupientes
728 1060 855 1089 tenere
875 1065 1124 1103 nequeamus,
1155 1060 1192 1089 et
1219 1053 1417 1104 quomodo
1434 1052 1546 1089 fimul
1576 1052 1704 1097 latera,
1734 1065 1792 1098 os,

388 1132 515 1163 venas,
547 1117 715 1162 vultum,
757 1117 904 1162 oculos,
950 1126 1127 1170 occupet,
1173 1117 1311 1155 viderit
1341 1118 1593 1156 Democritus
1612 1132 1621 1156 :
1668 1130 1794 1170 neque

387 1186 495 1223 enim
514 1184 560 1222 ad
590 1183 696 1222 hunc
717 1183 933 1222 sermonem
954 1182 1030 1221 hoc
1050 1184 1215 1236 pertinet
1228 1202 1239 1228 ;
1271 1192 1323 1228 et,
1355 1184 1381 1222 fi
1401 1172 1622 1236 pertineret,
1652 1183 1796 1222 nescire

388 1265 453 1289 me
473 1260 601 1288 tamen
621 1250 662 1288 id
682 1263 760 1289 non
782 1250 952 1303 puderet,
984 1249 1088 1302 quod
1121 1263 1169 1288 ne
1189 1250 1258 1303 ipfi
1279 1249 1436 1302 quidem
1449 1250 1519 1289 'illi
1539 1250 1690 1296 scirent,
1723 1249 1793 1303 qui

387 1317 675 1371 pollicerentur.

443 1385 572 1422 Locus
588 1393 718 1423 autern
738 1393 776 1423 et
794 1385 899 1438 regio
916 1384 1018 1438 quafi
1035 1384 1190 1423 ridiculi
1209 1385 1318 1437 (nam
1334 1385 1374 1423 id
1392 1385 1569 1439 proxime
1589 1383 1790 1437 quaeritur)

388 1449 629 1503 turpitudine
648 1459 685 1488 et
706 1449 950 1488 deformitate
970 1451 1136 1503 quadam
1156 1451 1389 1490 continetur.
1417 1451 1515 1489 Haec
1535 1450 1641 1488 enim
1661 1449 1792 1486 riden-

387 1524 451 1554 tur
471 1516 529 1553 vel
550 1515 640 1560 sola,
671 1516 730 1554 vel
752 1517 936 1561 maxime,
968 1530 1052 1568 quae
1073 1525 1208 1554 notant
1235 1526 1272 1555 et
1292 1517 1488 1569 designant
1509 1515 1792 1568 turpitudinem

387 1582 557 1635 aliquam
577 1595 656 1620 non
678 1583 853 1636 turpiter.
1596 1626 1601 1627 ⁷

444 1649 512 1687 Est
531 1657 675 1694 autem,
708 1658 752 1686 ut
771 1649 817 1686 ad
836 1648 935 1687 illud
955 1648 1113 1687 tertIum
1134 1649 1299 1694 veniam,
1320 1650 1373 1688 est
1392 1650 1504 1703 plane
1524 1649 1681 1688 oratoris
1702 1662 1796 1690 mos

388 1729 474 1754 vere
494 1716 637 1761 risum,
669 1716 728 1754 vel
763 1715 867 1768 quod
901 1716 978 1768 ipsa
1007 1715 1177 1754 hilaritas
1199 1717 1505 1755 benevolentiam
1532 1716 1714 1755 conciIIat
1740 1716 1790 1761 ei,

388 1796 456 1837 per
476 1797 595 1835 quem
615 1783 779 1821 excitata
799 1783 851 1821 est
863 1801 874 1828 3
907 1783 966 1820 vel
993 1783 1098 1836 quod
1118 1783 1357 1822 admirantur
1375 1796 1510 1822 omnes
1532 1796 1693 1821 acumen
1714 1796 1793 1821 uno

389 1850 483 1902 saepe
503 1850 543 1887 in
564 1849 681 1888 verbo
700 1850 882 1903 positum,
900 1850 1071 1888 maxime
1087 1849 1360 1903 respondentis,
1375 1863 1658 1902 nonnunquam
1674 1849 1792 1888 etiam

387 1915 624 1960 laceffentis.;
656 1916 716 1954 vel
748 1915 853 1968 quod
883 1914 1028 1968 frangit
1046 1916 1313 1961 adversarium,
1345 1916 1449 1969 quod
1479 1916 1656 1968 impedit,
1687 1914 1792 1967 quod

387 1982 521 2027 elevat,
553 1982 657 2035 quod
688 1983 864 2028 deterret,
895 1983 999 2035 quod
1031 1982 1195 2028 refutat,
1227 1983 1286 2020 vel
1314 1983 1418 2034 quod
1439 1982 1564 2034 ipsum
1585 1991 1789 2026 oratorem,

389 2049 557 2101 politum
577 2049 647 2087 effe
665 2048 868 2088 hominem
889 2048 1088 2102 fignificat,
1107 2049 1211 2101 quod
1223 2049 1433 2093 eruditum,
1451 2048 1556 2100 quod
1573 2048 1763 2085 urbanum
1776 2064 1789 2092 5

389 2115 634 2167 maximeque
667 2116 772 2168 quod
806 2115 1012 2159 tristitiam,
1044 2128 1086 2152 ac
1122 2114 1359 2152 severitatem
1380 2114 1533 2166 mitigat
1564 2122 1602 2151 et
1633 2113 1789 2158 relaxat,

388 2173 608 2233 odiosasque
628 2194 683 2219 res
704 2181 813 2234 saepe,
844 2193 937 2233 quas
968 2181 1207 2233 argumentis
1235 2179 1332 2225 dilui
1363 2193 1441 2218 non
1473 2178 1586 2218 facile
1606 2179 1672 2224 est,
1697 2179 1791 2231 joco

389 2246 540 2299 risuque
560 2238 740 2285 dissolvit.

444 2314 645 2365 Qatenus
666 2322 794 2351 autem
815 2313 887 2351 sint
918 2312 1079 2352 ridicula
1100 2313 1290 2352 tractanda
1309 2313 1462 2358 oratori,
1493 2325 1679 2365 perquam
1699 2310 1789 2349 dili-

388 2390 522 2433 genter
539 2379 750 2418 videndum
770 2379 821 2418 est
837 2399 848 2425 5
880 2380 919 2418 id
941 2380 1045 2433 quod
1074 2381 1114 2418 in
1135 2389 1270 2433 quarto
1290 2380 1377 2418 loco
1397 2379 1591 2432 quaerendi
1611 2377 1789 2431 posuera-

389 2460 490 2485 mus.
538 2446 644 2485 Nam
671 2459 740 2484 nec
761 2446 917 2499 insignis
934 2446 1162 2499 improbitas
1183 2455 1221 2484 et
1242 2445 1378 2485 scelere
1393 2447 1542 2498 jundh,
1573 2457 1642 2482 nec
1663 2442 1789 2482 rursus

389 2512 537 2551 miseria
556 2513 713 2566 insignis
734 2513 873 2566 agitata
892 2512 1050 2553 ridetur.
1078 2513 1110 2552 F
1113 2511 1325 2552 acinorosos
1341 2512 1446 2551 enim
1463 2511 1606 2564 majore
1623 2508 1789 2563 quadam
