2176 2912
611 173 929 215 LIBER
1004 171 1546 235 TERTIUS„
1674 191 1749 218 ψ

1672 208 1692 231 0
1727 206 1742 232 Ι

347 268 642 323 jucunditasque
661 268 878 306 celebravit.
915 266 1023 305 Nam
1043 275 1086 305 ut
1105 266 1215 305 vestis
1236 265 1389 320 frigoris
1410 267 1626 321 depellendi
1647 272 1755 322 causa

353 345 498 390 reperta
516 335 658 387 primo,
689 333 772 388 post
792 332 964 371 adhiberi
989 342 1116 386 coepta
1134 333 1186 371 est
1212 333 1259 371 ad
1278 342 1457 372 ornatum
1477 335 1594 373 etiam
1615 350 1752 390 corpo-

353 402 404 439 ris
423 410 461 438 et
481 399 709 452 dignitatem
726 418 738 444 3
771 399 820 437 fic
842 399 948 437 verbi
969 398 1159 437 transsatio
1180 399 1353 437 instituta
1383 399 1436 437 est
1465 400 1603 452 inopiae
1630 404 1750 448 causa,

350 466 605 519 frequentata,
632 465 907 504 delectationis.
967 465 1074 504 Nam
1097 480 1277 518 gemmare
1302 467 1410 511 vites,
1439 466 1615 505 luxuriem
1634 474 1692 514 ele
1721 471 1758 508 in

350 532 482 578 herbis,
512 533 616 571 laetas
633 534 784 586 figetes,
815 532 933 570 etiarn
953 532 1082 570 rustici
1102 533 1251 571 dicunt.
1312 532 1430 584 Qod
1449 533 1555 571 enirn
1576 534 1756 573 declarari

351 599 418 637 vix
449 599 565 636 verbo
598 599 753 651 proprio
787 598 922 650 potest,
955 597 994 636 id
1015 597 1190 636 transsato
1208 612 1300 636 cum
1321 598 1374 636 est
1400 598 1563 644 dietum,
1594 599 1756 640 illustrat

350 664 406 710 id,
437 664 541 718 quod
561 664 728 717 intelligi
753 665 948 710 volumus,
978 666 1058 717 ejus
1085 665 1151 710 rei,
1183 678 1301 717 quam
1327 664 1450 703 alieno
1476 666 1592 704 verbo
1623 667 1754 718 posui-

352 744 455 776 mus,
487 730 712 769 fimilitudo.
756 731 860 784 Ergo
880 730 939 769 hae
960 731 1216 769 transsationes
1237 731 1340 784 quafi
1368 732 1626 770 mutuationes
1654 733 1755 779 sunt,

352 811 459 842 cum,
492 797 597 849 quod
627 810 704 835 non
735 796 887 842 habeas,
919 797 1071 835 aliunde
1091 797 1229 835 sumas.
1280 798 1361 835 Illae
1381 797 1495 850 paulo
1521 799 1753 845 audaciores,

352 877 438 916 quae
465 876 544 901 non
570 863 742 915 inopiam
762 863 949 906 indicant,
980 862 1042 900 sed
1062 863 1224 901 orationi
1241 863 1448 915 splendoris
1468 863 1612 916 aliquid
1633 867 1754 904 arces-

352 929 454 966 sunt.
487 930 665 980 Qarum
685 941 771 980 ego,
802 928 896 980 quid
915 928 1022 966 vobis
1044 937 1109 966 aut
1128 929 1347 967 inveniendi
1368 930 1570 975 rationem,
1599 940 1662 969 aut
1683 946 1752 985 ge-

351 1008 453 1039 nera,
475 994 647 1047 ponam?

388 1061 582 1098 XXXIX.
615 1061 887 1100 Similitudinis
908 1062 959 1100 est
979 1062 1025 1101 ad
1044 1063 1205 1102 verbum
1226 1077 1349 1101 unum
1369 1065 1562 1102 commeta
1577 1063 1752 1109 brevitas,

353 1126 457 1178 quod
477 1126 639 1164 verbum
654 1128 695 1165 in
711 1128 833 1166 alieno
850 1129 950 1173 loco,
974 1138 1156 1181 tanquam
1176 1131 1216 1167 in
1237 1130 1316 1175 suo,
1337 1130 1520 1183 positum,
1538 1131 1563 1168 fi
1581 1130 1755 1182 agnosci-

353 1202 429 1237 tur,
459 1191 644 1231 deleecat:
682 1192 708 1230 fi
724 1193 846 1231 simile
873 1193 970 1232 nihil
990 1194 1120 1240 habet,
1143 1195 1376 1248 repudiatur.
1410 1195 1486 1233 Sed
1501 1209 1542 1233 ea
1561 1195 1755 1234 transferri

353 1268 519 1311 oportet,
541 1271 626 1311 quae
642 1268 707 1297 aut
727 1259 928 1298 clariorem
947 1259 1096 1300 faciunt
1116 1275 1212 1306 rem,
1233 1271 1277 1299 ut
1297 1261 1363 1298 illa
1379 1261 1524 1307 omnia,

1094 1328 1313 1382 Inhorrescit
1332 1342 1444 1372 mare,

491 1389 660 1432 {Tenebrae
679 1393 985 1447 conduplicantur‚
1007 1395 1180 1447 noc‘Jgsque
1195 1405 1229 1432 et
1249 1394 1401 1432 nimbdm
1420 1404 1571 1432 occaecat
1587 1394 1726 1447 nigror,

490 1460 657 1497 Flamma
676 1460 773 1498 inter
792 1460 899 1499 nubes
918 1460 1092 1513 coruscat,
1114 1461 1237 1499 caelum
1257 1461 1397 1498 tonitru
1416 1462 1617 1505 contremit,

492 1525 641 1565 Grando
659 1526 759 1578 mzssa
778 1527 887 1565 imbri
898 1527 1197 1580 largffluoficbita
1210 1527 1448 1579 praecipitans
1467 1527 1578 1572 cadit,

490 1590 652 1644 Undique
670 1607 783 1630 omnes
802 1593 908 1632 venti
923 1601 1127 1646 erumpunt,
1136 1592 1241 1645 saevi
1256 1592 1409 1646 existunt
1428 1592 1601 1639 turbines,

488 1658 629 1697 Fervet
647 1658 731 1712 aestu
742 1659 893 1712 pelagus
906 1683 970 1689 -—-
1265 1651 1269 1655 ⁸

355 1722 502 1761 Omnia
521 1722 611 1767 fere,
633 1738 711 1776 quo
731 1725 847 1763 effent
867 1726 1037 1770 clariora,
1065 1726 1247 1765 transsatis
1268 1740 1335 1779 per
1356 1726 1650 1765 similitudinem
1670 1739 1754 1764 ver-

354 1790 413 1827 bis
446 1789 545 1826 dieta
565 1789 674 1827 sunt:
707 1799 772 1828 aut
792 1805 870 1842 quo
890 1791 1122 1843 fignificetur
1143 1794 1265 1845 magis
1284 1806 1341 1831 res
1363 1802 1455 1838 tota,
1481 1793 1553 1831 five
1574 1792 1663 1831 faeti
1682 1793 1754 1830 ali-

355 1856 479 1906 cujus,
516 1854 590 1893 five
623 1856 769 1894 confilii
786 1875 797 1900 ς
835 1865 878 1893 ut
899 1857 976 1901 ille,
1010 1858 1078 1908 qui
1109 1859 1371 1896 occultantem
1401 1859 1591 1904 consulto,
1625 1873 1671 1897 ne
1701 1859 1754 1904 id,

353 1921 457 1973 quod
480 1930 666 1973 ageretur,
699 1922 863 1974 intelligi
884 1922 1016 1976 postet,
1053 1923 1202 1961 duobus
1225 1924 1407 1962 transsatis
1429 1926 1553 1963 verbis
1575 1925 1755 1963 similitu-

353 1987 441 2025 dine
461 1987 539 2040 ipsa
558 1988 716 2033 indicat,

492 2054 777 2108 andoquidem
795 2055 853 2108 sse
873 2056 1109 2110 circumvestit
1131 2057 1245 2102 dfflis,
1262 2057 1503 2111 stpitst’dulo.

355 2120 651 2172 Nonnunquam
672 2123 788 2160 etiam
810 2123 971 2160 brevitas
993 2123 1231 2162 transsatione
1251 2124 1470 2169 conficitur,
1508 2134 1549 2162 ut
1571 2124 1683 2169 illud,
1718 2125 1760 2163 Si

354 2187 460 2224 telum
480 2201 586 2225 manu
591 2188 717 2240 filgit-
764 2189 1027 2242 Imprudentia
1048 2191 1113 2228 teli
1133 2191 1253 2228 emiffi
1275 2191 1428 2228 brevius
1448 2192 1611 2244 propriis
1633 2191 1755 2229 verbis

353 2252 492 2304 exponi
513 2266 590 2290 non
611 2255 752 2306 potuit,
775 2269 891 2307 quam
910 2256 962 2294 est
983 2270 1060 2294 uno
1080 2257 1288 2309 significata
1308 2257 1495 2296 transsato.

409 2319 540 2369 Atque
560 2317 635 2356 hoc
655 2319 695 2357 in
715 2333 851 2372 genere
872 2321 1032 2375 persaepe
1054 2322 1152 2360 mihi
1175 2323 1444 2362 admirandum
1466 2323 1629 2367 videtur,
1661 2321 1755 2374 quid

356 2383 412 2427 sit,
444 2383 548 2434 quod
582 2397 714 2422 omnes
750 2386 931 2426 transsatis
965 2397 1003 2425 et
1033 2388 1165 2425 alienis
1201 2389 1322 2440 magis
1355 2389 1588 2426 delcetantur
1614 2387 1752 2432 verbis,

355 2461 472 2503 quam
492 2449 668 2502 propriiS,
701 2458 738 2489 et
758 2449 846 2491 suis.
