2176 2912
399 285 473 312 112
635 270 1542 310 DEINVENTIONE

394 362 460 400 ille
481 361 531 406 se,
561 375 645 413 quae
676 361 753 414 ipse
772 360 900 405 vellet,
932 360 1066 398 debere
1086 360 1194 398 dicit.
1247 361 1440 406 Primum,
1471 361 1497 398 fi
1519 360 1601 398 fieri
1632 361 1787 413 poterit,

391 426 732 467 demonstrandum
752 426 818 471 est,
849 440 926 464 non
947 425 1018 464 esse
1037 426 1218 478 ambigue
1239 426 1437 479 scriptum,
1470 435 1666 479 propterea
1685 427 1790 478 quod

394 506 529 531 omnes
564 492 603 529 in
638 491 910 530 consuetudine
946 491 1128 529 sermonis
1160 492 1208 529 fic
1240 492 1298 529 uti
1323 491 1445 530 solent
1475 505 1519 530 eo
1550 492 1666 529 verbo
1697 505 1788 535 uno,

390 557 615 610 vpluribusve
634 558 676 595 in
696 571 737 594 ea
756 557 952 601 sententia,
984 557 1024 594 in
1045 570 1120 608 qua
1140 557 1185 600 is,
1208 558 1276 609 qui
1297 557 1410 601 dicet,
1433 557 1700 609 accipiendum
1721 556 1791 594 effe
1852 602 1855 603 ⁷

397 623 684 661 demonstrabit.
745 622 897 660 Deinde
920 635 966 660 ex
988 621 1176 674 superiore
1196 631 1233 659 et
1252 636 1298 660 ex
1319 621 1498 660 inferiore
1518 622 1700 674 scriptura
1720 622 1789 659 do-

389 689 579 732 cendum,
598 688 649 731 id,
666 687 769 739 quod
787 696 988 739 quaeratur,
1007 687 1087 724 fieri
1107 686 1365 739 perspicuum.
1399 689 1527 738 Qare
1547 687 1572 724 fi
1592 687 1668 739 ipsa
1687 687 1791 739 sepa-

398 754 511 791 ratim
531 767 578 790 ex
598 753 633 790 se
663 752 775 790 verba
795 752 1091 795 confideremus,
1121 752 1266 795 omnia,
1297 761 1362 789 aut
1386 752 1580 804 pleraque,
1612 752 1793 804 ambigua

396 819 520 856 visum
541 818 600 855 iri.
661 819 758 869 Qae
779 826 907 854 autem
925 830 971 854 ex
997 816 1107 856 omni
1133 816 1366 855 confiderata
1387 816 1572 869 scriptura
1597 816 1794 870 perspicua

398 883 503 926 fiant,
535 881 616 919 ha‘c
637 881 817 933 ambigua
837 895 916 919 non
935 890 1108 933 oportere
1128 881 1348 919 existimari.
1381 881 1534 919 Deinde
1554 894 1628 933 qua
1648 882 1688 918 in
1709 880 1793 919 sen-

397 949 517 986 tentia
537 948 696 1000 scriptor
715 947 844 992 fuerit,
868 961 914 986 ex
927 948 1070 985 caeteris
1090 948 1171 1001 ejus
1191 947 1355 1000 scriptis,
1375 946 1498 992 factis,
1520 947 1645 992 dietis,
1664 947 1794 984 animo

397 1023 513 1066 atque
533 1013 609 1051 vita
629 1014 708 1064 ejus
730 1013 829 1050 sumi
848 1013 1054 1065 oportebit,
1086 1022 1124 1051 et
1143 1026 1228 1051 eam
1246 1013 1367 1067 ipsam
1387 1012 1627 1065 scripturam,
1660 1013 1699 1050 in
1720 1025 1795 1064 qua

399 1080 512 1116 inerit
544 1078 641 1116 illud
671 1078 916 1130 ambiguum,
954 1077 1000 1116 de
1030 1091 1108 1130 quo
1143 1079 1338 1130 quaeritur‚
1375 1087 1498 1116 totam
1531 1078 1713 1115 omnibus
1748 1090 1795 1115 ex

398 1144 569 1196 partibus
590 1153 819 1196 pertentare,
850 1144 875 1182 fi
897 1143 991 1195 quid
1019 1153 1085 1182 aut
1111 1144 1157 1181 ad
1186 1144 1225 1182 id
1259 1143 1475 1197 appofitum
1497 1143 1555 1187 fit,
1587 1142 1692 1194 quod
1726 1156 1794 1180 nos

399 1210 707 1262 interpretemur,
749 1218 814 1246 aut
842 1209 895 1253 Vei,
927 1209 1032 1260 quod
1062 1209 1288 1247 adversarius
1320 1208 1522 1259 intelligat,
1567 1207 1794 1245 adversetur.

399 1274 507 1312 Nam
526 1272 653 1318 facile,
675 1273 770 1325 quid
790 1273 993 1315 verisimile
1012 1273 1058 1311 fit
1072 1287 1164 1310 eum
1183 1272 1338 1310 voluiffe
1358 1272 1427 1324 qui
1443 1271 1599 1324 scripsit,
1621 1284 1668 1309 ex
1688 1271 1797 1309 omni

398 1338 582 1391 scriptura
601 1348 639 1376 et
657 1352 703 1377 ex
723 1339 881 1391 persona
909 1338 1117 1391 scriptori-5,
1148 1348 1262 1390 atque
1293 1338 1339 1376 iis
1365 1337 1492 1385 rebus,
1526 1351 1610 1390 quae
1631 1336 1796 1390 personis

399 1405 592 1443 attributae
613 1405 712 1449 sunt,
735 1404 1046 1445 confiderabitur.

455 1475 608 1513 Deinde
627 1476 699 1514 erit
719 1474 1071 1520 demonstrandum,
1103 1475 1129 1513 fi
1150 1475 1244 1527 quid
1264 1488 1310 1513 ex
1337 1475 1415 1527 ipsa
1439 1487 1478 1512 re
1501 1473 1653 1512 dabitur
1671 1471 1796 1511 facul-

399 1542 501 1585 tatis,
529 1542 581 1586 id,
624 1542 729 1593 quod
757 1541 983 1580 adversarius
1018 1541 1223 1592 intelligat,
1265 1541 1393 1579 multo
1427 1541 1556 1578 minus
1590 1539 1797 1578 commode

401 1606 482 1643 fieri
503 1605 617 1658 poffe,
648 1619 766 1657 quam
786 1605 840 1649 id,
873 1606 978 1657 quod
998 1619 1066 1643 nos
1087 1606 1311 1657 accipimus,
1345 1604 1449 1658 quod
1469 1605 1574 1642 illius
1601 1605 1653 1642 rei
1674 1618 1799 1657 neque

401 1670 690 1715 administratio,
736 1684 859 1723 neque
891 1672 1015 1709 exitus
1049 1671 1165 1716 ullus,
1206 1681 1332 1710 extet:
1378 1684 1446 1709 nos
1474 1671 1578 1723 quod
1609 1671 1797 1716 dicamus,

399 1736 513 1775 facile
544 1745 582 1774 et
604 1736 809 1774 commode
830 1736 983 1788 tranfigi
1014 1736 1127 1789 poffe.
1174 1737 1230 1775 Ut
1257 1737 1297 1774 in
1316 1735 1387 1774 hac
1421 1736 1516 1789 lege,
1551 1735 1668 1787 (nihil
1692 1737 1799 1774 enim

400 1801 581 1855 prohibet
597 1802 724 1839 fidam
738 1802 906 1855 exempli
927 1802 1013 1840 loco
1028 1815 1183 1854 ponere,
1201 1816 1279 1854 quo
1294 1801 1444 1840 facilius
1466 1815 1522 1840 res
1544 1802 1797 1854 intelligatur)

400 1868 587 1906 M’retrix
600 1882 760 1906 coronam
773 1882 919 1906 auream
938 1882 980 1906 ne
998 1868 1136 1906 habeto.
1169 1867 1212 1906 Si
1222 1868 1402 1912 habuerit,
1417 1868 1562 1921 publica
1581 1868 1655 1921 esto.
1689 1870 1799 1906 Con-

402 1942 460 1970 tra
480 1946 584 1978 eum,
607 1933 673 1985 qui
695 1934 936 1971 meretricem
957 1932 1146 1986 publicari
1168 1933 1270 1971 dicat
1290 1947 1336 1972 ex
1358 1933 1441 1986 lege
1461 1942 1649 1987 oportere,
1682 1933 1799 1986 poffet
1842 1940 1849 1950 '

401 1998 492 2042 dici,
515 2012 638 2050 neque
659 1999 1025 2036 administrationem
1045 1998 1115 2037 effe
1137 1998 1257 2036 ullam
1289 1999 1456 2052 publicae
1477 1999 1701 2042 meretricis,
1729 2012 1798 2036 ne-

402 2078 477 2117 que
497 2064 645 2102 exitum
667 2065 760 2116 legis
782 2065 821 2102 in
843 2065 1042 2102 meretrice
1062 2064 1317 2116 publicanda;
1347 2074 1383 2101 at
1400 2065 1440 2101 in
1459 2077 1549 2101 auro
1565 2064 1800 2116 publicando

404 2141 441 2167 et
461 2130 842 2175 administrationem,
874 2139 911 2169 et
928 2130 1076 2169 exitum
1097 2128 1252 2167 facilem
1273 2129 1357 2174 esse,
1379 2138 1417 2167 et
1436 2129 1678 2167 incommodi
1699 2128 1799 2167 nihil

405 2196 529 2234 inesse.

449 2266 559 2304 XLI.
583 2267 641 2304 Ac
659 2266 861 2319 diligenter
882 2265 979 2303 illud
993 2279 1147 2318 quoque
1167 2266 1358 2303 attendere
1374 2265 1580 2318 oportebit,
1603 2279 1712 2310 num,
1731 2265 1800 2303 illo

406 2332 579 2384 probat0,
612 2332 716 2384 quod
746 2331 972 2370 adversarius
1002 2331 1205 2396 intelligat,
1244 2331 1374 2370 utilior
1403 2345 1473 2376 res,
1503 2341 1567 2370 aut
1593 2331 1799 2376 honestior,

405 2407 469 2435 aut
503 2398 625 2450 magis
659 2398 868 2442 necessaria,
904 2411 925 2435 a
948 2398 1129 2451 scriptore
1157 2399 1327 2450 neglecta
1359 2398 1542 2436 videatur.
1589 2397 1633 2436 Id
1664 2397 1743 2442 fiet,
1774 2399 1800 2436 fi

405 2463 458 2508 id,
489 2463 591 2516 quod
623 2477 690 2501 nos
725 2463 1083 2509 demonstrabimus,
1119 2463 1338 2509 honestum,
1369 2474 1433 2502 aut
1454 2464 1562 2509 utile,
1583 2473 1647 2502 aut
1669 2464 1800 2502 neces-

407 2527 544 2567 sarium
565 2527 938 2567 demonstrabimus:
970 2539 1021 2574 et,
1052 2529 1078 2567 s1
1107 2529 1159 2574 id,
1191 2529 1295 2581 quod
1317 2529 1363 2566 ab
1393 2529 1606 2567 adversariis
1637 2529 1799 2572 dicetur,

407 2593 571 2634 minime
587 2593 774 2647 ejusmodi
795 2594 967 2635 dicemus
984 2594 1067 2635 effe.
1100 2595 1252 2635 Deinde
1269 2595 1295 2634 fi
1311 2595 1350 2634 in
1367 2594 1450 2649 lege
1466 2595 1537 2634 erit
1556 2608 1602 2634 ex
1618 2594 1801 2647 ambiguo
