2176 2912
637 166 956 207 LIBER
1032 171 1450 218 PRIMUS.
1670 189 1739 229 181

344 268 433 292 vero
453 255 640 302 addidisti,
674 272 750 296 non
770 261 889 298 modo
909 261 1080 301 senatum
1102 264 1236 304 servire
1249 267 1339 321 pqffi’
1357 272 1515 324 popu10,
1547 275 1608 315 sed
1628 281 1743 320 etiam

342 321 474 366 debere,
510 323 595 374 quis
626 322 701 362 hoc
722 324 979 379 Philosophus
1012 339 1090 369 tam
1124 333 1269 378 mollis,
1302 345 1381 374 tam
1410 338 1627 392 languidus,
1664 356 1743 385 tam

340 396 551 431 enervatus,
583 397 663 426 tam
694 391 827 429 omnia
856 393 902 431 ad
926 395 1163 448 voluptatem
1196 401 1378 452 corporiS,
1409 403 1660 460 doloremque
1680 425 1741 449 re-

338 449 476 496 ferens,
498 453 657 505 probare
675 456 795 507 poffet
814 459 827 494 ?
859 460 1041 498 Senatum
1062 462 1195 501 servire
1213 467 1373 518 popu10,
1395 470 1459 507 cui
1476 474 1642 524 populus
1664 477 1741 529 ipse

337 517 560 556 moderandi
593 529 631 557 et
664 523 820 574 regendi
856 523 911 561 sui
942 527 1182 579 potestatem,
1213 532 1315 583 quasi
1350 535 1532 586 quasdam
1558 538 1737 585 habenas,

337 582 542 622 tradidisset
560 585 573 622 ?

390 649 501 688 LIII.
543 651 677 704 Itaque
706 652 801 700 haec,
824 669 916 696 cum
937 672 956 696 a
986 668 1024 698 te
1044 661 1228 702 divinitus
1249 676 1287 704 et
1314 681 1386 720 ego
1405 669 1505 707 dieta
1525 672 1735 720 arbitrarer,

335 714 378 752 P.
404 715 576 754 Rutilius
608 719 751 765 Rufus,
782 720 904 762 homo
934 725 1082 773 doetus,
1113 739 1151 767 et
1181 730 1434 787 philosophia:
1462 736 1626 784 deditus,
1657 754 1736 779 non

333 781 450 820 modo
470 797 605 834 parurn
623 788 843 833 commode,
874 791 936 828 sed
956 794 1072 832 etiam
1093 798 1255 850 turpiter
1270 810 1308 838 et
1327 801 1525 854 flagitiose,
1548 805 1646 845 dieta
1665 808 1736 846 effe

331 846 494 885 dicebat.
527 849 638 887 Idem
660 852 910 902 QServium
933 857 1114 905 Galbam,
1137 875 1254 914 quem
1274 864 1478 906 hominem
1494 872 1613 922 probe
1633 874 1735 911 noffe

328 920 367 948 et
398 915 705 954 commeminisse
741 917 777 955 se
815 920 949 966 aiebat,
992 929 1223 977 pergraviter
1261 931 1536 983 reprehendere
1574 938 1731 984 solebat,

327 977 433 1029 quod
454 979 500 1023 is,
532 980 580 1018 L.
605 983 804 1022 Scribonio
824 987 1075 1038 quaestionem
1095 992 1136 1030 in
1156 1007 1246 1034 eum
1266 996 1424 1043 ferente,
1453 1003 1591 1054 populi
1614 1005 1730 1043 mise-

326 1043 532 1083 ricordiam
561 1048 794 1095 concitasset,
825 1065 918 1091 cum
947 1051 1013 1093 M.
1038 1057 1150 1104 Cato,
1183 1061 1318 1100 Galbae
1348 1065 1471 1116 gravis
1502 1076 1617 1120 atque
1646 1084 1732 1109 acer

324 1107 523 1154 inimicus,
554 1112 677 1164 aspere
707 1117 806 1168 apud
840 1120 1033 1171 populum
1059 1123 1285 1166 Romanurn
1312 1138 1349 1167 et
1376 1130 1620 1173 vehementer
1641 1137 1730 1175 effet

324 1173 502 1220 locutus;
534 1190 651 1229 quam
671 1182 883 1221 orationem
904 1185 943 1222 in
967 1187 1195 1241 OrIginibus
1216 1193 1289 1232 suis
1310 1196 1484 1248 exposuit
1503 1199 1593 1252 ipse.
1644 1203 1727 1240 Re-

323 1238 590 1295 prehendebat·
613 1244 733 1297 igitur
762 1248 929 1288 Galbam
951 1252 1139 1301 Rutilius,
1161 1259 1266 1310 quod
1296 1261 1327 1298 is
1350 1263 1398 1300 C.
1422 1265 1582 1316 Sulpicii
1603 1268 1724 1313 Galli,

320 1307 530 1359 propinqui
564 1309 634 1355 sui,
668 1313 939 1367 qupillum
971 1318 1099 1359 filium
1130 1323 1208 1375 ipse
1237 1339 1334 1379 pene
1365 1328 1404 1366 in
1435 1328 1619 1371 humeros
1639 1335 1724 1373 suos

320 1373 525 1419 extulisset,
557 1377 623 1427 qui
654 1380 770 1430 patris
802 1382 997 1422 clariffimi
1028 1390 1289 1430 recordatione
1315 1402 1351 1431 et
1378 1398 1566 1436 memoria
1586 1399 1722 1440 fletum

318 1438 466 1490 populo
499 1453 682 1488 moveret,
714 1455 751 1483 et
783 1447 877 1485 duos
909 1449 1009 1488 filios
1030 1452 1114 1491 suos
1144 1469 1276 1507 parvos
1305 1460 1432 1499 tutelae
1452 1465 1587 1516 populi
1608 1480 1721 1505 com-

318 1504 536 1551 mendaffet,
567 1521 609 1545 ac
643 1509 692 1555 se,
735 1521 918 1565 tanquam
953 1516 991 1572 in
1025 1521 1226 1570 procinctu
1258 1524 1531 1567 testamentum
1563 1530 1718 1578 faceret,

316 1568 393 1606 fine
423 1570 520 1609 libra
550 1583 662 1625 atque
696 1577 833 1616 tabulis
855 1581 1045 1633 populum
1067 1585 1293 1627 Romanum
1323 1601 1489 1632 tutorem
1524 1596 1719 1638 instituere

315 1635 464 1675 dixiffet
494 1638 654 1679 illorum
674 1644 842 1684 orbitati.
904 1649 1038 1701 Itaque
1059 1665 1149 1691 cum
1171 1665 1208 1693 et
1228 1657 1383 1704 invidia,
1416 1670 1453 1698 et
1472 1663 1562 1702 odio
1581 1667 1716 1718 populi

317 1709 402 1739 tum
425 1704 551 1742 Galba
570 1720 820 1758 premeretur,
844 1711 904 1750 his
925 1728 1078 1768 quoque
1098 1732 1188 1758 eum
1211 1725 1404 1775 tragoediis
1426 1727 1633 1768 liberatum
1654 1732 1714 1770 fe-

316 1766 443 1811 rebat3
476 1771 580 1820 quod
599 1772 693 1811 item
715 1777 814 1827 apud
837 1779 1027 1819 Catonem
1059 1783 1243 1837 scriptum
1275 1790 1343 1827 effe
1364 1792 1487 1838 video,
1518 1796 1715 1848 nistpuerzk

312 1842 348 1870 et
378 1834 541 1886 lacrymis
569 1839 649 1888 zffics
677 1841 766 1893 qffi’t,
791 1852 918 1894 pamas
947 1861 1023 1885 eum
1056 1849 1226 1891 daturum
1241 1856 1364 1909 fi‘ff·
1416 1860 1513 1898 Haec
1540 1863 1713 1903 Rutilius

313 1899 419 1936 valde
454 1901 704 1955 vituperabat,
735 1918 773 1945 et
803 1907 895 1948 huic
926 1910 1142 1954 humilitati
1163 1919 1311 1959 dicebat
1339 1924 1397 1962 vel
1419 1927 1582 1966 exilium
1602 1929 1713 1970 fuiffe

312 1964 369 2002 vel
391 1975 559 2006 mortem
579 1975 897 2023 anteponendam.
958 1979 1098 2032 Neque
1133 1998 1220 2022 vero
1241 1985 1315 2025 hoc
1349 1989 1472 2030 solum
1505 1994 1617 2040 dixit,
1648 1997 1710 2036 sed

310 2029 386 2081 ipse
417 2041 454 2069 et
474 2032 594 2079 senfit,
627 2045 664 2074 et
694 2037 800 2078 fecit.
861 2043 966 2081 Nam
988 2059 1080 2084 cum
1114 2049 1202 2089 effet
1232 2052 1298 2090 ille
1318 2055 1375 2092 vir
1395 2060 1634 2112 exemplum,
1666 2073 1710 2102 ut

309 2094 424 2141 scitis,
457 2099 712 2148 innocentiae3
745 2119 914 2160 cumque
944 2111 1014 2149 illo
1047 2127 1163 2154 nemo
1190 2130 1312 2170 neque
1342 2123 1527 2175 integrior
1551 2127 1639 2166 esset
1667 2130 1708 2168 in

307 2161 474 2208 civitate,
498 2177 621 2218 neque
641 2169 828 2219 sanction
860 2189 937 2214 non
958 2179 1076 2217 modo
1092 2181 1250 2235 supplex
1264 2187 1463 2237 judicibus
1480 2191 1550 2230 effe
1564 2184 1703 2240 noluit,

307 2226 366 2265 sed
399 2242 445 2266 ne
475 2234 644 2272 ornatius
665 2238 837 2288 quidem,
869 2253 933 2281 aut
964 2244 1119 2285 liberius
1150 2251 1300 2290 causam
1328 2254 1404 2294 dici
1435 2256 1555 2305 suam,
1587 2274 1704 2312 quam

306 2292 466 2346 simplex
487 2300 606 2337 oratio
637 2304 803 2344 veritatis
824 2306 981 2350 ferebat.
1015 2313 1180 2353 Paulum
1201 2316 1294 2357 huic
1315 2321 1440 2361 Cottae
1460 2325 1595 2364 tribuit
1614 2341 1700 2379 par-

305 2358 420 2404 tium,
466 2361 705 2407 disertiffimo
740 2371 980 2421 adolescenti,
1025 2378 1158 2418 sororis
1194 2382 1266 2421 suae
1304 2386 1398 2426 filio.
1457 2390 1571 2428 Dixit
1604 2393 1699 2431 item

303 2425 453 2465 causam
474 2428 581 2468 illam
602 2435 767 2484 quadam
787 2451 833 2477 ex
852 2452 956 2493 parte
977 2444 1228 2497 QMucius,
1264 2465 1371 2491 more
1392 2454 1470 2501 suo,
1503 2457 1611 2496 nullo
1629 2471 1697 2511 ap-

303 2501 448 2541 paratu,
478 2508 572 2547 pure
592 2507 629 2535 et
650 2499 831 2542 dilucide.
