2176 2912
533 192 853 232 LIBER
923 192 1340 233 PRIMUS.
1571 213 1653 250 149

245 288 366 327 homo
387 296 588 341 promptus
609 287 655 324 ab
682 286 843 324 homine
863 286 1073 324 abundanti
1100 287 1284 334 doetrina,
1317 300 1355 327 et
1385 292 1550 342 quadam
1581 294 1643 331 in-

245 355 420 392 credibili
441 353 617 390 varietate
637 365 766 390 rerum
786 362 901 404 atque
920 353 1044 405 copia.
1099 355 1248 392 Omnes
1269 356 1375 393 enim
1396 367 1517 409 partes
1539 358 1643 397 illius

243 420 356 472 ipsius
376 419 588 472 prudentiae
617 418 796 471 petendas
817 418 888 456 effe
918 432 939 456 a
958 418 1208 473 Philosophia
1228 421 1401 466 docebat,
1436 436 1559 475 neque
1585 439 1638 469 ea,

241 500 326 537 quae
342 485 592 523 statuerentur
611 484 652 521 in
673 484 873 537 republica.
887 484 933 522 de
947 485 1034 523 Diis
1056 485 1358 531 immortalibus,
1377 487 1422 524 de
1443 488 1643 540 disciplina

236 551 465 602 juventutis,
497 550 543 588 de
558 550 718 602 justitia,
741 550 787 587 de
807 551 1004 602 patientia,
1024 552 1070 588 de
1090 553 1352 604 temperantia,
1380 553 1425 590 de
1445 554 1562 591 modo
1583 569 1641 592 re-

241 630 328 654 rnm
347 617 542 660 omnium,
573 625 797 667 caeteraque‚
819 616 895 653 fine
915 617 1057 667 quibus
1079 618 1250 656 civitates
1271 627 1336 655 aut
1357 618 1440 662 effe,
1463 629 1527 656 aut
1548 620 1643 657 bene

240 691 395 720 moratae
415 681 487 719 effe
507 694 586 718 non
606 680 765 733 possent,
788 680 949 732 usquam
970 682 1009 719 in
1030 695 1162 719 eorum
1186 683 1293 720 libris
1315 684 1490 722 inveniri.

295 746 413 799 Qiod
437 746 462 784 si
483 755 629 783 tantam
651 747 732 783 vim
753 759 880 783 rerum
901 747 1162 785 maximarum
1183 757 1260 786 arte
1276 748 1339 785 sua
1359 748 1560 787 Rhetorici
1581 750 1640 787 illi

238 814 411 851 doctores
432 813 806 864 complecterentur—3
829 814 1033 864 quaerebat,
1056 827 1125 851 cur
1146 815 1191 851 de
1211 816 1410 867 prooemiis
1431 825 1468 853 et
1489 817 1534 853 de
1554 817 1638 868 epi-

237 879 350 932 logis,
372 889 409 916 et
429 879 475 916 de
495 877 718 929 hujusmodi
738 878 850 929 nugis
885 878 952 928 (fic
973 880 1078 916 enim
1105 881 1336 932 appellabat)
1366 881 1493 918 referti
1523 881 1639 920 effent

235 958 370 982 eorum
401 944 519 981 libri:
550 943 598 981 de
626 944 845 981 civitatibus
866 943 1123 989 instituendis,
1155 946 1200 983 de
1232 947 1438 984 scribendis
1471 947 1639 1000 legibus,

235 1012 281 1049 de
301 1012 491 1063 aequitate,
513 1010 558 1047 de
580 1010 740 1062 justitia,
772 1010 817 1048 de
838 1009 925 1055 fide,
957 1011 1003 1048 de
1022 1010 1241 1063 frangendis
1268 1013 1558 1065 cupiditatibus,
1591 1015 1637 1052 de

234 1076 520 1115 conformandis
541 1075 750 1114 hominum
771 1076 959 1121 moribus,
979 1076 1090 1114 litera
1105 1078 1147 1114 in
1167 1091 1301 1116 eorum
1321 1078 1429 1116 libris
1452 1079 1560 1117 nulla
1572 1080 1638 1118 in-⁹

235 1144 442 1181 veniretur.

289 1209 372 1261 Ipsa
389 1222 477 1246 vero
501 1218 687 1261 praecepta
705 1209 754 1247 fic
776 1210 934 1248 illudere
953 1210 1108 1257 solebat,
1137 1221 1181 1249 ut
1201 1212 1422 1257 ostenderet,
1446 1226 1523 1250 nou
1545 1226 1635 1251 mo-

233 1275 282 1313 do
303 1289 364 1312 eos
386 1275 489 1313 illius
513 1285 684 1328 expertes
716 1276 785 1313 esse
805 1277 1028 1327 prudentiae‚
1061 1292 1179 1329 quam
1210 1279 1277 1316 fibi
1305 1279 1537 1323 asciscerent,
1569 1278 1632 1316 sed

232 1355 279 1379 ne
300 1340 399 1378 hanc
420 1342 579 1393 quidem
610 1341 729 1394 ipsam
761 1342 914 1381 dicendi
934 1344 1121 1381 rationem
1143 1358 1184 1382 ac
1215 1345 1316 1382 viam
1338 1345 1451 1382 noffe.
1504 1346 1632 1396 Caput

231 1408 337 1445 enim
368 1407 438 1446 effe
468 1408 720 1446 arbitrabatur
750 1409 923 1454 oratoris,
953 1420 995 1447 ut
1025 1419 1062 1447 et
1094 1411 1195 1462 ipsis,
1227 1411 1327 1463 apud
1358 1424 1454 1462 quos
1489 1420 1629 1464 ageret,

230 1474 329 1518 talis,
362 1474 516 1525 qualem
551 1474 681 1526 seipse
701 1484 860 1526 optaret,
892 1476 1101 1520 videretur,
1135 1477 1194 1527 (id
1223 1477 1303 1514 fieri
1323 1477 1409 1514 vitae
1430 1477 1630 1529 dignitate,

230 1540 276 1577 de
297 1553 372 1591 qua
393 1539 492 1577 nihil
515 1539 716 1578 Rhetorici
736 1540 796 1578 isti
816 1541 986 1579 doetores
1008 1542 1046 1578 in
1068 1543 1264 1594 praeceptis
1286 1542 1360 1579 suis
1377 1542 1630 1594 reliquissent)

228 1615 266 1643 et
286 1607 342 1643 uti
363 1619 511 1650 eorum,
543 1606 610 1657 qui
637 1606 823 1650 audirent,
856 1606 904 1644 fic
935 1607 1177 1645 afficerentur
1203 1608 1337 1652 animi,
1369 1618 1412 1645 ut
1443 1622 1506 1645 eos
1527 1608 1628 1646 affici

228 1672 342 1710 vellet
361 1683 486 1710 orator
501 1691 511 1717 ;
545 1673 649 1724 quod
670 1673 764 1710 item
785 1672 866 1710 fieri
887 1673 995 1711 nullo
1016 1674 1133 1711 modo
1155 1674 1268 1726 poffe,
1298 1674 1365 1712 nisi
1386 1674 1629 1726 cognosceret

228 1738 273 1783 is,
301 1740 369 1791 qui
389 1739 544 1783 diceret,
576 1749 671 1790 quot
698 1740 823 1776 modis
845 1738 1055 1777 hominum
1077 1750 1237 1785 mentes,
1270 1750 1307 1778 et
1339 1741 1479 1792 quibus
1500 1741 1627 1785 rebus,

228 1813 265 1841 et
286 1818 364 1856 quo
384 1818 521 1857 genere
541 1806 737 1848 orationis,
766 1806 805 1842 in
828 1819 1023 1856 quamque
1044 1816 1190 1858 partem
1211 1816 1468 1845 moverentur.
1530 1807 1627 1844 Haec

227 1880 354 1908 autem
376 1870 446 1908 effe
462 1870 613 1922 penitus
630 1870 670 1907 in
691 1870 818 1907 media
832 1870 1077 1923 Philosophia
1094 1872 1236 1910 retrusa
1248 1883 1361 1925 atque
1377 1873 1519 1917 abdita,
1542 1885 1627 1925 quae

226 1936 285 1974 isti
307 1935 495 1974 Rhetores
517 1949 564 1973 ne
583 1936 819 1988 primoribus
841 1936 1001 1988 quidem
1022 1937 1135 1975 labris
1157 1938 1378 1990 attigiffent.

281 2003 338 2040 Ea
358 2002 615 2040 Menedemus
636 2002 824 2054 exemplis
846 2002 982 2054 magis,
1005 2016 1121 2054 quam
1145 2003 1394 2055 argumentiS,
1417 2004 1626 2042 conabatur

225 2067 410 2106 refellere.
457 2068 688 2106 Memoriter
720 2067 826 2105 enim
858 2068 982 2105 multa
1017 2082 1063 2106 ex
1085 2069 1320 2108 orationibus
1353 2068 1629 2108 Demosthenis

224 2134 400 2186 praeclare
421 2133 558 2186 scripta
574 2134 840 2187 pronuntians,
871 2134 1044 2179 docebat,
1075 2134 1190 2172 illum
1210 2136 1251 2172 in
1280 2134 1418 2172 animis
1438 2135 1498 2172 vel
1516 2135 1626 2187 judi-

223 2213 330 2244 cum,
361 2200 420 2237 vel
441 2201 590 2252 populi,
622 2201 661 2238 in
693 2214 851 2238 omnem
871 2210 1019 2253 partem
1049 2201 1212 2238 dicendo
1231 2200 1513 2253 permovendis,
1545 2214 1623 2239 non

224 2264 333 2303 fuiffe
354 2267 545 2318 ignarum,
577 2267 718 2318 quibus
745 2280 787 2303 ea
806 2267 919 2305 rebus
939 2266 1246 2319 consequeretur,
1278 2280 1362 2319 quae
1378 2276 1531 2319 negaret
1558 2267 1624 2304 ille

222 2331 299 2369 sine
321 2330 569 2383 Philosophia
588 2346 826 2384 quemquam
846 2332 938 2370 scire
957 2332 1072 2385 poffe.

271 2397 363 2434 XX.
387 2397 495 2434 Huic
516 2397 776 2450 respondebat,
798 2412 876 2436 non
897 2398 931 2436 se
948 2411 1083 2451 negare
1102 2397 1406 2436 Demosthenem
1428 2398 1620 2436 summam

220 2462 479 2520 prudentiam,
518 2463 786 2515 summamque
816 2465 897 2502 vim
928 2463 1098 2502 habuisse
1129 2464 1282 2502 dicendi
1297 2482 1309 2509 3
1347 2464 1421 2508 sed,
1453 2464 1525 2501 five
1555 2461 1620 2499 ille

219 2527 296 2567 hoc
316 2528 473 2582 ingenio
492 2529 683 2581 potuisset,
714 2530 787 2568 sive
820 2530 878 2581 (id
897 2530 1002 2583 quod
1021 2529 1230 2583 constaret)
1247 2529 1418 2569 Platonis
1435 2525 1622 2568 studiosus
