2176 2912
484 233 563 270 402
826 223 957 261 DE
1071 223 1547 263 CLARIS

539 314 730 354 LXXIX.
763 316 851 354 Nec
869 330 957 354 vero
984 317 1047 355 M.
1071 317 1239 356 Caelium
1259 317 1566 370 praetereundum
1586 316 1762 362 arbitror,
1783 330 1890 370 quae-

486 394 642 434 cunque
672 383 752 435 ejus
773 383 813 421 in
834 384 941 421 exitu
970 384 1030 422 vel
1057 384 1226 429 fortuna,
1256 385 1314 422 vel
1337 398 1446 422 mens
1468 383 1571 422 fuit:
1603 385 1672 436 qui
1703 385 1892 437 quamdiu

486 450 700 488 auetoritati
721 463 814 488 meae
834 451 974 503 paruit,
1006 451 1091 489 talis
1113 452 1290 489 tribunus
1322 451 1446 503 plebis
1466 450 1557 495 fuit,
1588 460 1632 488 ut
1657 464 1774 489 nemo
1794 465 1891 490 con—

485 523 542 552 tra
562 516 708 554 civium
738 517 976 569 perditorum
997 518 1237 572 popularem,
1270 517 1610 569 turbulentamque
1639 517 1911 562 dementiam,

485 595 506 618 a
526 581 668 628 senatu,
700 592 737 620 et
770 597 790 620 a
820 583 1012 621 bonorum
1047 583 1154 620 causa
1188 583 1330 620 steterit
1360 582 1619 627 constantiu83
1660 597 1778 635 quam
1808 584 1893 635 ejus

485 650 689 695 aetionem,
721 650 893 687 multum
914 659 1043 687 tamen
1067 659 1105 686 et
1125 641 1334 701 splendida,
1364 660 1403 686 et
1435 649 1604 701 grandis,
1634 658 1672 687 et
1696 649 1829 688 eadem
1849 649 1891 688 in

484 715 620 766 primis
656 715 792 759 faceta,
823 723 861 751 et
896 714 1110 766 perurbana
1129 714 1428 751 commendabat
1458 714 1594 752 oratio.
1645 715 1789 752 Graves
1809 715 1895 766 ejus

484 782 687 818 conciones
709 780 856 832 aliquot
876 779 1047 824 fuerunt,
1083 793 1183 817 acres
1205 779 1460 817 accusationes
1481 789 1571 825 tres,
1609 793 1739 832 eaeque
1757 793 1892 819 omnes

483 860 529 885 ex
550 848 773 900 reipublicae
793 847 1042 885 contentione
1055 847 1233 900 susceptae
1248 865 1262 892 3
1283 845 1531 892 defensiones,
1551 847 1616 885 etsi
1636 847 1703 885 illa
1722 855 1829 885 erant
1848 847 1890 885 in

482 927 528 952 eo
548 915 721 959 meliora,
753 928 838 966 quae
859 914 953 959 dixi,
985 928 1063 952 non
1083 913 1373 951 contemnendae
1394 923 1538 958 tamen,
1568 913 1729 966 saneque
1749 914 1892 952 tolera-

483 981 594 1020 biles.
642 982 738 1025 Hic,
758 979 850 1019 cum
868 981 1019 1018 summa
1035 980 1233 1018 voluntate
1253 980 1446 1018 bonorum
1466 980 1585 1018 aedilis
1606 980 1751 1018 curulis
1767 979 1891 1019 factus

482 1047 586 1093 effet,
617 1048 743 1086 nescio
774 1047 974 1099 quomodo
1005 1046 1160 1085 disceffu
1183 1061 1271 1085 meo
1301 1046 1463 1084 discessit
1495 1060 1516 1084 a
1539 1046 1625 1092 sese,
1655 1046 1893 1100 ceciditque,

483 1115 730 1168 posteaquam
750 1128 812 1153 eos
833 1115 977 1152 imitari
996 1115 1131 1167 coepit,
1162 1128 1258 1166 quos
1280 1114 1357 1167 ipse
1377 1122 1621 1167 perverterat.

537 1183 610 1220 Sed
645 1182 692 1220 de
727 1183 790 1220 M.
814 1181 968 1220 Calidio
1012 1181 1186 1219 dicamus
1229 1180 1391 1232 aliquid,
1436 1180 1506 1232 qui
1536 1193 1614 1218 non
1645 1178 1723 1218 fuit
1763 1188 1892 1218 orator

482 1262 582 1286 unus
617 1262 638 1286 e
668 1248 802 1286 multis
819 1266 830 1292 3
863 1248 992 1300 potius
1027 1248 1129 1285 inter
1157 1247 1304 1285 multos
1338 1260 1457 1299 prope
1483 1245 1682 1299 singularis
1702 1245 1805 1291 fuit3
1837 1247 1894 1285 ita

482 1315 696 1353 reconditas
727 1314 1003 1367 exquisitasque
1024 1313 1226 1352 sententias
1254 1313 1385 1352 mollis
1405 1322 1443 1351 et
1476 1313 1674 1366 pellucens
1708 1313 1892 1352 vestiebat

481 1382 616 1421 oratio.
676 1380 793 1420 Nihil
829 1390 909 1419 tam
930 1390 1121 1426 tenerum,
1152 1394 1270 1433 quam
1304 1380 1409 1419 illius
1437 1378 1730 1433 comprehenfio
1749 1379 1892 1418 verbo-

480 1463 567 1487 rum
584 1468 596 1494 ς
629 1447 728 1486 nihil
750 1457 829 1486 tam
856 1447 1026 1486 flexibile
1043 1467 1055 1494 3
1087 1446 1201 1493 nihil,
1219 1448 1324 1501 quod
1353 1447 1477 1500 magis
1497 1446 1613 1500 ipsius
1633 1447 1790 1485 arbitrio
1810 1446 1890 1485 fin-

480 1526 646 1567 geretur,
678 1524 722 1552 ut
742 1514 887 1552 nullius
919 1515 1078 1552 oratoris
1113 1529 1218 1566 aeque
1253 1515 1293 1552 in
1314 1514 1495 1567 potestate
1525 1513 1669 1552 fuerit:
1702 1527 1786 1566 quae
1805 1514 1889 1566 pri-

482 1595 595 1618 mum
615 1581 666 1618 ita
685 1593 780 1632 pura
798 1590 888 1623 erat,
913 1588 957 1616 ut
977 1578 1077 1616 nihil
1097 1579 1283 1631 liquidius
1300 1598 1311 1623 ς
1343 1580 1395 1617 ita
1414 1579 1533 1617 libere
1553 1578 1709 1623 fluebat,
1731 1588 1774 1616 ut
1793 1579 1887 1618 nus-

480 1661 599 1698 quam
632 1645 929 1690 adhaeresceret3
977 1645 1146 1690 nullum,
1191 1646 1260 1683 nisi
1295 1645 1382 1683 loco
1416 1645 1599 1698 pofitum,
1631 1654 1668 1682 et
1701 1654 1889 1697 tanquam

480 1715 517 1752 in
550 1714 742 1753 vermiculo
776 1713 988 1758 emblemate,
1026 1722 1069 1750 ut
1103 1713 1155 1750 ait
1187 1713 1380 1758 Lucilius,
1411 1714 1597 1750 structum
1631 1712 1795 1750 verbum
1825 1714 1887 1751 vi-

480 1781 615 1819 deres:
647 1793 718 1819 nec
752 1793 842 1818 vero
873 1779 999 1816 ullum
1027 1788 1092 1817 aut
1126 1779 1282 1823 durum,
1315 1788 1379 1816 aut
1413 1778 1592 1823 insolens,
1623 1786 1688 1815 aut
1720 1777 1887 1825 humile,

479 1855 544 1884 aut
561 1846 713 1899 longius
735 1846 896 1884 dudum
913 1863 924 1888 ;
956 1858 998 1882 ac
1019 1858 1095 1882 non
1128 1846 1280 1897 propria
1302 1845 1416 1882 verba
1436 1858 1579 1889 rerum,
1611 1843 1673 1882 sed
1707 1844 1890 1897 pleraque

480 1913 653 1951 transsata
668 1933 680 1959 3
712 1913 762 1951 fic
794 1922 937 1956 tamen,
969 1921 1011 1949 ut
1042 1925 1084 1949 ea
1112 1925 1189 1950 non
1211 1911 1354 1950 irruiffe
1385 1912 1425 1949 in
1445 1911 1616 1949 alienum
1646 1911 1794 1956 locum,
1824 1912 1888 1951 sed

481 1980 713 2033 immigraffe
733 1980 772 2018 in
793 1979 919 2023 suum,
952 1979 1109 2017 diceres.
1170 1979 1256 2017 Nec
1278 1992 1365 2016 vero
1391 1978 1473 2016 haec
1494 1978 1628 2022 soluta,
1659 1991 1729 2015 nec
1750 1977 1885 2016 difflu-

479 2049 594 2092 entia,
626 2048 687 2085 sed
707 2046 879 2085 adstrieta
907 2046 1093 2090 numeris,
1125 2059 1201 2084 non
1222 2055 1362 2098 aperte,
1392 2058 1462 2083 nec
1482 2045 1618 2082 eodem
1639 2044 1757 2082 modo
1783 2045 1885 2083 sem-

479 2127 560 2165 per,
592 2113 654 2151 sed
674 2113 788 2157 varie,
817 2111 1170 2163 dissimulanterque
1190 2111 1390 2148 conclusis.
1450 2111 1569 2148 Erant
1590 2118 1721 2147 autem
1741 2120 1779 2149 et
1798 2124 1884 2149 ver-

480 2179 619 2218 borum
649 2189 686 2217 et
706 2179 981 2217 sententiarum
1001 2178 1066 2215 illa
1091 2178 1253 2221 lumina,
1285 2191 1369 2229 quae
1389 2186 1528 2215 vocant
1549 2177 1676 2215 Graeci
1699 2175 1884 2225 σχήματα,
1923 2207 1927 2210 .

480 2246 622 2297 quibus
644 2254 827 2296 tanquam
847 2244 1059 2296 insignibus
1095 2244 1134 2282 in
1162 2253 1296 2281 ornatu
1317 2243 1620 2295 distinguebatur
1649 2242 1778 2280 omnis
1798 2257 1884 2282 ora-

480 2312 550 2349 tio.
610 2312 698 2362 Qa
718 2310 763 2347 de
784 2324 821 2347 rc
841 2310 966 2362 agitur
985 2318 1129 2354 autem,
1160 2309 1272 2353 illud,
1302 2309 1407 2361 quod
1429 2309 1562 2347 multis
1594 2309 1688 2347 locis
1709 2308 1750 2346 in
1765 2309 1883 2361 juris-

480 2377 745 2415 consultorum
776 2376 988 2414 includitur
1008 2374 1202 2419 formulis,
1234 2385 1271 2412 et
1303 2375 1371 2413 ubi
1396 2374 1497 2420 effet,
1529 2375 1694 2413 videbat.
1754 2377 1883 2414 Acce-

481 2444 592 2481 debat
611 2443 704 2481 ordo
724 2456 852 2481 rerum
872 2443 1007 2496 plenus
1027 2443 1132 2487 artis,
1162 2442 1259 2480 aetio
1290 2442 1472 2486 liberalis,
1504 2450 1708 2494 totumque
1729 2440 1884 2480 dicendi

482 2510 694 2563 placidum,
724 2518 761 2547 et
781 2509 912 2547 sanum
932 2522 1067 2561 genus.

543 2577 710 2615 LXXX.
743 2576 862 2627 Qod
882 2576 908 2614 fi
930 2575 982 2614 est
1001 2575 1199 2627 optimum
1221 2575 1380 2614 suaviter
1400 2575 1540 2620 dicere,
1571 2573 1671 2614 nihil
1691 2573 1758 2620 est,
1780 2574 1885 2627 quod
