2176 2912
771 157 1272 200 TOPICA.
1654 165 1735 221 485·

331 256 428 310 ipso,
458 266 545 295 turn
564 267 611 293 ex
632 249 729 299 toto,
759 260 846 292 tum
866 267 914 292 ex
940 252 1110 305 partibus
1140 252 1236 304 erS,
1266 262 1352 290 tum
1372 265 1420 291 ex
1446 261 1548 300 nota,
1580 264 1666 295 tum
1686 272 1733 297 ex

330 322 393 361 his
413 322 540 366 rebus,
571 317 656 372 quae
676 319 965 372 quodammodo
984 317 1126 356 affeecae
1147 318 1233 356 sunt
1261 318 1308 356 ad
1339 319 1393 364 id,
1424 320 1471 357 de
1497 334 1575 372 quo
1594 325 1734 374 quaeri-

332 397 408 426 tur.
458 387 706 425 Extrinsecus
727 395 857 423 autem
877 398 919 423 ea
939 384 1136 430 dicuntur,
1162 398 1246 437 quae
1267 384 1415 431 absunt,
1446 386 1637 440 longeque
1658 389 1734 428 dis.

325 455 460 507 juncta
479 453 579 492 sunt.

388 520 460 558 Sed
490 520 537 558 ad
564 519 606 557 id
625 528 769 563 totum,
804 519 850 556 de
871 532 950 571 quo
970 517 1172 563 differitur,
1205 525 1291 556 tum
1312 518 1488 557 definitio
1518 519 1734 567 adhibetur,

331 600 418 639 quae
448 586 552 640 quasi
583 586 805 624 involutum
826 584 970 622 evolvit
990 585 1044 630 id,
1074 585 1122 622 de
1141 598 1221 638 quo
1241 585 1437 637 quaeritur.
1498 587 1593 638 Ejus
1621 601 1735 640 argu-

332 654 455 691 menti
491 653 575 691 talis
610 652 662 690 est
691 651 872 696 formula,
910 652 980 703 Jus
1020 651 1133 690 civile
1162 651 1216 689 est
1250 652 1406 704 aequitas
1437 653 1642 692 constituta
1674 654 1736 700 iis,

332 720 402 771 qui
431 719 600 771 ejusdem
627 718 792 756 civitatis
819 717 920 762 sunt,
951 717 998 755 ad
1033 731 1087 756 res
1119 717 1199 756 suas
1220 709 1446 756 obtinendas
1462 736 1474 763 ‚-
1507 719 1587 771 ejus
1608 729 1738 758 autem

333 786 524 839 aequitatis
546 786 652 824 utilis
671 785 724 823 est
753 784 925 837 cognitio
940 803 952 830 3
984 785 1091 823 utilis
1111 785 1165 823 est
1184 798 1274 838 ergo
1288 785 1386 837 juris
1402 785 1527 823 civilis
1547 785 1716 826 scientia.

386 853 498 890 Tum
518 852 687 904 partium
706 851 958 896 enumeratio,
976 865 1061 903 quae
1081 852 1260 889 tractatur
1279 850 1356 889 hoc
1377 851 1495 889 modo
1510 870 1522 897 J
1555 852 1593 890 Si
1614 866 1739 906 neque

333 918 461 963 censu,
493 931 618 971 neque
651 918 832 963 vindicta,
868 931 940 955 nec
960 917 1185 956 testamento
1211 917 1308 955 liber
1341 917 1463 956 fac‘tus
1484 918 1549 964 est,
1581 933 1659 958 non
1685 921 1738 959 est

332 984 431 1023 liber
448 999 458 1022 ε
489 997 614 1036 neque
633 983 686 1021 est
704 983 784 1021 ulla
803 996 932 1021 earum
955 997 1083 1021 rerum
1099 1002 1110 1028 3
1143 997 1220 1021 non
1241 983 1293 1021 est
1312 983 1430 1036 igitur
1450 984 1559 1023 liber.

388 1052 500 1090 Tum
527 1051 687 1095 notatio,
723 1064 816 1088 cum
835 1064 883 1088 ex
902 1051 940 1088 vi
960 1051 1067 1088 verbi
1097 1060 1373 1103 argumentum
1394 1051 1552 1103 aliquod
1571 1051 1738 1097 elicitur,

334 1117 411 1157 hoc
427 1118 544 1156 modo
561 1136 572 1162 3
591 1119 697 1156 Cum
712 1117 774 1156 lex
789 1117 932 1156 affiduo
952 1118 1148 1156 vindicem
1167 1117 1355 1156 affiduum
1376 1118 1446 1155 effe
1461 1119 1609 1170 jubeat,
1626 1119 1737 1158 locu-

335 1185 481 1238 pletem
496 1185 610 1237 jubet
628 1184 829 1236 locupleti.
861 1184 1055 1237 Locuples
1076 1185 1181 1222 enim
1202 1184 1254 1221 est
1271 1184 1447 1229 affiduus,
1467 1194 1509 1222 ut
1528 1185 1581 1223 ait
1597 1186 1739 1231 AElius,

335 1252 548 1305 appellatus
568 1251 615 1288 ab
636 1263 706 1288 aere
726 1250 867 1288 dando.

391 1319 466 1357 III.
490 1319 700 1356 Ducuntur
718 1318 836 1355 etiam
854 1326 1078 1369 argumenta
1097 1329 1144 1354 ex
1164 1316 1210 1355 iis
1232 1317 1358 1362 rebus,
1379 1331 1463 1370 quae
1479 1318 1739 1370 quodammo-

336 1386 386 1424 do
406 1384 548 1422 affeetae
568 1384 655 1422 sunt
674 1383 720 1421 ad
738 1383 792 1428 id,
814 1383 860 1421 de
880 1396 959 1435 quo
979 1383 1175 1435 quaeritur.
1224 1383 1295 1421 Sed
1314 1382 1390 1421 hoc
1411 1397 1531 1436 genus
1551 1385 1591 1422 in
1612 1384 1738 1437 plures

334 1461 458 1505 partes
479 1451 728 1489 distributum
747 1449 812 1488 est.
872 1450 980 1488 Nam
999 1449 1072 1488 alia
1096 1450 1300 1502 conjugata
1320 1450 1571 1502 appellamus,
1602 1451 1673 1488 alia
1691 1465 1740 1490 ex

335 1531 485 1571 genere,
517 1518 589 1555 alia
622 1531 669 1555 ex
695 1516 834 1561 forma,
865 1516 937 1553 alia
958 1529 1005 1554 ex
1032 1516 1297 1561 similitudine,
1328 1516 1401 1553 alia
1429 1530 1477 1554 ex
1510 1516 1739 1562 differentia,

335 1584 408 1622 alia
425 1596 473 1621 ex
494 1583 696 1626 contrario,
732 1582 803 1619 alia
822 1595 870 1620 ex
888 1581 1090 1633 adjuncstis,
1126 1581 1198 1619 alia
1231 1595 1278 1620 ex
1310 1581 1639 1628 antecedentibus,
1670 1584 1743 1622 alia

335 1663 383 1688 ex
415 1648 754 1701 consequentib115‚
785 1648 858 1686 alia
889 1660 936 1686 ex
971 1648 1287 1701 repugnantibus,
1318 1647 1390 1686 alia
1421 1662 1468 1686 ex
1502 1649 1633 1694 causis,
1670 1650 1741 1688 alia

335 1728 384 1754 ex
403 1715 561 1760 effectis,
582 1715 655 1752 alia
672 1728 720 1753 ex
739 1714 1025 1767 comparatione
1055 1715 1262 1766 majorum,
1293 1723 1359 1753 aut
1386 1715 1551 1768 parium,
1575 1725 1639 1753 aut
1662 1716 1740 1754 mi-

336 1794 494 1820 norum.

392 1847 613 1900 Conjugata
649 1846 832 1884 dicuntur
848 1874 859 1890 ‚
891 1858 975 1898 quae
1005 1845 1091 1884 sunt
1132 1859 1179 1884 ex
1211 1846 1335 1885 verbis
1370 1847 1516 1900 generis
1555 1847 1739 1901 ejusdem,

336 1912 523 1966 Ejusdem
544 1922 674 1950 autem
694 1913 841 1965 generis
862 1912 975 1950 verba
1000 1912 1099 1957 sunt,
1131 1926 1215 1965 quae
1235 1921 1317 1950 orta
1335 1913 1382 1950 ab
1403 1927 1480 1951 uno
1500 1915 1600 1952 varie
1628 1928 1739 1953 com-

337 1988 553 2024 mutantur,
584 1988 628 2017 ut
648 1978 805 2031 sapiens,
828 1977 1025 2030 sapienter,
1058 1978 1251 2031 sapientia.
1302 1979 1398 2016 Haec
1420 1980 1624 2018 verborum
1644 1994 1740 2018 con-

332 2045 485 2098 jugatio
505 2041 640 2096 συζυγία,
660 2045 814 2089 dicitur,
850 2057 896 2082 ex
916 2057 991 2096 qua
1010 2043 1274 2096 hujuscemodi
1302 2043 1354 2082 est
1374 2055 1670 2097 argumentum,
1704 2045 1742 2083 Si

339 2111 588 2164 compascuus
609 2124 698 2164 ager
715 2111 781 2155 est,
797 2111 861 2163 jus
881 2110 934 2148 est
952 2110 1205 2163 compascere.

394 2179 432 2215 A
466 2190 604 2230 genere
623 2177 673 2215 fic
692 2177 873 2222 ducitur;
906 2178 1105 2228 Qoniam
1125 2186 1328 2230 argentum
1356 2190 1472 2215 omne
1500 2178 1654 2216 mulieri
1684 2177 1741 2215 le-

341 2251 475 2296 gatum
495 2243 562 2287 est,
583 2257 660 2281 non
681 2242 804 2296 potest
819 2256 862 2280 ea
885 2243 1059 2295 pecunia,
1082 2257 1168 2295 quae
1185 2253 1380 2282 numerata
1400 2244 1506 2282 domi
1527 2244 1654 2281 relic‘ta
1674 2243 1739 2287 est,

341 2322 420 2347 non
441 2309 512 2346 effe
532 2309 679 2361 legata:
712 2308 836 2347 forma
864 2310 969 2347 enim
990 2324 1009 2347 a
1028 2324 1175 2362 genere,
1204 2311 1329 2363 quoad
1349 2311 1462 2349 suum
1481 2323 1623 2348 nomen
1644 2310 1737 2346 reti-

341 2383 421 2419 net,
458 2387 657 2426 nunquam
689 2374 926 2427 sejungitur:
959 2384 1157 2414 numerata
1176 2385 1305 2415 autem
1325 2377 1487 2430 pecunia
1516 2388 1658 2414 nomen
1679 2387 1738 2412 ar-

341 2441 451 2494 genti
470 2441 631 2487 retinet,
663 2440 784 2494 legata
803 2441 922 2494 igitur
940 2441 1102 2480 videtur.
