2176 2912
381 256 430 294 82
629 255 1533 295 DEINVENTIONE

379 348 499 386 titum
519 346 682 393 dicatur,
705 348 947 399 magnitudo,
980 357 1046 386 aut
1061 362 1153 387 cum
1169 362 1215 386 eo
1230 349 1483 388 incommodo
1504 349 1609 402 quod
1629 349 1779 388 accide-

380 415 444 459 rit,
466 422 529 452 aut
550 427 642 452 cum
662 414 731 452 illo
751 415 923 466 periculo
943 416 1048 466 quod
1068 415 1258 461 subeatur,
1289 416 1568 469 comparanda:
1601 416 1668 469 qui
1690 430 1778 454 om-

379 494 443 518 nes
465 480 542 518 loci
559 481 734 518 similiter
753 481 995 519 incommodi
1015 496 1171 534 quoque
1190 483 1374 521 vitatione
1389 483 1665 521 tradtabuntur.

434 547 499 585 Sin
520 547 713 585 accusator
732 547 885 592 dixerit,
916 561 1006 585 eum
1027 548 1067 585 id
1086 548 1156 586 effe
1177 548 1364 594 secutum,
1399 550 1504 601 quod
1534 550 1568 587 ei
1590 550 1713 587 visum
1736 549 1779 587 fit

378 614 650 658 commodum,
688 623 752 651 aut
785 614 824 651 id
859 613 1009 666 fugisse,
1054 615 1158 666 quod
1193 616 1337 668 putarit
1364 616 1435 653 effe
1465 616 1778 659 incommodum,

378 692 602 731 quanquam
635 680 675 716 in
697 678 787 716 falsa
807 679 924 718 fuerit
954 681 1161 732 opinione;
1185 681 1524 719 demonstrandum
1545 682 1617 719 erit
1645 680 1779 719 defen-

378 745 465 789 sori,
487 745 686 783 neminem
708 754 820 782 tantae
840 745 910 783 effe
931 745 1114 790 stultitiae,
1150 747 1218 798 qui
1242 747 1312 783 tali
1329 747 1369 783 in
1389 760 1427 784 re
1447 747 1559 799 poffit
1579 747 1781 785 veritatem

378 812 566 863 ignorare.
619 812 737 863 Qod
759 813 783 849 fi
806 813 845 849 id
865 812 1111 857 concedatur,
1148 813 1246 850 illud
1280 827 1357 851 non
1379 813 1599 851 conceffum
1621 814 1695 857 iri;
1734 826 1780 851 ne

376 876 561 915 dubitaffe
581 877 739 929 quidem
760 877 866 915 hunc
886 878 980 929 quid
1001 879 1081 930 ejus
1096 879 1194 931 juris
1212 878 1313 924 effet,
1347 879 1409 916 sed
1429 879 1482 923 id,
1514 879 1619 931 quod
1640 878 1780 917 falsum

376 942 506 987 fuerit,
535 943 612 980 fine
648 944 725 981 ulla
756 944 997 982 dubitatione
1023 959 1093 998 pro
1127 945 1247 990 falso,
1279 945 1384 997 quod
1416 959 1564 989 verum,
1596 959 1666 997 pro
1697 959 1787 983 vero

375 1009 560 1061 probaffe.
593 1010 712 1061 Qod
728 1011 753 1048 si
775 1011 1021 1056 dubitaverit,
1050 1011 1210 1050 summae
1227 1011 1337 1050 fuiffe
1366 1013 1556 1058 amentiae,
1580 1012 1697 1050 dubia
1717 1012 1781 1065 spe

374 1075 602 1128 impulsum,
632 1085 784 1114 certum
803 1077 843 1115 in
863 1078 1082 1130 periculum
1103 1079 1139 1116 se
1158 1079 1417 1117 committere.
1484 1087 1489 1090 ⁴

429 1142 777 1193 Qemadmodum
798 1153 927 1181 autem
948 1145 1154 1189 accusator,
1187 1159 1279 1183 cum
1299 1146 1346 1183 ab
1367 1145 1449 1182 aliis
1470 1145 1626 1197 culpam
1648 1144 1778 1182 dimo-

374 1208 493 1253 vebit,
528 1207 734 1247 defensoris
756 1210 850 1248 locis
871 1219 1027 1256 utetur;
1060 1212 1110 1249 fic
1145 1212 1190 1249 iis
1220 1212 1330 1256 locis,
1366 1212 1434 1263 qui
1460 1210 1666 1248 accusatori
1703 1210 1783 1248 dati

373 1273 474 1319 sunt,
506 1284 636 1313 utetur
656 1289 755 1321 reus,
773 1290 866 1314 cum
885 1277 925 1315 in
947 1278 1039 1315 alios
1061 1279 1107 1316 ab
1129 1278 1162 1316 se
1182 1279 1330 1315 crimen
1351 1278 1454 1315 volet
1476 1275 1692 1314 transferre.

429 1340 502 1378 IX.
524 1341 588 1378 Ex
606 1341 764 1393 persona
782 1351 912 1379 autem
933 1344 1151 1394 conjectura
1170 1343 1355 1396 capietur,
1374 1343 1399 1380 fi
1420 1356 1471 1380 eae
1492 1356 1562 1387 res,
1586 1356 1670 1394 quae
1690 1354 1780 1394 per-

373 1405 473 1443 sonis
495 1406 688 1444 attributae
709 1406 809 1451 sunt,
842 1407 1047 1460 diligenter
1073 1409 1427 1452 considerabuntur,
1455 1421 1547 1460 quas
1575 1421 1710 1445 omnes
1739 1409 1779 1446 in

372 1472 502 1524 primo
523 1472 624 1510 libro
644 1472 893 1525 exposuimus
912 1489 920 1512 :
945 1486 1033 1513 nam
1051 1484 1088 1513 et
1105 1476 1152 1512 de
1164 1476 1323 1513 nomine
1336 1487 1618 1526 nonnunquam
1632 1474 1779 1526 aliquid

372 1538 595 1590 suspicionis
630 1539 810 1578 nascitur.
861 1541 1022 1579 Nomen
1053 1550 1181 1579 autem
1211 1555 1304 1579 cum
1335 1541 1517 1585 dicimus,
1555 1554 1775 1593 cognomen

371 1617 528 1657 quoque
549 1604 789 1656 intelligatur
818 1615 983 1658 oportet.
1031 1607 1093 1644 De
1112 1605 1283 1645 hominis
1305 1608 1410 1645 enim
1430 1616 1536 1645 certo
1563 1616 1600 1644 et
1624 1607 1781 1660 proprio

372 1671 560 1709 vocabulo
577 1671 728 1723 agitur:
762 1681 804 1710 ut
824 1673 850 1710 fi
871 1673 1059 1718 dicamus,
1081 1673 1226 1712 idcirco
1246 1674 1415 1726 aliquem
1444 1674 1614 1712 Caldum
1632 1674 1775 1719 vocari,

374 1737 481 1790 quod
502 1737 705 1776 temerario
725 1747 764 1776 et
783 1740 985 1791 repentino
1005 1740 1163 1778 consilio
1190 1741 1234 1778 fit
1252 1755 1260 1778 :
1293 1749 1358 1778 aut
1375 1741 1400 1778 fi
1422 1753 1463 1777 ea
1479 1740 1525 1778 de
1545 1754 1583 1778 re
1603 1739 1779 1778 homini-

372 1805 444 1842 bus
465 1805 623 1842 Graecos
642 1804 833 1857 imperitis
854 1806 968 1843 verba
987 1805 1139 1851 dediffe,
1161 1807 1266 1858 quod
1286 1806 1463 1851 Clodius,
1492 1816 1557 1844 aut
1578 1806 1778 1852 Caecilius,

372 1878 436 1907 aut
457 1869 627 1915 Mutius,
658 1879 897 1909 vocarentur.

426 1937 480 1973 Et
511 1936 558 1988 de
588 1945 721 1974 natura
750 1936 843 1974 licet
863 1936 1149 1990 aliquantulum
1182 1938 1320 1975 ducere
1340 1937 1579 1990 suspicionis.
1632 1939 1780 1976 Omnia

373 2002 478 2039 enim
498 2000 594 2046 haec,
612 2002 683 2046 vir,
701 2015 747 2040 an
765 2003 929 2048 mulier3
952 2002 1082 2056 hujUS,
1100 2017 1146 2041 an
1165 2004 1269 2042 illius
1290 2004 1470 2049 civitatis,
1485 2004 1553 2049 fit,
1576 2005 1717 2055 quibus
1734 2004 1779 2042 fit

371 2067 596 2119 majoribus,
628 2068 770 2120 quibus
805 2068 1109 2121 consanguineis,
1149 2082 1225 2120 qua
1259 2078 1380 2114 aetate,
1412 2082 1491 2120 quo
1520 2070 1664 2113 animo,
1697 2083 1778 2121 quo

371 2146 544 2186 corpore,
575 2148 660 2186 quae
680 2143 823 2172 natura:
839 2134 926 2172 sunt
949 2134 1145 2178 attributa,
1177 2134 1222 2171 ad
1243 2135 1412 2186 aliquam
1432 2135 1693 2185 conjedturam
1715 2134 1775 2172 fa-

371 2200 547 2238 ciendam
569 2201 830 2253 pertinebunt.
882 2201 934 2238 Et
954 2214 1000 2239 ex
1021 2201 1124 2238 vidtu
1144 2200 1278 2238 multae
1306 2199 1511 2238 trahuntur
1529 2187 1783 2253 suspiciones,

371 2279 478 2310 cum,
510 2267 857 2318 quemadmodum,
889 2276 927 2304 et
952 2266 1053 2319 apud
1088 2280 1199 2318 quos,
1231 2276 1269 2304 et
1300 2280 1319 2304 a
1350 2267 1492 2319 quibus
1523 2267 1706 2305 educatus
1737 2277 1776 2305 et

372 2332 542 2370 eruditus
564 2332 621 2377 fit,
643 2333 839 2385 quaeritur‚
871 2342 908 2370 et
928 2333 1161 2386 quibuscum
1177 2334 1291 2378 vivat,
1314 2347 1389 2385 qua
1409 2334 1553 2371 ratione
1572 2334 1672 2378 vitae‚
1695 2348 1774 2386 quo

372 2413 478 2437 more
497 2399 707 2437 domestico
725 2399 839 2437 vivat.
864 2400 916 2437 Et
935 2414 981 2437 ex
1004 2398 1159 2437 fortuna
1178 2399 1271 2452 saepe
1291 2400 1573 2452 argumentatio
1595 2399 1775 2445 nascitur,

372 2479 463 2504 cum
482 2466 621 2511 servus,
643 2479 688 2503 an
708 2465 829 2510 liber3
866 2466 1108 2519 pecuniosus,
1139 2480 1184 2504 an
1206 2480 1372 2519 pauper,
1406 2466 1561 2511 nobilis,
1593 2480 1638 2504 an
1662 2468 1775 2519 igno-

375 2532 487 2578 bilis,
519 2531 628 2579 felix,
649 2546 694 2570 an
713 2530 874 2577 infelix,
907 2532 1091 2585 privatus,
1113 2546 1160 2571 an
1174 2546 1265 2570 cum
1283 2532 1464 2585 potestate
1481 2533 1538 2577 sit,
1561 2542 1625 2571 aut
1642 2532 1774 2577 fuerit,
