2176 2912
707 169 1436 213 ORATORIBUS.
1688 188 1769 228 407

364 268 515 307 exiliter
535 266 674 310 dicere,
692 266 745 303 est
764 265 1003 308 Atticorum,
1035 263 1108 300 fint
1129 263 1212 303 sane
1232 264 1357 303 Attici
1377 280 1384 302 :
1418 264 1479 303 sed
1500 266 1539 304 in
1560 269 1768 306 comitium

365 335 533 377 veniant,
562 333 608 370 ad
632 332 793 369 stantem
822 330 998 382 judicem
1033 328 1175 368 dicant.
1228 330 1412 368 Subsellia
1442 333 1699 384 grandiorem,
1731 346 1769 374 et

360 398 575 451 pleniorem
595 410 731 434 vocem
751 395 971 433 desiderant.

419 463 522 501 Volo
542 462 617 501 hoc
638 462 778 500 oratori
797 462 1012 513 contingat,
1031 470 1088 506 ut,
1109 474 1203 499 cum
1219 460 1398 499 auditum
1418 462 1462 500 fit
1482 476 1573 502 eum
1593 466 1664 504 effe
1684 468 1767 506 dic-

362 537 509 574 turum,
525 529 632 567 locus
654 529 694 566 in
707 527 892 567 subselliis
913 536 1137 580 occupetur,
1152 527 1393 580 compleatur
1414 529 1597 575 tribunal,
1618 534 1768 584 gratiosi

361 596 492 634 scribae
513 596 584 635 sint
619 597 658 634 in
679 595 804 634 dando
825 604 863 633 et
893 594 1064 634 cedendo
1093 594 1194 640 loco,
1225 608 1365 633 corona
1399 596 1621 650 multiplex,
1647 600 1769 651 judex

361 664 534 701 erectus:
573 676 666 700 cum
697 661 818 714 surgit
848 662 893 705 is,
925 661 994 713 qui
1027 660 1198 700 dicturus
1231 661 1290 706 fit,
1322 661 1555 714 significetur
1580 678 1600 701 a
1629 679 1769 704 corona

362 728 572 774 silentium,
604 726 738 766 deiude
759 727 899 765 crebrae
915 726 1149 772 affenslones,
1172 727 1306 765 multae
1327 728 1597 768 admirationes
1613 750 1625 775 ς
1657 732 1767 777 risus,

363 808 456 833 cum
476 795 592 839 velit3
615 808 708 832 cum
728 794 835 838 velit,
853 793 986 832 fletus:
1020 803 1077 838 ut,
1099 794 1167 846 qui
1187 792 1269 831 haec
1289 795 1424 846 procul
1444 795 1582 841 videat,
1604 798 1767 844 etiamfi,

362 862 457 913 quid
477 871 622 913 agatur,
646 860 812 904 nesciat,
844 869 881 897 at
902 860 1049 912 placere
1070 870 1213 904 tamen,
1235 870 1273 898 et
1294 861 1333 898 in
1355 861 1463 899 scena
1482 862 1553 900 effe
1580 864 1767 903 Roscium

362 927 566 980 intelligat.
627 927 724 964 Haec
745 926 809 963 cui
829 927 1071 978 contingant,
1105 940 1195 963 eum
1217 927 1310 964 scito
1329 928 1462 965 Attice
1483 928 1622 975 dicere,
1660 940 1702 968 ut
1721 934 1769 969 de

361 994 510 1032 Pericle
543 993 776 1038 audivimus,
808 1002 851 1031 ut
881 993 927 1031 de
962 993 1176 1046 Hyperide,
1221 1003 1265 1031 ut
1299 993 1345 1031 de
1379 993 1578 1040 AEschine,
1610 997 1656 1034 de
1688 998 1768 1050 ipso

360 1061 520 1113 quidem
541 1059 804 1100 Demosthene
824 1061 1009 1100 maxime.

418 1128 482 1165 Sin
503 1138 631 1166 autem
650 1137 826 1171 acutum,
858 1127 1036 1179 prudens,
1059 1136 1097 1165 et
1117 1127 1221 1166 idem
1241 1127 1444 1173 fincerum,
1468 1138 1505 1166 et
1526 1128 1706 1176 solidum,
1728 1141 1767 1170 et

361 1194 592 1232 exficcatum
627 1207 747 1247 genus
783 1194 964 1232 orationis
1000 1194 1176 1246 probant,
1220 1208 1291 1232 nec
1323 1195 1393 1233 illo
1427 1196 1597 1248 graviore
1630 1208 1767 1236 ornatu

359 1261 524 1299 oratorio
545 1270 720 1305 utuntur,
751 1270 790 1298 et
818 1259 893 1298 hoc
912 1261 1114 1314 proprium
1134 1259 1205 1298 effe
1224 1261 1450 1299 Atticorum
1472 1262 1634 1308 volunt;
1667 1266 1767 1302 reete

360 1327 530 1365 laudant.
590 1327 657 1365 Est
690 1327 795 1365 enim
827 1327 868 1365 in
901 1337 979 1365 arte
1000 1336 1104 1366 tanta
1129 1336 1287 1379 tamque
1305 1328 1406 1365 varia
1434 1328 1552 1366 etiam
1571 1327 1665 1367 huic
1685 1331 1764 1368 mi-

360 1401 464 1430 nutae
483 1392 685 1431 subtilitati
706 1392 828 1431 locus.
861 1393 919 1431 Ita
938 1392 1018 1438 fiet,
1050 1402 1093 1431 ut
1110 1406 1187 1431 non
1208 1406 1355 1438 omnes,
1387 1394 1456 1445 qui
1476 1395 1622 1439 Attice,
1644 1396 1764 1435 iidem

361 1459 458 1498 bene
474 1479 486 1504 ;
518 1459 592 1505 sed,
616 1469 659 1498 ut
678 1473 828 1504 omneS,
850 1460 918 1512 qui
938 1460 1049 1505 bene,
1070 1459 1191 1498 iidem
1210 1460 1327 1499 etiam
1348 1461 1479 1499 Attice
1500 1461 1641 1501 dicant.
1693 1463 1766 1501 Sed

358 1526 559 1564 redeamus
580 1526 705 1564 rursus
726 1526 773 1564 ad
794 1527 1061 1565 Hortensium.

415 1593 625 1632 LXXXV.
657 1595 751 1631 Sane
772 1593 946 1645 quidem,
976 1593 1107 1645 inquit
1126 1593 1267 1631 Brutus
1281 1611 1293 1637 ;
1325 1606 1549 1646 quanquam
1569 1590 1635 1632 ista
1663 1594 1764 1633 mihi

359 1668 424 1697 tua
443 1659 519 1697 fuit
549 1659 784 1712 perjucunda
804 1673 824 1697 a
843 1660 1031 1712 proposita
1049 1661 1219 1699 oratione
1240 1659 1426 1713 digreffio.
1460 1662 1570 1699 Tum
1590 1662 1762 1706 Atticus,

359 1725 581 1778 Aliquoties
602 1726 700 1771 sum,
723 1726 865 1778 inquit,
896 1735 1070 1770 conatus,
1097 1726 1160 1764 sed
1180 1727 1423 1779 interpellare
1444 1727 1566 1765 nolui.
1626 1729 1760 1774 Nunc,

359 1792 546 1843 quoniam
580 1792 626 1829 ad
659 1792 914 1844 perorandum
948 1792 1110 1844 spectare
1143 1793 1292 1831 videtur
1326 1793 1449 1832 sermo
1483 1803 1586 1838 tuus,
1618 1795 1759 1840 dicam,

360 1858 511 1910 opinor,
547 1858 651 1910 quod
672 1857 804 1896 sentio.
837 1859 903 1896 Tu
923 1872 1025 1903 vero,
1057 1859 1234 1910 inquam,
1255 1859 1362 1898 Tite.
1413 1862 1523 1898 Tum
1542 1861 1623 1906 ille,
1659 1862 1760 1914 Ego,

358 1924 502 1976 inquit,
533 1923 698 1962 ironiam
732 1923 855 1969 illam,
887 1937 1006 1975 quam
1036 1925 1076 1961 in
1097 1925 1248 1963 Socrate
1267 1925 1404 1963 dicunt
1430 1925 1554 1970 fuisse,
1590 1941 1665 1978 qua
1694 1927 1762 1965 ille

357 1991 400 2028 in
420 1991 604 2036 Platonis,
635 1999 672 2028 et
691 1989 978 2043 Xenophontis,
1008 2000 1045 2029 et
1065 1989 1260 2030 AEschinis
1291 1991 1398 2030 libris
1430 1993 1567 2037 utitur,
1597 1992 1761 2032 facetam

358 2065 397 2094 et
431 2057 647 2110 elegantem
677 2066 786 2110 puto.
846 2057 914 2096 Est
946 2057 1051 2095 enim
1082 2067 1120 2095 et
1154 2058 1318 2096 minime
1352 2058 1472 2111 inepti
1506 2057 1693 2104 hominis,
1723 2070 1761 2097 et

358 2123 527 2174 ejusdem
560 2124 675 2162 etiam
709 2122 839 2168 faceti,
870 2137 962 2161 cum
997 2124 1042 2161 de
1073 2123 1255 2176 sapientia
1283 2124 1527 2176 disceptetur,
1559 2124 1660 2163 hanc
1691 2125 1761 2163 fibi

358 2189 486 2240 ipsum
506 2189 715 2235 detrahere,
736 2190 787 2227 eis
809 2189 976 2228 tribuere
997 2190 1240 2234 illudentem,
1269 2191 1337 2243 qui
1361 2204 1446 2228 eam
1466 2191 1535 2229 fibi
1556 2201 1729 2244 arrogant
1747 2205 1756 2229 :

360 2264 403 2292 ut
422 2255 522 2307 apud
539 2255 740 2293 Platonem
761 2257 930 2294 Socrates
951 2257 991 2295 in
1012 2257 1151 2294 caelum
1171 2256 1279 2294 effert
1295 2257 1472 2295 laudibus
1494 2258 1755 2309 Protagoram,

359 2321 567 2372 Hippiam,
610 2321 833 2367 Prodicum,
865 2322 1069 2376 Gorgiam,
1111 2332 1264 2362 caeteros
1282 2342 1294 2367 3
1341 2323 1377 2361 se
1409 2333 1539 2362 autem
1576 2324 1756 2361 omnium

359 2401 488 2427 rerum
507 2387 672 2426 inscium
697 2387 810 2440 fingit
828 2398 867 2426 et
886 2391 1034 2428 rudem.
1095 2390 1219 2427 Decet
1245 2389 1321 2427 hoc
1341 2391 1467 2430 nescio
1488 2389 1685 2441 quomodo
1706 2389 1754 2426 il-

359 2453 468 2497 lum,
500 2466 569 2491 nec
590 2453 774 2505 Epicuro,
797 2454 865 2506 qui
886 2455 925 2492 id
945 2454 1201 2508 reprehendit,
1219 2455 1407 2493 affentior.
1441 2456 1511 2492 Sed
1530 2454 1568 2492 in
1584 2453 1752 2498 historia,

357 2533 435 2573 qua
468 2529 509 2559 tu
543 2533 580 2559 es
613 2519 698 2560 usus
732 2520 773 2559 in
806 2522 915 2560 omni
942 2521 1128 2568 sermone,
1160 2535 1266 2566 curn,
1298 2523 1420 2574 qualis
1452 2520 1612 2574 quisque
1632 2530 1755 2558 orator
