2176 2912
396 298 469 334 140
745 282 859 321 DE
937 279 1440 320 ORAToRE

392 386 430 414 et
450 376 530 414 haec
543 384 628 414 aetas
649 374 784 420 nostra,
806 384 938 427 praeter
957 384 1008 420 te,
1031 373 1168 419 Craffe,
1190 373 1257 426 qui
1279 382 1345 411 tuo
1366 372 1487 424 magis
1508 371 1644 416 studio,
1667 386 1785 424 quam

393 444 547 495 proprio
578 455 735 479 munere
765 441 895 492 aliquo
924 441 1163 485 disertorum,
1180 441 1243 491 jus
1278 452 1298 476 a
1323 438 1434 477 nobis
1462 437 1573 476 civile
1603 437 1782 483 didicisti,

397 509 518 560 (quod
535 507 728 546 interdum
749 508 904 560 pudeat)
924 507 1020 558 juris
1042 507 1169 559 ignara
1188 505 1252 543 est.

450 575 569 626 Qod
590 587 677 611 vero
698 574 737 611 in
757 582 925 610 extrema
944 572 1125 615 oratione,
1146 571 1246 623 quafi
1269 581 1335 609 tuo
1349 571 1449 623 jure,
1480 569 1678 622 sumpsisti,
1700 583 1787 608 ora·
1839 587 1843 588 ⁷

394 650 518 678 torem
539 641 578 678 in
599 641 725 677 omnis
747 639 928 676 sermonis
960 638 1212 691 disputatione
1242 637 1492 689 copiofiffime
1518 636 1617 688 posse
1637 635 1785 680 versari,

395 707 446 751 id,
480 707 545 744 nisi
562 705 626 743 hic
646 706 685 742 in
708 714 774 742 tuo
791 718 907 756 regno
926 700 1101 747 effemus,
1132 717 1208 740 non
1230 702 1394 739 tulissem
1412 720 1423 746 ;
1459 701 1667 753 multisque
1688 715 1787 753 prae-

395 773 521 817 effem,
539 773 605 824 qui
621 781 685 809 aut
702 771 903 808 interdicto
919 779 1050 807 tecum
1066 769 1353 812 contenderent,
1374 777 1438 805 aut
1453 777 1489 805 te
1505 780 1550 805 ex
1562 769 1648 819 jure
1669 780 1789 805 manu

396 839 612 877 consertum
645 846 834 880 vocarent,
877 835 981 887 quod
1023 836 1063 873 in
1095 835 1232 872 alienas
1266 833 1501 886 poffeffiones
1536 843 1615 871 tam
1646 842 1790 871 temere

395 905 570 942 irruiffes.
630 904 800 955 Agerent
820 902 925 939 enim
945 910 1075 939 tecum
1096 901 1179 954 lege
1198 898 1370 953 primum
1391 898 1619 952 Pythagorei
1638 911 1791 943 omnes,

396 979 510 1022 atque
545 969 816 1013 Democritici‚
848 968 1051 1018 caeterique
1071 968 1111 1004 in
1143 966 1209 1004 suo
1233 979 1369 1019 genere
1400 964 1576 1016 Phyfici;
1614 965 1792 1002 vindica-

396 1045 556 1087 rentque
591 1035 712 1072 ornati
733 1033 908 1087 homines
938 1034 978 1070 in
1012 1032 1173 1070 dicendo
1204 1042 1242 1070 et
1275 1044 1417 1083 graveS,
1450 1030 1681 1082 quibuscum
1716 1029 1792 1067 tibi.

391 1102 494 1154 justo
524 1102 753 1139 fiicnunento
773 1099 1002 1138 contendere
1017 1113 1093 1137 non
1114 1099 1258 1136 liceret.
1298 1099 1487 1149 Urgerent
1500 1106 1675 1149 praeterea
1691 1095 1788 1134 Phi-

398 1153 644 1220 losophorum
665 1181 811 1219 greges,
842 1167 923 1217 jam
944 1166 991 1203 ab
1011 1165 1079 1202 illo
1100 1164 1206 1202 fonte
1236 1173 1271 1201 et
1292 1164 1414 1216 capite
1435 1164 1597 1206 Socrate,
1634 1161 1731 1199 nihil
1753 1171 1791 1198 te

397 1235 443 1271 de
465 1234 572 1270 bonis
595 1233 704 1270 rebus
728 1233 764 1269 in
786 1233 875 1276 vita,
912 1230 1010 1268 nihil
1033 1229 1079 1267 de
1105 1229 1230 1272 malis,
1253 1227 1351 1265 nihil
1373 1227 1418 1264 de
1438 1227 1557 1264 animi
1577 1227 1789 1279 permotio-

398 1300 525 1342 nibus,
537 1297 633 1335 nihil
652 1298 696 1335 de
709 1297 916 1334 hominum
931 1295 1120 1337 moribus,
1138 1293 1236 1331 nihil
1250 1293 1295 1330 de
1312 1293 1455 1330 ratione
1474 1292 1574 1336 vitae,
1596 1291 1764 1329 didiciffe
1776 1309 1793 1336 ς4

398 1363 496 1402 nihil
510 1364 672 1401 omnino
689 1362 866 1414 quaefiffe,
889 1360 986 1398 nihil
1005 1360 1111 1404 scire,
1133 1359 1428 1402 convincerent;
1451 1366 1501 1402 et,
1523 1371 1614 1395 cum
1630 1357 1789 1395 universi

398 1431 437 1467 in
458 1440 494 1467 te
515 1431 707 1480 impetum
728 1425 911 1470 feciffent,
935 1436 1019 1464 tum
1040 1425 1196 1478 fingulae
1216 1423 1372 1462 familiae
1392 1423 1503 1461 litem
1525 1423 1596 1460 tibi
1616 1423 1791 1461 intende-

398 1505 493 1534 rent.
528 1495 684 1533 Instaret
700 1493 922 1536 Academia,
944 1505 1043 1543 quae,
1065 1490 1252 1542 quicquid
1273 1488 1436 1533 dixisses,
1458 1488 1498 1526 id
1515 1488 1679 1540 teipsum
1699 1487 1794 1525 scire

398 1570 564 1614 negaret.
598 1560 714 1598 Stoici
735 1572 824 1596 vero
843 1557 955 1596 nostri
987 1556 1292 1608 disputationum
1322 1555 1474 1593 suarum
1494 1563 1607 1606 atque
1627 1554 1790 1591 interro-

397 1629 598 1681 gationum
621 1625 764 1677 laqueis
785 1634 820 1661 te
842 1623 1033 1661 irretitum
1055 1632 1239 1659 tenerent.
1263 1621 1506 1673 Peripatetici
1527 1629 1655 1657 autem
1675 1620 1792 1657 etiam

399 1694 480 1732 haec
500 1692 591 1746 ipsa,
623 1705 706 1744 quae
727 1690 877 1743 propria
897 1697 1090 1726 oratorum
1112 1696 1220 1739 putas
1240 1686 1310 1724 esse
1329 1687 1565 1737 adjumenta,
1595 1696 1709 1738 atque
1728 1699 1791 1723 or-

400 1769 578 1798 namenta
597 1757 763 1800 dicendi,
796 1756 843 1792 ab
874 1755 908 1792 se
929 1754 1007 1807 peti
1028 1754 1223 1791 vincerent
1252 1762 1453 1805 oportere:
1486 1765 1528 1789 ac
1559 1766 1637 1789 non
1667 1752 1792 1789 solum

400 1826 571 1869 meliora,
605 1824 665 1861 sed
694 1824 809 1860 etiam
829 1821 955 1858 multo
981 1820 1091 1872 plura
1110 1819 1370 1863 Aristotelem,
1402 1817 1795 1870 Theophrastumque

400 1893 446 1930 de
466 1891 526 1929 his
547 1891 673 1934 rebus,
709 1901 826 1940 quam
846 1899 979 1924 omnes
1000 1885 1151 1923 dicendi
1178 1884 1389 1937 magistros,
1422 1883 1599 1937 scripsisse
1619 1883 1794 1921 ostende-

401 1967 497 1997 rent.
548 1955 683 1994 Miss‘os
704 1954 804 1992 facio
824 1951 1139 1995 Mathematicos,
1162 1950 1463 1994 Grammaticos,
1486 1949 1671 1994 Musicos,
1694 1962 1794 2001 quo-

401 2039 486 2062 rum
509 2023 653 2060 artibus
689 2021 805 2059 vestra
835 2019 901 2056 ista
921 2018 1074 2056 dicendi
1099 2017 1155 2054 vis
1182 2029 1229 2054 ne
1256 2016 1421 2054 minima
1440 2016 1600 2067 quidem
1620 2015 1795 2053 societate

401 2089 662 2142 conjungitur.
723 2085 991 2137 Qamobrem
1012 2083 1078 2121 ista
1098 2092 1214 2126 tanta,
1247 2091 1403 2132 tamque
1424 2081 1547 2119 multa
1567 2080 1793 2133 profitenda,

403 2156 540 2201 Crasse,
575 2169 650 2192 non
682 2153 827 2191 censeo.
870 2151 964 2189 Satis
995 2150 1034 2187 id
1053 2149 1105 2186 est
1131 2161 1333 2199 magnum,
1355 2147 1460 2199 quod
1482 2155 1589 2199 potes
1610 2146 1793 2198 praestare,

403 2234 444 2261 ut
467 2222 669 2273 injudiciis
690 2233 731 2257 ea
750 2218 870 2262 causa,
892 2227 1181 2269 quamcumque
1201 2223 1244 2251 tu
1264 2213 1373 2258 dicis,
1396 2212 1533 2250 melior
1549 2222 1586 2249 et
1612 2212 1793 2265 probabi-

403 2291 476 2328 lior
495 2288 564 2326 effe
581 2287 774 2324 videatur:
806 2294 849 2321 ut
870 2284 909 2320 in
930 2281 1197 2324 concionibus,
1221 2289 1261 2317 ut
1283 2279 1322 2317 in
1343 2278 1537 2316 sententiis
1557 2278 1728 2316 dicendis
1749 2278 1795 2315 ad

404 2353 704 2409 persuadendum
719 2360 783 2387 tua
797 2349 1012 2402 plurimum
1033 2346 1151 2383 valeat
1171 2345 1314 2382 oratio:
1347 2343 1511 2395 denique
1533 2353 1574 2381 ut
1593 2343 1794 2396 prudenti-

405 2424 476 2460 bus
496 2419 644 2463 diserte,
676 2417 797 2455 stultis
825 2416 939 2453 etiam
960 2426 1044 2451 vere
1075 2414 1212 2455 dicere,
1243 2411 1415 2449 videaris.
1461 2411 1552 2448 Hoc
1583 2410 1748 2463 amplius
1769 2409 1796 2448 fi

406 2488 499 2540 quid
520 2485 675 2539 potem,
707 2497 783 2521 non
805 2482 842 2519 id
863 2480 961 2519 mihi
990 2479 1181 2516 videbitur
1201 2487 1339 2522 orator,
1369 2476 1430 2514 sed
1450 2477 1598 2515 Crass'us
1619 2476 1680 2514 sua
1699 2489 1796 2528 qua-

404 2556 494 2592 dam
515 2551 678 2605 propria,
701 2563 776 2588 non
796 2543 999 2586 communi
1019 2555 1213 2583 oratorum
1233 2542 1426 2588 facultate,
1448 2541 1562 2595 pofl'e.
