<?xml version="1.0" encoding="UTF-8"?>
<!DOCTYPE html PUBLIC "-//W3C//DTD XHTML 1.0 Transitional//EN"
    "http://www.w3.org/TR/xhtml1/DTD/xhtml1-transitional.dtd">
<html xmlns="http://www.w3.org/1999/xhtml" xml:lang="en" lang="en">
 <head>
  <title>
</title>
<meta http-equiv="Content-Type" content="text/html;charset=utf-8" />
  <meta name='ocr-system' content='tesseract 3.04.00' />
  <meta name='ocr-capabilities' content='ocr_page ocr_carea ocr_par ocr_line ocrx_word'/>
</head>
<body>
  <div class='ocr_page' id='page_1' title='image "./operacumindicibu01ciceuoft_0386.png"; bbox 0 0 2176 2912; ppageno 0'>
   <div class='ocr_carea' id='block_1_1' title="bbox 441 182 1506 240">
    <p class='ocr_par' dir='ltr' id='par_1_1' title="bbox 441 182 1506 240">
     <span class='ocr_line' id='line_1_1' title="bbox 441 182 1506 240; baseline -0.002 -16"><span class='ocrx_word' id='word_1_1' title='bbox 441 185 518 240; x_wconf 79' lang='lat'>376</span> <span class='ocrx_word' id='word_1_2' title='bbox 786 182 917 222; x_wconf 86' lang='lat' dir='ltr'>DE</span> <span class='ocrx_word' id='word_1_3' title='bbox 1032 183 1506 222; x_wconf 85' lang='lat' dir='ltr'>CLARIS</span> 
     </span>
    </p>
   </div>
   <div class='ocr_carea' id='block_1_2' title="bbox 437 275 1902 2587">
    <p class='ocr_par' dir='ltr' id='par_1_2' title="bbox 437 275 1850 382">
     <span class='ocr_line' id='line_1_2' title="bbox 437 275 1850 330; baseline -0.001 -14"><span class='ocrx_word' id='word_1_4' title='bbox 437 277 620 317; x_wconf 67' lang='lat' dir='ltr'>doetrinis</span> <span class='ocrx_word' id='word_1_5' title='bbox 638 276 834 315; x_wconf 85' lang='lat' dir='ltr'>institutus</span> <span class='ocrx_word' id='word_1_6' title='bbox 847 295 858 322; x_wconf 73' lang='lat'>5</span> <span class='ocrx_word' id='word_1_7' title='bbox 882 277 922 314; x_wconf 86' lang='lat' dir='ltr'>in</span> <span class='ocrx_word' id='word_1_8' title='bbox 938 276 1154 315; x_wconf 84' lang='lat' dir='ltr'>altercando</span> <span class='ocrx_word' id='word_1_9' title='bbox 1170 290 1262 316; x_wconf 88' lang='lat' dir='ltr'>cum</span> <span class='ocrx_word' id='word_1_10' title='bbox 1279 277 1410 330; x_wconf 88' lang='lat' dir='ltr'>aliquo</span> <span class='ocrx_word' id='word_1_11' title='bbox 1429 276 1575 322; x_wconf 87' lang='lat' dir='ltr'>aculeo,</span> <span class='ocrx_word' id='word_1_12' title='bbox 1593 284 1631 315; x_wconf 91' lang='lat' dir='ltr'>et</span> <span class='ocrx_word' id='word_1_13' title='bbox 1642 275 1850 315; x_wconf 66' lang='lat' dir='ltr'>maledieto</span> 
     </span>
     <span class='ocr_line' id='line_1_3' title="bbox 441 343 602 382; baseline 0 -1"><span class='ocrx_word' id='word_1_14' title='bbox 441 343 602 382; x_wconf 75' lang='lat' dir='ltr'>facetus,</span> 
     </span>
    </p>

    <p class='ocr_par' dir='ltr' id='par_1_3' title="bbox 441 407 1902 846">
     <span class='ocr_line' id='line_1_4' title="bbox 496 407 1848 462; baseline -0.001 -15"><span class='ocrx_word' id='word_1_15' title='bbox 496 411 653 448; x_wconf 81' lang='lat' dir='ltr'>Horum</span> <span class='ocrx_word' id='word_1_16' title='bbox 675 409 775 447; x_wconf 78' lang='lat' dir='ltr'>aetati</span> <span class='ocrx_word' id='word_1_17' title='bbox 795 423 915 462; x_wconf 83' lang='lat' dir='ltr'>prope</span> <span class='ocrx_word' id='word_1_18' title='bbox 934 410 1163 461; x_wconf 66' lang='lat' dir='ltr'>conjunctus</span> <span class='ocrx_word' id='word_1_19' title='bbox 1185 410 1233 448; x_wconf 95' lang='lat' dir='ltr'>L.</span> <span class='ocrx_word' id='word_1_20' title='bbox 1257 409 1425 454; x_wconf 86' lang='lat' dir='ltr'>Gellius,</span> <span class='ocrx_word' id='word_1_21' title='bbox 1448 423 1526 447; x_wconf 91' lang='lat' dir='ltr'>non</span> <span class='ocrx_word' id='word_1_22' title='bbox 1543 418 1621 448; x_wconf 87' lang='lat' dir='ltr'>tam</span> <span class='ocrx_word' id='word_1_23' title='bbox 1643 407 1848 446; x_wconf 85' lang='lat' dir='ltr'>vendibilis</span> 
     </span>
     <span class='ocr_line' id='line_1_5' title="bbox 441 475 1848 528; baseline -0.002 -14"><span class='ocrx_word' id='word_1_24' title='bbox 441 485 581 521; x_wconf 87' lang='lat' dir='ltr'>orator,</span> <span class='ocrx_word' id='word_1_25' title='bbox 604 489 722 528; x_wconf 86' lang='lat' dir='ltr'>quarn</span> <span class='ocrx_word' id='word_1_26' title='bbox 744 485 787 513; x_wconf 87' lang='lat' dir='ltr'>ut</span> <span class='ocrx_word' id='word_1_27' title='bbox 808 476 966 513; x_wconf 83' lang='lat' dir='ltr'><strong>nescires</strong></span> <span class='ocrx_word' id='word_1_28' title='bbox 987 476 1083 527; x_wconf 91' lang='lat' dir='ltr'>quid</span> <span class='ocrx_word' id='word_1_29' title='bbox 1103 476 1138 513; x_wconf 91' lang='lat' dir='ltr'>ei</span> <span class='ocrx_word' id='word_1_30' title='bbox 1158 475 1307 514; x_wconf 67' lang='lat' dir='ltr'>deeffet·</span> <span class='ocrx_word' id='word_1_31' title='bbox 1331 476 1418 514; x_wconf 88' lang='lat' dir='ltr'>Nec</span> <span class='ocrx_word' id='word_1_32' title='bbox 1434 476 1541 514; x_wconf 90' lang='lat' dir='ltr'>enim</span> <span class='ocrx_word' id='word_1_33' title='bbox 1560 484 1637 513; x_wconf 89' lang='lat' dir='ltr'>erat</span> <span class='ocrx_word' id='word_1_34' title='bbox 1658 475 1848 519; x_wconf 68' lang='lat' dir='ltr'>indoCtus‚</span> 
     </span>
     <span class='ocr_line' id='line_1_6' title="bbox 442 542 1902 595; baseline -0.001 -14"><span class='ocrx_word' id='word_1_35' title='bbox 442 557 512 581; x_wconf 90' lang='lat' dir='ltr'>nec</span> <span class='ocrx_word' id='word_1_36' title='bbox 534 543 662 580; x_wconf 84' lang='lat' dir='ltr'>tardus</span> <span class='ocrx_word' id='word_1_37' title='bbox 683 542 728 579; x_wconf 84' lang='lat' dir='ltr'>ad</span> <span class='ocrx_word' id='word_1_38' title='bbox 749 542 1064 595; x_wconf 80' lang='lat' dir='ltr'>excogitandum,</span> <span class='ocrx_word' id='word_1_39' title='bbox 1092 556 1162 580; x_wconf 90' lang='lat' dir='ltr'>nec</span> <span class='ocrx_word' id='word_1_40' title='bbox 1190 543 1455 580; x_wconf 85' lang='lat' dir='ltr'>Romanarum</span> <span class='ocrx_word' id='word_1_41' title='bbox 1476 556 1605 580; x_wconf 87' lang='lat' dir='ltr'>rerum</span> <span class='ocrx_word' id='word_1_42' title='bbox 1626 542 1849 586; x_wconf 88' lang='lat' dir='ltr'>immemor,</span> <span class='ocrx_word' id='word_1_43' title='bbox 1897 548 1902 549; x_wconf 51' lang='lat'><em>⁷</em></span> 
     </span>
     <span class='ocr_line' id='line_1_7' title="bbox 442 609 1848 661; baseline -0.001 -13"><span class='ocrx_word' id='word_1_44' title='bbox 442 621 480 648; x_wconf 89' lang='lat' dir='ltr'>et</span> <span class='ocrx_word' id='word_1_45' title='bbox 500 610 624 648; x_wconf 86' lang='lat' dir='ltr'>verbis</span> <span class='ocrx_word' id='word_1_46' title='bbox 646 610 790 647; x_wconf 82' lang='lat' dir='ltr'>solutus</span> <span class='ocrx_word' id='word_1_47' title='bbox 811 609 895 646; x_wconf 79' lang='lat' dir='ltr'>satis</span> <span class='ocrx_word' id='word_1_48' title='bbox 909 627 920 653; x_wconf 85' lang='lat'>;</span> <span class='ocrx_word' id='word_1_49' title='bbox 944 609 1006 646; x_wconf 88' lang='lat' dir='ltr'>sed</span> <span class='ocrx_word' id='word_1_50' title='bbox 1023 609 1063 646; x_wconf 91' lang='lat' dir='ltr'>in</span> <span class='ocrx_word' id='word_1_51' title='bbox 1080 622 1240 661; x_wconf 82' lang='lat' dir='ltr'>magnos</span> <span class='ocrx_word' id='word_1_52' title='bbox 1262 617 1426 646; x_wconf 86' lang='lat' dir='ltr'>oratores</span> <span class='ocrx_word' id='word_1_53' title='bbox 1440 609 1625 646; x_wconf 88' lang='lat' dir='ltr'>inciderat</span> <span class='ocrx_word' id='word_1_54' title='bbox 1641 610 1722 661; x_wconf 86' lang='lat' dir='ltr'>ejus</span> <span class='ocrx_word' id='word_1_55' title='bbox 1740 617 1848 647; x_wconf 84' lang='lat' dir='ltr'>aetas:</span> 
     </span>
     <span class='ocr_line' id='line_1_8' title="bbox 442 674 1853 727; baseline -0.002 -13"><span class='ocrx_word' id='word_1_56' title='bbox 442 677 611 715; x_wconf 85' lang='lat' dir='ltr'>multam</span> <span class='ocrx_word' id='word_1_57' title='bbox 633 686 760 713; x_wconf 80' lang='lat' dir='ltr'>tamen</span> <span class='ocrx_word' id='word_1_58' title='bbox 781 688 936 727; x_wconf 85' lang='lat' dir='ltr'>operam</span> <span class='ocrx_word' id='word_1_59' title='bbox 956 674 1107 718; x_wconf 84' lang='lat' dir='ltr'>amicis,</span> <span class='ocrx_word' id='word_1_60' title='bbox 1137 685 1175 712; x_wconf 91' lang='lat' dir='ltr'>et</span> <span class='ocrx_word' id='word_1_61' title='bbox 1196 674 1334 712; x_wconf 86' lang='lat' dir='ltr'>utilem</span> <span class='ocrx_word' id='word_1_62' title='bbox 1355 674 1518 727; x_wconf 85' lang='lat' dir='ltr'>praebuit</span> <span class='ocrx_word' id='word_1_63' title='bbox 1536 693 1547 718; x_wconf 65' lang='grc' dir='ltr'><strong><em>ς</em></strong></span> <span class='ocrx_word' id='word_1_64' title='bbox 1579 684 1694 726; x_wconf 87' lang='lat' dir='ltr'>atque</span> <span class='ocrx_word' id='word_1_65' title='bbox 1714 674 1766 711; x_wconf 85' lang='lat' dir='ltr'>ita</span> <span class='ocrx_word' id='word_1_66' title='bbox 1785 675 1853 712; x_wconf 88' lang='lat' dir='ltr'>diu</span> 
     </span>
     <span class='ocr_line' id='line_1_9' title="bbox 442 740 1854 793; baseline -0.002 -12"><span class='ocrx_word' id='word_1_67' title='bbox 442 743 553 787; x_wconf 79' lang='lat' dir='ltr'>vixit,</span> <span class='ocrx_word' id='word_1_68' title='bbox 590 751 634 779; x_wconf 90' lang='lat' dir='ltr'>ut</span> <span class='ocrx_word' id='word_1_69' title='bbox 662 741 877 779; x_wconf 80' lang='lat' dir='ltr'>multarum</span> <span class='ocrx_word' id='word_1_70' title='bbox 912 749 1069 778; x_wconf 87' lang='lat' dir='ltr'>aetatum</span> <span class='ocrx_word' id='word_1_71' title='bbox 1102 740 1316 778; x_wconf 83' lang='lat' dir='ltr'>oratoribus</span> <span class='ocrx_word' id='word_1_72' title='bbox 1352 740 1618 793; x_wconf 84' lang='lat' dir='ltr'>implicaretur</span> <span class='ocrx_word' id='word_1_73' title='bbox 1630 759 1642 785; x_wconf 80' lang='lat'>3</span> <span class='ocrx_word' id='word_1_74' title='bbox 1678 740 1854 778; x_wconf 86' lang='lat' dir='ltr'>multum</span> 
     </span>
     <span class='ocr_line' id='line_1_10' title="bbox 443 806 1000 846; baseline -0.004 0"><span class='ocrx_word' id='word_1_75' title='bbox 443 810 560 846; x_wconf 83' lang='lat' dir='ltr'>etiarn</span> <span class='ocrx_word' id='word_1_76' title='bbox 582 808 622 845; x_wconf 88' lang='lat' dir='ltr'>in</span> <span class='ocrx_word' id='word_1_77' title='bbox 642 807 759 845; x_wconf 76' lang='lat' dir='ltr'>causis</span> <span class='ocrx_word' id='word_1_78' title='bbox 781 806 1000 844; x_wconf 87' lang='lat' dir='ltr'>versaretur.</span> 
     </span>
    </p>

    <p class='ocr_par' dir='ltr' id='par_1_4' title="bbox 444 871 1861 1719">
     <span class='ocr_line' id='line_1_11' title="bbox 500 871 1853 924; baseline -0.001 -13"><span class='ocrx_word' id='word_1_79' title='bbox 500 873 642 911; x_wconf 88' lang='lat' dir='ltr'>Iisdem</span> <span class='ocrx_word' id='word_1_80' title='bbox 668 871 746 910; x_wconf 86' lang='lat' dir='ltr'>fere</span> <span class='ocrx_word' id='word_1_81' title='bbox 767 872 1008 924; x_wconf 83' lang='lat' dir='ltr'>temporibus</span> <span class='ocrx_word' id='word_1_82' title='bbox 1041 873 1094 910; x_wconf 87' lang='lat' dir='ltr'>D.</span> <span class='ocrx_word' id='word_1_83' title='bbox 1119 872 1275 917; x_wconf 83' lang='lat' dir='ltr'>Brutus,</span> <span class='ocrx_word' id='word_1_84' title='bbox 1306 871 1352 917; x_wconf 82' lang='lat' dir='ltr'>is,</span> <span class='ocrx_word' id='word_1_85' title='bbox 1383 872 1452 924; x_wconf 84' lang='lat' dir='ltr'>qui</span> <span class='ocrx_word' id='word_1_86' title='bbox 1474 872 1619 910; x_wconf 91' lang='lat' dir='ltr'>Consul</span> <span class='ocrx_word' id='word_1_87' title='bbox 1646 885 1738 910; x_wconf 91' lang='lat' dir='ltr'>cum</span> <span class='ocrx_word' id='word_1_88' title='bbox 1760 872 1853 910; x_wconf 89' lang='lat' dir='ltr'>Ma-</span> 
     </span>
     <span class='ocr_line' id='line_1_12' title="bbox 444 938 1854 984; baseline -0.002 -6"><span class='ocrx_word' id='word_1_89' title='bbox 444 953 576 978; x_wconf 85' lang='lat' dir='ltr'>merco</span> <span class='ocrx_word' id='word_1_90' title='bbox 606 939 697 984; x_wconf 84' lang='lat' dir='ltr'>fuit,</span> <span class='ocrx_word' id='word_1_91' title='bbox 728 938 849 977; x_wconf 87' lang='lat' dir='ltr'>homo</span> <span class='ocrx_word' id='word_1_92' title='bbox 869 947 908 976; x_wconf 90' lang='lat' dir='ltr'>et</span> <span class='ocrx_word' id='word_1_93' title='bbox 929 939 1076 977; x_wconf 87' lang='lat' dir='ltr'>Graecis</span> <span class='ocrx_word' id='word_1_94' title='bbox 1097 938 1231 976; x_wconf 67' lang='lat' dir='ltr'>doetus</span> <span class='ocrx_word' id='word_1_95' title='bbox 1252 939 1385 983; x_wconf 88' lang='lat' dir='ltr'>literis,</span> <span class='ocrx_word' id='word_1_96' title='bbox 1416 948 1455 976; x_wconf 91' lang='lat' dir='ltr'>et</span> <span class='ocrx_word' id='word_1_97' title='bbox 1474 938 1636 976; x_wconf 87' lang='lat' dir='ltr'>Latinis.</span> <span class='ocrx_word' id='word_1_98' title='bbox 1688 939 1854 977; x_wconf 84' lang='lat' dir='ltr'>Dicebat</span> 
     </span>
     <span class='ocr_line' id='line_1_13' title="bbox 445 1004 1854 1058; baseline -0.002 -13"><span class='ocrx_word' id='word_1_99' title='bbox 445 1007 563 1045; x_wconf 87' lang='lat' dir='ltr'>etiam</span> <span class='ocrx_word' id='word_1_100' title='bbox 584 1007 632 1044; x_wconf 88' lang='lat' dir='ltr'>L.</span> <span class='ocrx_word' id='word_1_101' title='bbox 656 1006 785 1058; x_wconf 83' lang='lat' dir='ltr'>Scipio</span> <span class='ocrx_word' id='word_1_102' title='bbox 806 1019 883 1044; x_wconf 88' lang='lat' dir='ltr'>non</span> <span class='ocrx_word' id='word_1_103' title='bbox 904 1005 1083 1058; x_wconf 88' lang='lat' dir='ltr'>imperite</span> <span class='ocrx_word' id='word_1_104' title='bbox 1102 1020 1111 1043; x_wconf 69' lang='grc' dir='ltr'>ε</span> <span class='ocrx_word' id='word_1_105' title='bbox 1136 1005 1341 1057; x_wconf 89' lang='lat' dir='ltr'>Cneusque</span> <span class='ocrx_word' id='word_1_106' title='bbox 1361 1005 1585 1057; x_wconf 83' lang='lat' dir='ltr'>Pompeius,</span> <span class='ocrx_word' id='word_1_107' title='bbox 1610 1005 1715 1043; x_wconf 83' lang='lat' dir='ltr'>Sexti</span> <span class='ocrx_word' id='word_1_108' title='bbox 1735 1004 1854 1049; x_wconf 82' lang='lat' dir='ltr'>filius,</span> 
     </span>
     <span class='ocr_line' id='line_1_14' title="bbox 448 1070 1855 1125; baseline -0.001 -15"><span class='ocrx_word' id='word_1_109' title='bbox 448 1073 621 1125; x_wconf 80' lang='lat' dir='ltr'>aliquem</span> <span class='ocrx_word' id='word_1_110' title='bbox 641 1086 851 1110; x_wconf 87' lang='lat' dir='ltr'>numerum</span> <span class='ocrx_word' id='word_1_111' title='bbox 865 1072 1079 1110; x_wconf 83' lang='lat' dir='ltr'>obtinebat.</span> <span class='ocrx_word' id='word_1_112' title='bbox 1124 1072 1232 1110; x_wconf 90' lang='lat' dir='ltr'>Nam</span> <span class='ocrx_word' id='word_1_113' title='bbox 1253 1073 1403 1116; x_wconf 85' lang='lat' dir='ltr'>Sextus,</span> <span class='ocrx_word' id='word_1_114' title='bbox 1424 1070 1540 1109; x_wconf 86' lang='lat' dir='ltr'>frater</span> <span class='ocrx_word' id='word_1_115' title='bbox 1559 1073 1655 1124; x_wconf 83' lang='lat' dir='ltr'>ejus,</span> <span class='ocrx_word' id='word_1_116' title='bbox 1677 1071 1855 1124; x_wconf 79' lang='lat' dir='ltr'>praestan-</span> 
     </span>
     <span class='ocr_line' id='line_1_15' title="bbox 446 1136 1857 1191; baseline -0.003 -14"><span class='ocrx_word' id='word_1_117' title='bbox 446 1139 636 1177; x_wconf 84' lang='lat' dir='ltr'>tiffimum</span> <span class='ocrx_word' id='word_1_118' title='bbox 656 1138 859 1191; x_wconf 86' lang='lat' dir='ltr'>ingenium</span> <span class='ocrx_word' id='word_1_119' title='bbox 879 1138 1094 1177; x_wconf 79' lang='lat' dir='ltr'>contulerat</span> <span class='ocrx_word' id='word_1_120' title='bbox 1114 1138 1160 1175; x_wconf 90' lang='lat' dir='ltr'>ad</span> <span class='ocrx_word' id='word_1_121' title='bbox 1173 1137 1367 1175; x_wconf 86' lang='lat' dir='ltr'>summam</span> <span class='ocrx_word' id='word_1_122' title='bbox 1382 1137 1480 1190; x_wconf 88' lang='lat' dir='ltr'>juris</span> <span class='ocrx_word' id='word_1_123' title='bbox 1497 1137 1636 1182; x_wconf 84' lang='lat' dir='ltr'>civilis,</span> <span class='ocrx_word' id='word_1_124' title='bbox 1653 1146 1691 1174; x_wconf 90' lang='lat' dir='ltr'>et</span> <span class='ocrx_word' id='word_1_125' title='bbox 1706 1136 1753 1174; x_wconf 88' lang='lat' dir='ltr'>ad</span> <span class='ocrx_word' id='word_1_126' title='bbox 1768 1149 1857 1190; x_wconf 88' lang='lat' dir='ltr'>per-</span> 
     </span>
     <span class='ocr_line' id='line_1_16' title="bbox 447 1203 1856 1257; baseline -0.002 -14"><span class='ocrx_word' id='word_1_127' title='bbox 447 1204 588 1244; x_wconf 57' lang='lat' dir='ltr'>seuam</span> <span class='ocrx_word' id='word_1_128' title='bbox 608 1205 843 1257; x_wconf 86' lang='lat' dir='ltr'>geometriae,</span> <span class='ocrx_word' id='word_1_129' title='bbox 865 1214 903 1243; x_wconf 91' lang='lat' dir='ltr'>et</span> <span class='ocrx_word' id='word_1_130' title='bbox 924 1218 1052 1242; x_wconf 89' lang='lat' dir='ltr'>rerum</span> <span class='ocrx_word' id='word_1_131' title='bbox 1066 1204 1297 1249; x_wconf 83' lang='lat' dir='ltr'>Stoicarum,</span> <span class='ocrx_word' id='word_1_132' title='bbox 1317 1203 1530 1242; x_wconf 87' lang='lat' dir='ltr'>scientiam.</span> <span class='ocrx_word' id='word_1_133' title='bbox 1578 1204 1679 1241; x_wconf 91' lang='lat' dir='ltr'>Item</span> <span class='ocrx_word' id='word_1_134' title='bbox 1700 1203 1741 1241; x_wconf 89' lang='lat' dir='ltr'>in</span> <span class='ocrx_word' id='word_1_135' title='bbox 1754 1205 1856 1256; x_wconf 85' lang='lat' dir='ltr'>jure,</span> 
     </span>
     <span class='ocr_line' id='line_1_17' title="bbox 448 1268 1859 1324; baseline -0.001 -15"><span class='ocrx_word' id='word_1_136' title='bbox 448 1280 487 1309; x_wconf 87' lang='lat' dir='ltr'>et</span> <span class='ocrx_word' id='word_1_137' title='bbox 507 1280 594 1309; x_wconf 83' lang='lat' dir='ltr'>ante</span> <span class='ocrx_word' id='word_1_138' title='bbox 613 1270 683 1309; x_wconf 89' lang='lat' dir='ltr'>hos</span> <span class='ocrx_word' id='word_1_139' title='bbox 704 1271 768 1309; x_wconf 92' lang='lat' dir='ltr'>M.</span> <span class='ocrx_word' id='word_1_140' title='bbox 791 1272 950 1316; x_wconf 88' lang='lat' dir='ltr'>Brutus,</span> <span class='ocrx_word' id='word_1_141' title='bbox 972 1280 1010 1309; x_wconf 89' lang='lat' dir='ltr'>et</span> <span class='ocrx_word' id='word_1_142' title='bbox 1028 1270 1145 1324; x_wconf 88' lang='lat' dir='ltr'>paulo</span> <span class='ocrx_word' id='word_1_143' title='bbox 1164 1270 1248 1324; x_wconf 88' lang='lat' dir='ltr'>post</span> <span class='ocrx_word' id='word_1_144' title='bbox 1261 1284 1352 1308; x_wconf 87' lang='lat' dir='ltr'>eum</span> <span class='ocrx_word' id='word_1_145' title='bbox 1374 1271 1422 1308; x_wconf 93' lang='lat' dir='ltr'>C.</span> <span class='ocrx_word' id='word_1_146' title='bbox 1446 1269 1633 1315; x_wconf 88' lang='lat' dir='ltr'>Bilienus,</span> <span class='ocrx_word' id='word_1_147' title='bbox 1654 1268 1776 1308; x_wconf 90' lang='lat' dir='ltr'>homo</span> <span class='ocrx_word' id='word_1_148' title='bbox 1791 1282 1859 1322; x_wconf 87' lang='lat' dir='ltr'>per</span> 
     </span>
     <span class='ocr_line' id='line_1_18' title="bbox 450 1334 1860 1390; baseline -0.001 -15"><span class='ocrx_word' id='word_1_149' title='bbox 450 1337 485 1375; x_wconf 90' lang='lat' dir='ltr'>se</span> <span class='ocrx_word' id='word_1_150' title='bbox 516 1350 694 1390; x_wconf 85' lang='lat' dir='ltr'>magnus,</span> <span class='ocrx_word' id='word_1_151' title='bbox 726 1350 844 1390; x_wconf 90' lang='lat' dir='ltr'>prope</span> <span class='ocrx_word' id='word_1_152' title='bbox 876 1337 991 1375; x_wconf 88' lang='lat' dir='ltr'>fimili</span> <span class='ocrx_word' id='word_1_153' title='bbox 1025 1337 1171 1375; x_wconf 81' lang='lat' dir='ltr'>ratione</span> <span class='ocrx_word' id='word_1_154' title='bbox 1198 1336 1374 1375; x_wconf 89' lang='lat' dir='ltr'>summus</span> <span class='ocrx_word' id='word_1_155' title='bbox 1407 1336 1567 1374; x_wconf 85' lang='lat' dir='ltr'>evaserat</span> <span class='ocrx_word' id='word_1_156' title='bbox 1579 1354 1590 1381; x_wconf 65' lang='grc' dir='ltr'><strong><em>ς</em></strong></span> <span class='ocrx_word' id='word_1_157' title='bbox 1621 1337 1691 1388; x_wconf 85' lang='lat' dir='ltr'>qui</span> <span class='ocrx_word' id='word_1_158' title='bbox 1712 1334 1860 1374; x_wconf 87' lang='lat' dir='ltr'>Consul</span> 
     </span>
     <span class='ocr_line' id='line_1_19' title="bbox 449 1402 1858 1455; baseline -0.001 -14"><span class='ocrx_word' id='word_1_159' title='bbox 449 1402 570 1441; x_wconf 66' lang='lat' dir='ltr'>faetus</span> <span class='ocrx_word' id='word_1_160' title='bbox 591 1403 691 1449; x_wconf 83' lang='lat' dir='ltr'>effet,</span> <span class='ocrx_word' id='word_1_161' title='bbox 723 1403 791 1441; x_wconf 82' lang='lat' dir='ltr'>nisi</span> <span class='ocrx_word' id='word_1_162' title='bbox 813 1404 853 1441; x_wconf 89' lang='lat' dir='ltr'>in</span> <span class='ocrx_word' id='word_1_163' title='bbox 875 1404 1072 1441; x_wconf 87' lang='lat' dir='ltr'>Marianos</span> <span class='ocrx_word' id='word_1_164' title='bbox 1094 1403 1327 1449; x_wconf 85' lang='lat' dir='ltr'>consulatus,</span> <span class='ocrx_word' id='word_1_165' title='bbox 1359 1412 1396 1441; x_wconf 90' lang='lat' dir='ltr'>et</span> <span class='ocrx_word' id='word_1_166' title='bbox 1426 1403 1467 1441; x_wconf 90' lang='lat' dir='ltr'>in</span> <span class='ocrx_word' id='word_1_167' title='bbox 1487 1417 1547 1441; x_wconf 84' lang='lat' dir='ltr'>eas</span> <span class='ocrx_word' id='word_1_168' title='bbox 1568 1403 1767 1455; x_wconf 88' lang='lat' dir='ltr'>petitionis</span> <span class='ocrx_word' id='word_1_169' title='bbox 1788 1415 1858 1439; x_wconf 85' lang='lat' dir='ltr'>an-</span> 
     </span>
     <span class='ocr_line' id='line_1_20' title="bbox 447 1468 1861 1523; baseline -0.001 -16"><span class='ocrx_word' id='word_1_170' title='bbox 447 1470 588 1523; x_wconf 82' lang='lat' dir='ltr'>gustias</span> <span class='ocrx_word' id='word_1_171' title='bbox 610 1469 812 1508; x_wconf 78' lang='lat' dir='ltr'>incidifl‘et.</span> <span class='ocrx_word' id='word_1_172' title='bbox 846 1471 922 1508; x_wconf 88' lang='lat' dir='ltr'>Cn.</span> <span class='ocrx_word' id='word_1_173' title='bbox 945 1479 1076 1508; x_wconf 87' lang='lat' dir='ltr'>autem</span> <span class='ocrx_word' id='word_1_174' title='bbox 1102 1470 1256 1508; x_wconf 65' lang='lat' dir='ltr'>Oetavii</span> <span class='ocrx_word' id='word_1_175' title='bbox 1276 1470 1508 1523; x_wconf 82' lang='lat' dir='ltr'>eloquentia,</span> <span class='ocrx_word' id='word_1_176' title='bbox 1531 1484 1615 1522; x_wconf 82' lang='lat' dir='ltr'>quae</span> <span class='ocrx_word' id='word_1_177' title='bbox 1631 1468 1754 1507; x_wconf 88' lang='lat' dir='ltr'>fuerat</span> <span class='ocrx_word' id='word_1_178' title='bbox 1773 1476 1861 1506; x_wconf 86' lang='lat' dir='ltr'>ante</span> 
     </span>
     <span class='ocr_line' id='line_1_21' title="bbox 451 1533 1860 1587; baseline -0.001 -14"><span class='ocrx_word' id='word_1_179' title='bbox 451 1536 696 1573; x_wconf 80' lang='lat' dir='ltr'>consulatum</span> <span class='ocrx_word' id='word_1_180' title='bbox 717 1536 902 1587; x_wconf 83' lang='lat' dir='ltr'>ignorata,</span> <span class='ocrx_word' id='word_1_181' title='bbox 933 1537 973 1573; x_wconf 90' lang='lat' dir='ltr'>in</span> <span class='ocrx_word' id='word_1_182' title='bbox 1004 1536 1203 1574; x_wconf 91' lang='lat' dir='ltr'>consulatu</span> <span class='ocrx_word' id='word_1_183' title='bbox 1225 1536 1359 1574; x_wconf 85' lang='lat' dir='ltr'>multis</span> <span class='ocrx_word' id='word_1_184' title='bbox 1380 1537 1636 1574; x_wconf 89' lang='lat' dir='ltr'>concionibus</span> <span class='ocrx_word' id='word_1_185' title='bbox 1656 1535 1708 1573; x_wconf 87' lang='lat' dir='ltr'>est</span> <span class='ocrx_word' id='word_1_186' title='bbox 1742 1533 1860 1572; x_wconf 86' lang='lat' dir='ltr'>vehe-</span> 
     </span>
     <span class='ocr_line' id='line_1_22' title="bbox 451 1602 1859 1655; baseline -0.001 -15"><span class='ocrx_word' id='word_1_187' title='bbox 451 1611 602 1641; x_wconf 86' lang='lat' dir='ltr'>menter</span> <span class='ocrx_word' id='word_1_188' title='bbox 621 1602 792 1655; x_wconf 86' lang='lat' dir='ltr'>probata.</span> <span class='ocrx_word' id='word_1_189' title='bbox 843 1602 914 1640; x_wconf 88' lang='lat' dir='ltr'>Sed</span> <span class='ocrx_word' id='word_1_190' title='bbox 934 1602 980 1639; x_wconf 86' lang='lat' dir='ltr'>ab</span> <span class='ocrx_word' id='word_1_191' title='bbox 1001 1603 1070 1646; x_wconf 80' lang='lat' dir='ltr'>eis,</span> <span class='ocrx_word' id='word_1_192' title='bbox 1102 1602 1171 1654; x_wconf 89' lang='lat' dir='ltr'>qui</span> <span class='ocrx_word' id='word_1_193' title='bbox 1190 1611 1343 1641; x_wconf 82' lang='lat' dir='ltr'>tantum</span> <span class='ocrx_word' id='word_1_194' title='bbox 1370 1603 1409 1640; x_wconf 90' lang='lat' dir='ltr'>in</span> <span class='ocrx_word' id='word_1_195' title='bbox 1444 1602 1661 1640; x_wconf 88' lang='lat' dir='ltr'>dicentium</span> <span class='ocrx_word' id='word_1_196' title='bbox 1682 1614 1859 1646; x_wconf 86' lang='lat' dir='ltr'>numero,</span> 
     </span>
     <span class='ocr_line' id='line_1_23' title="bbox 452 1667 1625 1719; baseline 0 -13"><span class='ocrx_word' id='word_1_197' title='bbox 452 1681 530 1706; x_wconf 88' lang='lat' dir='ltr'>non</span> <span class='ocrx_word' id='word_1_198' title='bbox 551 1669 591 1706; x_wconf 87' lang='lat' dir='ltr'>in</span> <span class='ocrx_word' id='word_1_199' title='bbox 610 1677 805 1707; x_wconf 87' lang='lat' dir='ltr'>oratorum</span> <span class='ocrx_word' id='word_1_200' title='bbox 826 1667 996 1713; x_wconf 86' lang='lat' dir='ltr'>fuerunt,</span> <span class='ocrx_word' id='word_1_201' title='bbox 1021 1669 1105 1719; x_wconf 80' lang='lat' dir='ltr'>jam</span> <span class='ocrx_word' id='word_1_202' title='bbox 1126 1667 1171 1705; x_wconf 88' lang='lat' dir='ltr'>ad</span> <span class='ocrx_word' id='word_1_203' title='bbox 1190 1677 1354 1706; x_wconf 85' lang='lat' dir='ltr'>oratores</span> <span class='ocrx_word' id='word_1_204' title='bbox 1378 1677 1625 1706; x_wconf 85' lang='lat' dir='ltr'>revertamur.</span> 
     </span>
    </p>

    <p class='ocr_par' dir='ltr' id='par_1_5' title="bbox 453 1733 1862 1853">
     <span class='ocr_line' id='line_1_24' title="bbox 511 1733 1862 1788; baseline -0.001 -16"><span class='ocrx_word' id='word_1_205' title='bbox 511 1734 671 1780; x_wconf 89' lang='lat' dir='ltr'>Censeo,</span> <span class='ocrx_word' id='word_1_206' title='bbox 696 1735 825 1787; x_wconf 88' lang='lat' dir='ltr'>inquit</span> <span class='ocrx_word' id='word_1_207' title='bbox 846 1735 1017 1773; x_wconf 80' lang='lat' dir='ltr'>Atticus.</span> <span class='ocrx_word' id='word_1_208' title='bbox 1049 1735 1287 1788; x_wconf 87' lang='lat' dir='ltr'>Eloquentes</span> <span class='ocrx_word' id='word_1_209' title='bbox 1303 1735 1410 1773; x_wconf 86' lang='lat' dir='ltr'>enim</span> <span class='ocrx_word' id='word_1_210' title='bbox 1430 1734 1621 1779; x_wconf 83' lang='lat' dir='ltr'>videbare,</span> <span class='ocrx_word' id='word_1_211' title='bbox 1654 1748 1732 1772; x_wconf 90' lang='lat' dir='ltr'>non</span> <span class='ocrx_word' id='word_1_212' title='bbox 1749 1733 1862 1772; x_wconf 86' lang='lat' dir='ltr'>sedu-</span> 
     </span>
     <span class='ocr_line' id='line_1_25' title="bbox 453 1801 902 1853; baseline 0 -13"><span class='ocrx_word' id='word_1_213' title='bbox 453 1802 526 1846; x_wconf 87' lang='lat' dir='ltr'>los,</span> <span class='ocrx_word' id='word_1_214' title='bbox 548 1801 646 1839; x_wconf 83' lang='lat' dir='ltr'>velle</span> <span class='ocrx_word' id='word_1_215' title='bbox 664 1802 902 1853; x_wconf 81' lang='lat' dir='ltr'>conquirere.</span> 
     </span>
    </p>

    <p class='ocr_par' dir='ltr' id='par_1_6' title="bbox 455 1865 1864 2253">
     <span class='ocr_line' id='line_1_26' title="bbox 510 1865 1860 1919; baseline 0 -14"><span class='ocrx_word' id='word_1_216' title='bbox 510 1867 701 1905; x_wconf 90' lang='lat' dir='ltr'>XLVIII.</span> <span class='ocrx_word' id='word_1_217' title='bbox 735 1867 953 1906; x_wconf 82' lang='lat' dir='ltr'>Festivitate</span> <span class='ocrx_word' id='word_1_218' title='bbox 974 1867 1106 1919; x_wconf 80' lang='lat' dir='ltr'>igitur,</span> <span class='ocrx_word' id='word_1_219' title='bbox 1126 1876 1164 1904; x_wconf 87' lang='lat' dir='ltr'>et</span> <span class='ocrx_word' id='word_1_220' title='bbox 1182 1865 1344 1912; x_wconf 82' lang='lat' dir='ltr'>facetiis,</span> <span class='ocrx_word' id='word_1_221' title='bbox 1372 1868 1548 1918; x_wconf 85' lang='lat' dir='ltr'>inquam,</span> <span class='ocrx_word' id='word_1_222' title='bbox 1574 1869 1621 1905; x_wconf 92' lang='lat' dir='ltr'>C.</span> <span class='ocrx_word' id='word_1_223' title='bbox 1645 1867 1788 1918; x_wconf 85' lang='lat' dir='ltr'>Julius,</span> <span class='ocrx_word' id='word_1_224' title='bbox 1811 1868 1860 1905; x_wconf 92' lang='lat' dir='ltr'>L.</span> 
     </span>
     <span class='ocr_line' id='line_1_27' title="bbox 455 1932 1862 1988; baseline 0 -17"><span class='ocrx_word' id='word_1_225' title='bbox 455 1933 572 1979; x_wconf 83' lang='lat' dir='ltr'>filius,</span> <span class='ocrx_word' id='word_1_226' title='bbox 600 1932 637 1972; x_wconf 84' lang='lat' dir='ltr'>et</span> <span class='ocrx_word' id='word_1_227' title='bbox 658 1934 930 1987; x_wconf 84' lang='lat' dir='ltr'>superioribus,</span> <span class='ocrx_word' id='word_1_228' title='bbox 967 1943 1004 1972; x_wconf 92' lang='lat' dir='ltr'>et</span> <span class='ocrx_word' id='word_1_229' title='bbox 1026 1934 1237 1988; x_wconf 87' lang='lat' dir='ltr'>aequalibus</span> <span class='ocrx_word' id='word_1_230' title='bbox 1258 1934 1332 1974; x_wconf 84' lang='lat' dir='ltr'>suis</span> <span class='ocrx_word' id='word_1_231' title='bbox 1353 1934 1538 1973; x_wconf 85' lang='lat' dir='ltr'>omnibus</span> <span class='ocrx_word' id='word_1_232' title='bbox 1560 1934 1746 1987; x_wconf 84' lang='lat' dir='ltr'>praestitit,</span> <span class='ocrx_word' id='word_1_233' title='bbox 1777 1947 1862 1971; x_wconf 88' lang='lat' dir='ltr'>ora-</span> 
     </span>
     <span class='ocr_line' id='line_1_28' title="bbox 455 1999 1863 2054; baseline -0.001 -16"><span class='ocrx_word' id='word_1_234' title='bbox 455 2009 592 2053; x_wconf 91' lang='lat' dir='ltr'>torque</span> <span class='ocrx_word' id='word_1_235' title='bbox 611 1999 689 2038; x_wconf 92' lang='lat' dir='ltr'>fuit</span> <span class='ocrx_word' id='word_1_236' title='bbox 709 2001 874 2039; x_wconf 87' lang='lat' dir='ltr'>minime</span> <span class='ocrx_word' id='word_1_237' title='bbox 891 2001 956 2039; x_wconf 86' lang='lat' dir='ltr'>ille</span> <span class='ocrx_word' id='word_1_238' title='bbox 973 2001 1134 2054; x_wconf 89' lang='lat' dir='ltr'>quidem</span> <span class='ocrx_word' id='word_1_239' title='bbox 1149 1999 1372 2045; x_wconf 88' lang='lat' dir='ltr'>vehemens,</span> <span class='ocrx_word' id='word_1_240' title='bbox 1391 1999 1452 2038; x_wconf 89' lang='lat' dir='ltr'>sed</span> <span class='ocrx_word' id='word_1_241' title='bbox 1469 2013 1585 2037; x_wconf 87' lang='lat' dir='ltr'>nemo</span> <span class='ocrx_word' id='word_1_242' title='bbox 1602 2013 1774 2051; x_wconf 83' lang='lat' dir='ltr'>unquam</span> <span class='ocrx_word' id='word_1_243' title='bbox 1797 2013 1863 2037; x_wconf 89' lang='lat' dir='ltr'>ur-</span> 
     </span>
     <span class='ocr_line' id='line_1_29' title="bbox 456 2065 1863 2121; baseline -0.001 -17"><span class='ocrx_word' id='word_1_244' title='bbox 456 2067 638 2112; x_wconf 80' lang='lat' dir='ltr'>banitate,</span> <span class='ocrx_word' id='word_1_245' title='bbox 658 2081 773 2106; x_wconf 87' lang='lat' dir='ltr'>nemo</span> <span class='ocrx_word' id='word_1_246' title='bbox 794 2068 936 2121; x_wconf 89' lang='lat' dir='ltr'>lepore,</span> <span class='ocrx_word' id='word_1_247' title='bbox 958 2081 1074 2106; x_wconf 90' lang='lat' dir='ltr'>nemo</span> <span class='ocrx_word' id='word_1_248' title='bbox 1093 2067 1287 2112; x_wconf 86' lang='lat' dir='ltr'>suavitate,</span> <span class='ocrx_word' id='word_1_249' title='bbox 1309 2066 1515 2104; x_wconf 83' lang='lat' dir='ltr'>conditior.</span> <span class='ocrx_word' id='word_1_250' title='bbox 1565 2069 1662 2104; x_wconf 86' lang='lat' dir='ltr'>Sunt</span> <span class='ocrx_word' id='word_1_251' title='bbox 1683 2067 1763 2119; x_wconf 82' lang='lat' dir='ltr'>ejus</span> <span class='ocrx_word' id='word_1_252' title='bbox 1790 2065 1863 2103; x_wconf 86' lang='lat' dir='ltr'>ali-</span> 
     </span>
     <span class='ocr_line' id='line_1_30' title="bbox 455 2132 1864 2187; baseline 0.001 -16"><span class='ocrx_word' id='word_1_253' title='bbox 455 2143 552 2186; x_wconf 90' lang='lat' dir='ltr'>quot</span> <span class='ocrx_word' id='word_1_254' title='bbox 572 2135 775 2179; x_wconf 78' lang='lat' dir='ltr'>orationes,</span> <span class='ocrx_word' id='word_1_255' title='bbox 798 2148 845 2173; x_wconf 84' lang='lat' dir='ltr'>ex</span> <span class='ocrx_word' id='word_1_256' title='bbox 858 2135 1015 2187; x_wconf 77' lang='lat' dir='ltr'>quibuS,</span> <span class='ocrx_word' id='word_1_257' title='bbox 1035 2134 1130 2172; x_wconf 85' lang='lat' dir='ltr'>ficut</span> <span class='ocrx_word' id='word_1_258' title='bbox 1145 2148 1192 2173; x_wconf 86' lang='lat' dir='ltr'>ex</span> <span class='ocrx_word' id='word_1_259' title='bbox 1212 2133 1382 2187; x_wconf 88' lang='lat' dir='ltr'>ejusdem</span> <span class='ocrx_word' id='word_1_260' title='bbox 1405 2132 1612 2185; x_wconf 81' lang='lat' dir='ltr'>tragoediis,</span> <span class='ocrx_word' id='word_1_261' title='bbox 1632 2132 1766 2171; x_wconf 82' lang='lat' dir='ltr'>lenitas</span> <span class='ocrx_word' id='word_1_262' title='bbox 1782 2133 1864 2186; x_wconf 79' lang='lat' dir='ltr'>ejus</span> 
     </span>
     <span class='ocr_line' id='line_1_31' title="bbox 459 2199 1016 2253; baseline -0.002 -15"><span class='ocrx_word' id='word_1_263' title='bbox 459 2200 535 2238; x_wconf 76' lang='lat' dir='ltr'>sine</span> <span class='ocrx_word' id='word_1_264' title='bbox 556 2200 679 2238; x_wconf 84' lang='lat' dir='ltr'>nervis</span> <span class='ocrx_word' id='word_1_265' title='bbox 699 2200 860 2252; x_wconf 88' lang='lat' dir='ltr'>perspici</span> <span class='ocrx_word' id='word_1_266' title='bbox 881 2199 1016 2253; x_wconf 90' lang='lat' dir='ltr'>potest.</span> 
     </span>
    </p>

    <p class='ocr_par' dir='ltr' id='par_1_7' title="bbox 457 2265 1868 2587">
     <span class='ocr_line' id='line_1_32' title="bbox 515 2265 1866 2320; baseline 0.001 -17"><span class='ocrx_word' id='word_1_267' title='bbox 515 2267 611 2318; x_wconf 87' lang='lat' dir='ltr'>Ejus</span> <span class='ocrx_word' id='word_1_268' title='bbox 633 2266 788 2318; x_wconf 69' lang='lat' dir='ltr'>aequalis</span> <span class='ocrx_word' id='word_1_269' title='bbox 817 2268 860 2304; x_wconf 88' lang='lat' dir='ltr'>P.</span> <span class='ocrx_word' id='word_1_270' title='bbox 885 2265 1097 2320; x_wconf 79' lang='lat' dir='ltr'>CetheguS,</span> <span class='ocrx_word' id='word_1_271' title='bbox 1119 2265 1183 2304; x_wconf 88' lang='lat' dir='ltr'>cui</span> <span class='ocrx_word' id='word_1_272' title='bbox 1210 2266 1255 2304; x_wconf 89' lang='lat' dir='ltr'>de</span> <span class='ocrx_word' id='word_1_273' title='bbox 1276 2265 1472 2320; x_wconf 82' lang='lat' dir='ltr'>republica</span> <span class='ocrx_word' id='word_1_274' title='bbox 1493 2266 1578 2304; x_wconf 82' lang='lat' dir='ltr'>satis</span> <span class='ocrx_word' id='word_1_275' title='bbox 1601 2265 1866 2319; x_wconf 79' lang='lat' dir='ltr'>suppeditabat</span> 
     </span>
     <span class='ocr_line' id='line_1_33' title="bbox 457 2332 1867 2387; baseline -0.001 -16"><span class='ocrx_word' id='word_1_276' title='bbox 457 2333 607 2371; x_wconf 85' lang='lat' dir='ltr'>oratio:</span> <span class='ocrx_word' id='word_1_277' title='bbox 641 2341 762 2371; x_wconf 84' lang='lat' dir='ltr'>totam</span> <span class='ocrx_word' id='word_1_278' title='bbox 782 2334 888 2371; x_wconf 87' lang='lat' dir='ltr'>enim</span> <span class='ocrx_word' id='word_1_279' title='bbox 909 2333 1063 2372; x_wconf 88' lang='lat' dir='ltr'>tenebat</span> <span class='ocrx_word' id='word_1_280' title='bbox 1085 2346 1184 2378; x_wconf 88' lang='lat' dir='ltr'>eam,</span> <span class='ocrx_word' id='word_1_281' title='bbox 1215 2332 1442 2387; x_wconf 86' lang='lat' dir='ltr'>penitusque</span> <span class='ocrx_word' id='word_1_282' title='bbox 1472 2343 1670 2386; x_wconf 84' lang='lat' dir='ltr'>cognorat.</span> <span class='ocrx_word' id='word_1_283' title='bbox 1731 2333 1867 2386; x_wconf 86' lang='lat' dir='ltr'>Itaque</span> 
     </span>
     <span class='ocr_line' id='line_1_34' title="bbox 457 2398 1866 2453; baseline -0.001 -14"><span class='ocrx_word' id='word_1_284' title='bbox 457 2400 501 2439; x_wconf 81' lang='lat' dir='ltr'>in</span> <span class='ocrx_word' id='word_1_285' title='bbox 521 2399 651 2439; x_wconf 89' lang='lat' dir='ltr'>senatu</span> <span class='ocrx_word' id='word_1_286' title='bbox 671 2400 943 2439; x_wconf 88' lang='lat' dir='ltr'>Consularium</span> <span class='ocrx_word' id='word_1_287' title='bbox 974 2400 1240 2439; x_wconf 66' lang='lat' dir='ltr'>auctoritatem</span> <span class='ocrx_word' id='word_1_288' title='bbox 1266 2399 1555 2453; x_wconf 78' lang='lat' dir='ltr'>affequebaturt</span> <span class='ocrx_word' id='word_1_289' title='bbox 1587 2399 1649 2438; x_wconf 89' lang='lat' dir='ltr'>sed</span> <span class='ocrx_word' id='word_1_290' title='bbox 1676 2400 1716 2437; x_wconf 89' lang='lat' dir='ltr'>in</span> <span class='ocrx_word' id='word_1_291' title='bbox 1747 2398 1866 2438; x_wconf 89' lang='lat' dir='ltr'>caufis</span> 
     </span>
     <span class='ocr_line' id='line_1_35' title="bbox 457 2464 1866 2521; baseline -0.001 -17"><span class='ocrx_word' id='word_1_292' title='bbox 457 2466 629 2521; x_wconf 86' lang='lat' dir='ltr'>publicis</span> <span class='ocrx_word' id='word_1_293' title='bbox 649 2464 763 2512; x_wconf 87' lang='lat' dir='ltr'>nihil,</span> <span class='ocrx_word' id='word_1_294' title='bbox 778 2466 817 2504; x_wconf 89' lang='lat' dir='ltr'>in</span> <span class='ocrx_word' id='word_1_295' title='bbox 838 2466 993 2520; x_wconf 85' lang='lat' dir='ltr'>privatis</span> <span class='ocrx_word' id='word_1_296' title='bbox 1012 2465 1097 2505; x_wconf 86' lang='lat' dir='ltr'>satis</span> <span class='ocrx_word' id='word_1_297' title='bbox 1118 2474 1315 2512; x_wconf 86' lang='lat' dir='ltr'>veterator,</span> <span class='ocrx_word' id='word_1_298' title='bbox 1336 2465 1549 2506; x_wconf 83' lang='lat' dir='ltr'>videbatur.</span> <span class='ocrx_word' id='word_1_299' title='bbox 1572 2466 1665 2505; x_wconf 85' lang='lat' dir='ltr'>Erat</span> <span class='ocrx_word' id='word_1_300' title='bbox 1683 2465 1722 2503; x_wconf 87' lang='lat' dir='ltr'>in</span> <span class='ocrx_word' id='word_1_301' title='bbox 1738 2464 1866 2518; x_wconf 85' lang='lat' dir='ltr'>priva-</span> 
     </span>
     <span class='ocr_line' id='line_1_36' title="bbox 459 2531 1868 2587; baseline -0.002 -14"><span class='ocrx_word' id='word_1_302' title='bbox 459 2535 508 2573; x_wconf 84' lang='lat' dir='ltr'>tis</span> <span class='ocrx_word' id='word_1_303' title='bbox 529 2533 647 2573; x_wconf 81' lang='lat' dir='ltr'>causis</span> <span class='ocrx_word' id='word_1_304' title='bbox 669 2534 947 2587; x_wconf 73' lang='lat' dir='ltr'>QLucretius</span> <span class='ocrx_word' id='word_1_305' title='bbox 969 2533 1146 2587; x_wconf 76' lang='lat' dir='ltr'>Vespillo.</span> <span class='ocrx_word' id='word_1_306' title='bbox 1164 2542 1202 2573; x_wconf 90' lang='lat' dir='ltr'>et</span> <span class='ocrx_word' id='word_1_307' title='bbox 1220 2543 1372 2580; x_wconf 85' lang='lat' dir='ltr'>acutus,</span> <span class='ocrx_word' id='word_1_308' title='bbox 1402 2542 1441 2573; x_wconf 88' lang='lat' dir='ltr'>et</span> <span class='ocrx_word' id='word_1_309' title='bbox 1459 2532 1717 2587; x_wconf 87' lang='lat' dir='ltr'>jurisperitus.</span> <span class='ocrx_word' id='word_1_310' title='bbox 1760 2531 1868 2571; x_wconf 86' lang='lat' dir='ltr'>Nam</span> 
     </span>
    </p>
   </div>
  </div>
 </body>
</html>
