2176 2912
591 218 912 257 LIBER
987 218 1474 259 TERTIUS.

1658 236 1730 274 331

334 310 639 355 deliberationes,
670 310 774 348 aliud
808 309 1058 355 laudationes,
1080 310 1182 348 aliud
1198 311 1359 362 judicia,
1392 312 1494 350 aliud
1531 313 1733 359 sermones,

334 376 439 414 aliud
459 375 681 420 consolatio,
713 376 817 413 aliud
837 376 1069 428 objurgatio,
1100 376 1204 413 aliud
1231 376 1450 429 disputatio,
1482 379 1584 416 aliud
1615 379 1735 417 histo-

334 442 387 478 ria
407 440 601 479 defiderat.
635 439 768 479 Refert
787 441 917 485 etiam,
949 441 1017 493 qui
1037 441 1206 486 audiant,
1229 441 1391 487 senatus,
1412 456 1459 480 an
1479 444 1660 495 populus,
1689 459 1737 483 an

327 506 501 557 judices:
533 505 766 559 frequentes,
787 520 834 544 an
854 507 980 559 pauci,
1012 520 1057 545 an
1080 507 1219 560 finguli
1237 522 1245 545 :
1278 517 1315 545 et
1335 508 1464 560 quales
1485 509 1554 560 ipfi
1583 523 1738 561 quoque

331 581 513 617 oratores,
546 586 621 624 qua
641 573 713 610 sint
729 582 848 617 aetate,
870 571 1030 618 honore,
1066 574 1302 619 auctoritate,
1325 574 1437 612 debet
1456 575 1577 612 videri
1595 590 1603 612 ε
1637 585 1737 612 tem-

333 652 405 690 pus
425 639 542 690 pacis,
579 652 625 676 an
646 638 738 677 belli
754 657 765 683 5
798 638 1065 684 festinationis,
1085 653 1130 676 an
1151 640 1235 678 otii.
1282 641 1417 693 Itaque
1437 639 1512 679 hoc
1532 641 1619 679 loco
1640 639 1739 679 nihil

334 704 419 742 sane
449 704 515 749 est,
547 705 651 757 quod
682 705 837 758 praecipi
867 705 968 758 poffe
998 705 1183 751 videatur,
1215 706 1284 745 nifi
1306 716 1349 745 ut
1373 706 1537 760 figuram
1557 707 1738 745 orationis

335 771 530 823 plenioris,
552 781 589 810 et
613 772 810 816 tenuioris,
841 781 879 809 et
906 772 1001 810 item
1021 772 1125 810 illius
1147 772 1364 818 mediocris,
1386 773 1432 811 ad
1450 773 1503 818 id,
1532 774 1636 826 quod
1656 774 1739 826 agi-

334 850 436 882 mus,
459 837 792 876 accommodatam
815 837 1044 890 deligamus.
1089 839 1338 878 Ornamentis
1359 839 1494 878 iisdem
1514 840 1572 878 uti
1592 839 1669 878 fere
1688 840 1738 877 li-

334 904 452 948 cebit,
483 904 572 942 alias
591 904 826 948 contentius,
857 903 953 942 alius
984 903 1241 948 summiffiu53
1273 906 1461 958 omnique
1491 907 1533 944 in
1564 920 1602 944 re
1622 906 1738 959 poffe,

333 969 439 1021 quod
458 970 601 1014 deceat,
622 968 759 1015 facere,
780 969 868 1008 artis
889 978 926 1007 et
947 979 1089 1009 naturae
1108 969 1161 1008 est
1176 988 1188 1014 ς
1220 970 1327 1016 scire,
1362 971 1473 1024 quid,
1508 972 1741 1025 quandoque

333 1035 477 1082 deceat,
499 1037 724 1090 prudentiae.

391 1103 501 1140 LVI.
525 1102 595 1140 Sed
612 1100 693 1140 haec
715 1102 792 1155 ipsa
811 1103 943 1141 onmia
961 1103 1119 1156 perinde
1138 1103 1237 1149 sunt,
1260 1114 1303 1143 ut
1323 1114 1502 1157 aguntur.
1531 1104 1661 1149 Aetio,
1678 1104 1740 1142 in-

335 1182 468 1220 quam,
490 1169 530 1207 in
549 1169 712 1207 dicendo
741 1182 817 1207 una
847 1169 1083 1209 dominatur.
1121 1172 1209 1209 Sine
1229 1170 1300 1210 hac
1320 1171 1495 1210 summus
1525 1181 1652 1210 orator
1671 1171 1743 1210 effe

334 1235 376 1274 in
397 1249 558 1274 numero
574 1235 682 1274 nullo
702 1235 823 1289 potest
838 1253 850 1281 3
884 1237 1102 1282 mediocris,
1128 1236 1199 1275 hac
1219 1238 1437 1282 instruetus,
1459 1238 1632 1277 summos
1648 1237 1743 1290 saepe

335 1303 521 1355 superare.
564 1303 674 1341 Huic
694 1303 836 1356 primas
864 1303 1002 1341 dediffe
1021 1303 1300 1342 Demosthenes
1332 1305 1488 1350 dicitur,
1516 1319 1609 1343 cum
1629 1317 1741 1357 roga-

335 1379 452 1414 retur,
471 1369 566 1422 quid
584 1370 625 1407 in
645 1369 808 1408 dicendo
827 1369 916 1408 effet
932 1370 1105 1422 primum
1121 1389 1132 1415 ;
1157 1369 1249 1408 huic
1270 1370 1465 1415 secundas,
1487 1370 1580 1409 huic
1598 1371 1740 1410 tertias.

336 1437 429 1488 Qo
449 1435 550 1474 mihi
570 1437 708 1475 melius
724 1437 841 1475 etiam
857 1436 955 1475 illud
971 1437 1018 1475 ab
1031 1436 1214 1475 AEschine
1231 1437 1379 1475 dietum
1400 1437 1519 1475 videri
1533 1437 1640 1482 solet,
1658 1437 1741 1490 qui,

336 1517 429 1541 cum
447 1513 602 1556 propter
620 1503 879 1556 ignominiam
893 1503 1034 1555 judicii
1054 1502 1210 1542 ceffiffet
1228 1502 1410 1548 Athenis,
1435 1514 1472 1541 et
1498 1504 1532 1542 se
1553 1503 1744 1543 Rhodum

337 1569 568 1614 contulisset,
617 1579 770 1622 rogatus
804 1583 825 1607 a
851 1567 1018 1607 Rhodiis
1062 1568 1190 1622 legisse
1227 1568 1349 1608 fertur
1387 1569 1599 1608 orationem
1633 1569 1742 1609 illam

335 1636 543 1688 egregiam,
584 1650 703 1688 quam
737 1636 777 1674 in
807 1634 1100 1688 Ctesiphontem
1131 1644 1264 1674 contra
1294 1635 1602 1674 Demosthenem
1632 1637 1741 1674 dixe-

337 1711 419 1746 rat;
452 1715 527 1753 qua
545 1702 722 1755 perleeta,
753 1702 921 1754 petitum
941 1701 994 1739 est
1023 1701 1070 1739 ab
1103 1715 1148 1740 eo
1168 1702 1362 1754 postridie,
1399 1711 1442 1740 ut
1473 1702 1613 1754 legeret
1633 1702 1743 1741 illam

337 1769 468 1811 etiam,
500 1782 584 1820 quae
613 1778 691 1806 erat
716 1778 849 1806 contra
882 1782 902 1805 a
931 1767 1193 1806 Demosthene
1222 1783 1292 1822 pro
1328 1767 1579 1822 Ctefiphonte
1612 1769 1740 1814 edita,

338 1848 456 1886 quam
476 1847 568 1871 cum
589 1833 799 1871 suaviffima
818 1843 856 1872 et
876 1834 1045 1872 maxima
1065 1847 1158 1872 voce
1178 1834 1336 1887 legiss‘et‚
1355 1835 1633 1874 admirantibus
1653 1849 1742 1874 om-

339 1901 468 1945 nibus,
502 1901 673 1952 QantO,
705 1901 848 1952 inquit,
871 1900 992 1953 magis
1013 1901 1312 1945 admiraremini,
1331 1901 1356 1938 fi
1376 1900 1565 1940 audiffetis
1586 1901 1740 1955 ipsum?

338 1967 401 2004 Ex
422 1980 500 2019 quo
521 1966 605 2004 satis
632 1966 871 2019 significavit,
904 1976 1095 2018 quantum
1125 1966 1213 2005 effet
1241 1967 1281 2005 in
1311 1967 1472 2011 afflone,
1504 1967 1572 2019 qui
1598 1968 1740 2006 oratio-

339 2046 428 2071 nem
450 2032 608 2070 eandem
626 2032 740 2070 aliam
761 2032 831 2070 effe
851 2042 1013 2085 putaret,
1035 2035 1157 2070 aetore
1178 2042 1341 2071 mutato.

395 2099 503 2149 Qid
529 2097 604 2136 fuit
637 2098 677 2136 in
710 2097 903 2143 Graccho,
935 2112 1051 2150 quem
1074 2109 1128 2143 tu,
1163 2099 1313 2143 Catule,
1346 2098 1484 2136 melius
1515 2098 1741 2144 meministi,

340 2164 445 2215 quod
474 2176 537 2202 rne
557 2177 675 2216 puero
705 2173 900 2217 tantopere
918 2163 1105 2202 ferretur?
1138 2166 1214 2217 ‚Qco
1234 2179 1286 2202 me
1304 2165 1407 2217 mg'fi‘r
1436 2165 1614 2217 conferam
1629 2166 1648 2204 ἓ
1678 2179 1743 2218 quo

340 2240 484 2268 ‘vertam
498 2230 518 2267 ,ἕ
548 2232 592 2267 In
615 2231 904 2282 Capitolimnne?
938 2239 980 2269 at
995 2232 1143 2283 fratris
1148 2231 1330 2284 sanguine
1348 2230 1538 2270 redundat.
1584 2233 1650 2269 An
1679 2230 1741 2268 do-

338 2309 431 2333 mum
448 2295 465 2325 :³
496 2304 691 2334 matremne
710 2306 751 2334 ut
771 2297 943 2350 mg'ſs’ram,
961 2298 1278 2350 latm’ntantemque
1298 2297 1449 2342 vidium,
1478 2306 1513 2335 et
1538 2297 1707 2348 abjcc‘fasn
1721 2295 1742 2333 ἒ

340 2361 438 2411 Qze
470 2359 518 2397 fic
546 2360 592 2397 ab
614 2360 681 2397 illo
701 2362 781 2398 afta
800 2361 871 2400 effe
891 2363 1100 2408 constabat,
1132 2363 1270 2406 oculis,
1301 2376 1408 2407 voce,
1439 2362 1560 2415 gestu,
1590 2360 1741 2398 inimici

341 2436 384 2463 ut
418 2425 601 2476 lacrymas
634 2435 760 2464 tenere
780 2440 857 2465 non
888 2428 1048 2481 poffent.
1109 2429 1206 2466 Haec
1228 2442 1272 2466 co
1307 2429 1394 2466 dico
1415 2427 1604 2480 pluribus,
1636 2424 1742 2478 quod

339 2504 461 2544 genus
482 2491 556 2530 hoc
576 2501 704 2530 totum
722 2502 902 2539 oratores,
933 2495 1001 2547 qui
1022 2495 1109 2533 sunt
1137 2495 1438 2550 veritatisjpfius
1460 2495 1614 2536 aftores,
1650 2490 1740 2529 reli·

340 2568 507 2611 querunt
523 2576 536 2606 ς
566 2558 777 2600 imitatores
796 2570 926 2600 autem
942 2561 1110 2601 veritatis
1127 2559 1326 2599 histriones
1344 2567 1641 2612 occupaverunt.

1145 2628 1183 2666 T
1207 2635 1220 2665 t
1252 2639 1272 2666 2
