2176 2912
636 180 956 220 LIBER
1031 179 1516 219 TERTIUS.
1699 197 1771 235 291

428 275 512 314 *Hic
531 287 624 313 cum
644 272 814 311 arrififfet
833 272 910 324 ipse
936 271 1144 324 Sulpicius,
1178 271 1227 309 fic
1259 285 1370 324 agam
1403 274 1616 319 vobiscum,
1648 274 1778 327 inquit

375 340 539 384 Craffus,
571 350 627 384 ut,
661 339 847 391 quoniam
868 352 932 376 me
951 337 1060 390 loqui
1081 338 1265 383 voluistis,
1293 338 1440 390 aliquid
1459 340 1506 377 de
1525 341 1652 379 vestris
1674 342 1777 380 vitiis

371 406 545 445 audiatis.
579 405 742 443 Utinam
763 404 922 457 quidem
942 404 949 441 !
982 404 1110 457 inquit
1130 404 1220 442 ille:
1253 405 1293 442 id
1313 405 1420 442 enim
1440 405 1567 458 ipsum
1584 408 1776 452 volumus,

370 471 489 523 idque
522 471 548 508 fi
582 470 732 515 feceris,
764 470 889 508 multa
920 470 982 521 (ut
1011 470 1190 522 arbitror)
1221 468 1288 508 hic
1319 468 1436 508 hodie
1462 471 1553 508 vitia
1573 485 1776 524 ponemus.

371 539 428 576 At
447 538 553 575 enim
574 551 651 575 non
672 537 748 575 fine
769 551 858 575 meo
877 536 1063 589 periculo,
1086 535 1236 575 Craffus
1258 536 1400 589 inquit,
1429 536 1593 590 poffum,
1617 539 1776 590 Sulpici,

372 614 410 642 te
443 603 729 657 reprehendere,
761 604 946 657 quoniam
976 604 1172 642 Antonius
1207 602 1308 642 mihi
1343 613 1380 642 te
1411 604 1659 642 simillimum
1680 605 1779 642 dixit

371 670 442 708 fibi
462 670 596 709 videri.
643 671 753 709 Tum
774 670 854 716 ille,
890 679 977 708 tum
1011 670 1116 723 quod
1136 671 1292 708 monuit
1320 670 1440 716 idem,
1472 680 1515 709 ut
1534 683 1590 715 ea,
1621 685 1706 723 quae
1738 671 1779 708 in

372 751 527 790 quoque
547 738 719 776 maxima
737 737 867 783 effent,
888 737 1132 776 imitaremur
1149 752 1158 776 ε
1190 750 1237 775 ex
1257 751 1336 790 quo
1355 751 1497 782 vereor,
1519 751 1567 775 ne
1587 736 1687 775 nihil
1707 739 1779 775 fim

371 804 445 848 tui,
464 804 532 841 nifi
553 804 835 856 supplosionem
855 804 962 856 pedis
983 804 1172 847 imitatus,
1194 813 1231 841 et
1252 817 1372 856 pauca
1390 803 1567 856 quaedam
1587 804 1714 849 verba,
1741 812 1780 841 et

372 870 559 922 aliquem,
590 871 617 908 fi
636 870 750 914 forte,
773 857 944 908 motum.
990 871 1096 922 Ergo
1116 869 1196 914 ista,
1218 870 1348 922 inquit
1368 870 1533 915 Craffus,
1556 884 1641 923 quae
1660 870 1778 909 habes

369 949 392 973 a
412 949 490 980 me,
523 950 601 974 non
622 935 872 989 reprehendo,
903 949 950 974 ne
982 935 1175 988 melpsum
1195 936 1388 975 irrideam.
1427 938 1524 975 Sunt
1543 946 1674 975 autem
1694 950 1780 975 mea

370 1001 501 1040 multo
520 1012 558 1040 et
577 1002 701 1056 plura,
722 1012 761 1041 et
780 1004 936 1055 majora,
957 1016 1076 1055 quam
1096 1001 1206 1041 dicis.
1250 1003 1348 1054 Qae
1375 1012 1506 1041 autem
1525 1003 1613 1041 sunt
1631 1012 1697 1041 aut
1716 1012 1781 1041 tua

371 1069 498 1120 plane,
517 1078 582 1107 aut
602 1070 818 1108 imitatione
832 1083 879 1108 ex
899 1069 1031 1122 aliquo
1050 1068 1228 1123 expressa,
1246 1068 1292 1107 de
1312 1070 1358 1108 iis
1378 1078 1429 1115 te,
1448 1070 1475 1109 fi
1496 1070 1584 1123 quis
1599 1083 1663 1108 me
1681 1068 1781 1109 forte

371 1134 480 1172 locus
500 1135 755 1180 admonuerit,
776 1135 1051 1174 commonebo.

427 1201 543 1240 XIII.
577 1203 846 1240 Praetereamus
867 1202 986 1254 igitur
1004 1211 1192 1255 praecepta
1212 1203 1350 1241 Latine
1369 1202 1567 1256 loquendi,
1581 1217 1667 1256 quae
1682 1216 1779 1256 pue-

372 1266 453 1305 rilis
475 1267 646 1306 do&rina
665 1268 793 1313 tradit,
825 1277 863 1306 et
894 1267 1070 1306 subtilior
1097 1269 1271 1321 cognitio
1300 1282 1343 1306 ac
1362 1270 1459 1307 ratio
1478 1269 1677 1308 literarum
1697 1270 1780 1314 alit,

372 1342 438 1370 aut
457 1334 694 1372 consuetudo
723 1334 905 1372 sermonis
936 1334 1153 1386 quotidiani
1184 1347 1226 1372 ac
1257 1334 1456 1372 domestici
1472 1353 1483 1378 3
1515 1333 1606 1373 libri
1635 1334 1781 1374 confir-

371 1409 495 1445 mant,
517 1410 554 1438 et
575 1401 689 1438 lectio
710 1411 883 1439 veterum
903 1410 1113 1445 oratorum,
1146 1409 1183 1438 et
1204 1409 1418 1453 poetarum.
1465 1401 1608 1453 Neque
1628 1414 1716 1440 vero
1744 1402 1786 1441 in

370 1465 443 1504 illo
463 1467 580 1505 altero
601 1468 747 1506 diutius
768 1481 1071 1512 commoremur,
1091 1476 1134 1505 ut
1155 1467 1407 1519 disputemus,
1425 1467 1568 1520 quibus
1590 1468 1702 1506 rebus
1722 1468 1782 1506 as-

371 1531 479 1583 sequi
499 1532 697 1585 poffimus,
720 1543 763 1571 ut
782 1547 837 1578 ea,
859 1546 944 1585 quae
964 1533 1152 1576 dicamus,
1173 1532 1451 1585 intelligantur.
1484 1533 1622 1571 Latine
1637 1533 1783 1572 scilicet

371 1597 552 1644 dicendo,
566 1599 691 1638 verbis
713 1600 869 1645 usitatis,
884 1613 926 1637 ac
947 1599 1100 1652 proprie
1120 1599 1469 1638 demonstrantibus
1485 1613 1540 1645 ea,
1559 1613 1644 1652 quae
1662 1601 1781 1653 figni-

374 1664 480 1702 ficari
510 1679 552 1703 ac
583 1665 763 1704 declarari
791 1666 982 1710 volemus,
1019 1666 1096 1703 fine
1128 1665 1314 1718 ambiguo
1346 1666 1462 1704 verbo
1493 1676 1560 1704 aut
1592 1666 1781 1712 sermone,

374 1743 453 1767 non
487 1731 604 1769 nimis
638 1732 753 1785 longa
784 1732 1074 1770 continuatione
1107 1732 1328 1778 verborum,
1360 1747 1438 1772 non
1459 1733 1566 1771 valde
1585 1733 1781 1786 produffis

374 1796 436 1840 iis,
462 1810 546 1848 quae
564 1797 828 1836 fimilitudinis
846 1798 954 1836 causa
972 1811 1019 1835 ex
1040 1797 1124 1835 aliis
1145 1798 1258 1836 rebus
1281 1799 1573 1845 transferuntur,
1597 1813 1675 1838 non
1702 1799 1779 1838 dis-

375 1863 516 1914 cerptis
538 1862 747 1908 sententiis,
780 1877 856 1902 non
878 1863 1110 1917 praeposteris
1132 1865 1387 1916 temporibus,
1407 1879 1484 1903 non
1505 1865 1672 1904 confusis
1693 1879 1781 1918 per-

377 1928 488 1973 sonis,
521 1943 598 1967 non
620 1930 841 1982 perturbato
861 1930 1005 1968 ordine.
1053 1930 1163 1982 Qid
1194 1930 1345 1968 multa?
1377 1940 1456 1969 tam
1486 1931 1610 1970 facilis
1629 1932 1682 1970 est
1702 1940 1781 1970 tota

376 2008 446 2039 reS,
478 2004 521 2033 ut
552 1994 652 2033 mihi
672 1996 887 2048 permirum
922 1996 1016 2048 saepe
1036 1996 1221 2040 videatur,
1253 2010 1345 2034 cum
1366 1996 1563 2036 difficilius
1584 1997 1780 2052 intelliga-

375 2070 452 2105 tur,
484 2061 579 2113 quid
599 2070 780 2114 patronus
801 2062 894 2100 velit
913 2062 1052 2106 dicere,
1083 2076 1201 2114 quam
1223 2063 1247 2100 fi
1276 2063 1352 2115 ipse
1372 2063 1452 2108 ille,
1483 2064 1551 2116 qui
1572 2073 1780 2117 patronum

376 2126 545 2173 adhibet,
577 2128 623 2166 de
645 2142 682 2166 re
702 2129 766 2167 sua
785 2130 939 2167 diceret.
973 2129 1037 2167 Isti
1053 2130 1172 2174 enim,
1195 2130 1262 2182 qui
1283 2130 1328 2167 ad
1349 2143 1417 2168 nos
1438 2130 1564 2169 causas
1586 2130 1778 2176 deferunt,

374 2193 428 2230 ita
462 2206 530 2231 nos
564 2194 792 2247 plerumque
821 2195 889 2248 ipfi
920 2195 1073 2241 docent,
1110 2204 1154 2234 ut
1182 2209 1260 2234 non
1287 2196 1468 2235 desideres
1505 2197 1655 2249 planius
1685 2197 1778 2235 dici.

376 2258 539 2297 Easdem
561 2273 615 2297 res
637 2269 765 2299 autern
798 2262 911 2300 fimul
933 2275 975 2300 ac
996 2261 1146 2307 Fufius,
1178 2272 1243 2300 aut
1272 2263 1391 2301 vester
1424 2264 1578 2316 aequalis
1606 2265 1777 2316 Pompo-

376 2325 477 2368 nius,
509 2338 616 2376 agere
650 2327 782 2379 coepit,
813 2341 890 2365 non
925 2341 1045 2380 aeque,
1077 2328 1173 2380 quid
1207 2329 1349 2374 dicant,
1380 2330 1449 2367 nifi
1479 2330 1691 2368 admodum
1719 2337 1777 2366 at-

376 2390 498 2434 tendi,
519 2390 719 2443 intelligo:
751 2393 804 2430 ita
822 2393 979 2432 confusa
999 2394 1051 2432 est
1070 2394 1203 2438 oratio,
1224 2394 1276 2432 ita
1296 2396 1528 2447 perturbata,
1551 2394 1649 2433 nihil
1672 2403 1713 2431 ut
1733 2393 1778 2430 fit

376 2456 564 2507 primum,
587 2455 685 2494 nihil
707 2466 749 2495 ut
764 2457 998 2504 secundum3
1027 2468 1206 2511 tantaque
1226 2461 1428 2499 insolentia
1446 2474 1487 2498 ac
1509 2461 1620 2498 turba
1640 2459 1776 2497 verbo-

377 2535 480 2567 rum,
502 2531 545 2561 ut
564 2523 697 2569 oratio,
716 2536 800 2576 quae
820 2524 952 2564 lumen
972 2524 1151 2564 adhibere
1171 2526 1292 2564 rebus*
1303 2527 1429 2572 debet,
1446 2539 1489 2564 ea
1507 2525 1776 2565 obscuritatem

1194 2592 1231 2630 O
1262 2606 1285 2630 o
1316 2605 1337 2630 2
