2176 2912
397 278 470 329 156
699 278 1442 318 .DEORATORE

391 370 556 408 vestrum
577 371 778 423 aequalem,
811 374 874 424 Q
888 373 1065 418 Varium,
1086 372 1233 411 vastum
1252 373 1470 418 hominem,
1492 381 1605 425 atque
1621 372 1789 419 foedum,

391 450 467 474 non
490 437 673 490 intelligit
703 438 768 475 illa
799 438 876 491 ipsa
905 437 1097 484 facultate,
1131 453 1403 492 quamcunque
1423 438 1574 483 habuit,
1606 453 1787 492 magnam

390 502 462 539 effe
484 503 523 540 in
543 503 697 540 civitate
715 505 875 555 gratiam
894 504 1142 542 consecutum
1163 506 1176 542 ?

447 568 598 605 XXVI.
632 568 716 612 Sed,
739 569 829 620 quia
854 570 900 606 de
927 580 1072 607 oratore
1092 570 1313 622 quaerimuS,
1347 570 1548 623 fingendus
1577 570 1629 608 est
1660 571 1786 616 nobis,

389 634 558 671 oratione
580 634 715 677 nostra,
735 636 908 673 detractis
929 636 1112 673 omnibus
1131 637 1233 674 vitiis
1259 646 1396 681 orator,
1415 647 1528 688 atque
1549 638 1659 675 omni
1675 637 1786 675 laude

389 700 624 737 cumulatus.
669 701 809 751 Neque
829 701 947 745 enim,
974 701 999 737 fi
1028 701 1239 738 multitudo
1260 702 1407 745 litium,
1437 702 1465 738 fi
1481 702 1634 739 varietas
1656 703 1785 740 causa-

389 778 491 809 rum,
514 765 539 802 fi
561 763 642 802 haec
663 765 786 808 turba,
809 774 846 802 et
867 765 1037 802 barbaria
1055 764 1209 802 forenfis
1232 766 1295 802 dat
1312 765 1444 803 locum
1462 765 1519 803 vel
1540 766 1785 805 vitiofiffimis

388 829 612 873 oratoribus,
644 829 787 867 idcirco
808 843 875 867 nos
895 828 983 874 hoc,
1006 830 1109 881 quod
1129 830 1354 881 quaerimus,
1372 830 1622 868 omittemus..
1647 832 1784 883 Itaque

388 894 427 932 in
448 895 494 931 iis
507 895 665 938 artibus,
680 895 719 932 in
737 895 877 946 quibus
898 908 975 932 non
997 895 1141 933 utilitas
1157 895 1340 947 quaeritur
1359 895 1570 941 neceffaria,
1585 896 1646 934 sed
1662 896 1783 934 animi

387 960 505 997 libera
524 960 699 1012 quaedam
720 961 937 1005 oblectatio,
960 974 1077 1013 quam
1098 961 1314 1013 diligenter,
1345 970 1384 998 et
1403 975 1521 1013 quam
1538 975 1656 1014 prope
1676 960 1784 1000 fasti-

386 1025 502 1070 diose,
522 1026 775 1078 judicamus?
817 1026 950 1065 Nullae
976 1027 1083 1064 enim
1102 1026 1204 1071 lites,
1234 1039 1358 1078 neque
1389 1027 1648 1064 controverfiae
1678 1027 1782 1072 sunt,

386 1105 470 1143 quae
490 1101 628 1144 cogant
648 1091 841 1137 homines,
864 1092 959 1130 ficut
989 1093 1030 1130 in
1048 1091 1133 1131 foro
1160 1106 1238 1130 non
1259 1093 1380 1130 bonos
1404 1101 1582 1138 oratores,
1613 1093 1709 1132 item
1739 1094 1782 1131 in

385 1156 535 1196 theatro
554 1160 694 1196 actores
715 1159 852 1203 malos,
873 1159 1034 1212 perpeti.

440 1224 508 1261 Est
528 1225 646 1276 igitur
665 1225 803 1262 oratori
823 1225 1025 1277 diligenter
1054 1224 1348 1278 providendum,
1379 1238 1459 1262 non
1490 1224 1547 1262 uti
1578 1223 1654 1262 illis
1675 1224 1781 1263 satis-

383 1287 510 1333 faciat,
543 1290 683 1342 quibus
705 1290 846 1328 necesse
865 1290 931 1335 est,
948 1290 1009 1329 sed
1024 1300 1065 1328 ut
1084 1291 1130 1328 iis
1148 1291 1367 1328 admirab-ljs
1389 1290 1458 1327 effe
1475 1290 1657 1335 videatur,
1689 1291 1781 1342 qui-

385 1355 454 1392 bus
476 1355 592 1392 libere
612 1356 724 1392 liceat
748 1356 934 1406 judicare.
966 1357 1040 1400 Ac,
1068 1356 1093 1393 fi
1121 1356 1304 1407 quaeritis,
1335 1356 1460 1408 plane,
1493 1355 1586 1408 quid
1602 1355 1778 1401 sentiam,

383 1421 592 1458 enuntiabo
611 1421 711 1473 apud
731 1420 908 1459 homines
929 1420 1252 1467 familiarifffimos,
1284 1422 1388 1474 quod
1410 1420 1534 1460 adhuc
1554 1421 1701 1473 semper
1719 1431 1779 1460 ta-

381 1487 459 1530 cui,
481 1496 517 1524 et
538 1487 741 1524 tacendum
762 1488 907 1539 putavi.
939 1486 1048 1525 Mihi
1063 1488 1179 1525 etiam
1196 1488 1340 1540 quique
1355 1487 1502 1539 optime
1520 1487 1668 1531 dicunt,
1686 1487 1778 1539 qui-

381 1565 457 1603 que
491 1552 531 1589 id
561 1551 746 1590 facillime
776 1562 890 1604 atque
920 1553 1150 1591 ornatissime
1184 1552 1307 1591 facere
1335 1552 1502 1605 poffunt,
1535 1562 1675 1597 tamen,
1707 1552 1778 1590 nifi

381 1617 519 1654 timide
539 1617 584 1654 ad
601 1617 808 1655 dicendum
828 1618 1027 1662 accedunt,
1057 1628 1095 1655 et
1118 1619 1158 1656 in
1179 1618 1408 1656 exordienda
1435 1618 1603 1656 oratione
1622 1628 1776 1670 pertur-

383 1683 533 1727 bantur,
564 1696 659 1735 pene
677 1683 920 1735 impudentes
949 1682 1150 1721 videntur:
1184 1683 1327 1721 tametfi
1349 1683 1388 1721 id
1416 1683 1583 1721 accidere
1604 1697 1680 1721 non
1701 1697 1776 1736 po—

381 1748 463 1786 test.
497 1750 553 1786 Ut
572 1748 676 1786 enim
697 1748 855 1801 quisque
874 1748 1021 1801 optime
1040 1749 1149 1793 dicit,
1170 1749 1221 1787 ita
1241 1750 1410 1787 maxime
1431 1749 1582 1787 dicendi
1602 1749 1772 1787 difficul-

382 1822 514 1859 tatem,
541 1814 734 1866 variosque
764 1822 920 1851 eventus
941 1814 1135 1858 orationis,
1164 1815 1544 1867 expectationemque
1563 1813 1774 1854 homInum

382 1880 625 1931 pertimescit.
670 1880 753 1932 Qi
783 1893 871 1917 vero
890 1878 987 1917 nihil
1006 1881 1127 1932 potest
1147 1880 1311 1932 dignum
1336 1894 1389 1925 re,
1420 1881 1585 1932 dignum
1615 1881 1775 1919 nomine

379 1946 550 1989 oratoris,
577 1945 746 1997 dignum
766 1944 973 1983 hominum
994 1945 1146 1982 auribus
1166 1945 1313 1983 efficere
1332 1955 1446 1997 atque
1466 1946 1589 1991 edere,
1604 1946 1634 1984 is
1655 1945 1770 1991 mihi,

377 2011 521 2048 etiamsi
542 2020 808 2048 commovetur
827 2011 866 2048 in
886 2010 1062 2055 dicendo,
1094 2020 1221 2048 tamen
1242 2012 1446 2062 impudens
1467 2011 1630 2049 videtur.
1675 2012 1770 2050 Non

377 2077 481 2114 enim
516 2077 709 2129 pudendo,
740 2076 802 2114 sed
832 2090 910 2115 non
940 2075 1115 2114 faciendo
1147 2077 1200 2120 id,
1241 2077 1345 2128 quod
1376 2090 1453 2114 non
1483 2076 1605 2121 decet,
1636 2076 1769 2128 impu-

377 2142 513 2179 dentia:
547 2156 689 2179 nomen
723 2141 889 2194 effugere
922 2142 1120 2179 debemus.
1159 2143 1291 2192 Qem
1322 2154 1412 2179 vero
1442 2155 1518 2179 non
1546 2141 1678 2193 pudet,
1711 2141 1768 2193 (id

375 2208 479 2260 quod
511 2208 549 2245 in
584 2208 772 2260 plerisque
805 2208 932 2259 video)
964 2207 1069 2246 hunc
1100 2221 1171 2260 ego
1202 2220 1279 2245 non
1310 2206 1596 2260 reprehensione
1626 2207 1766 2252 solum,

376 2274 437 2311 sed
457 2274 573 2311 etiam
592 2287 717 2326 poena,
740 2274 902 2325 dignum
923 2283 1030 2325 puto.
1064 2273 1258 2325 Equidem
1279 2282 1315 2311 et
1336 2274 1377 2311 in
1397 2273 1504 2312 vobis
1526 2274 1766 2312 animadver-

374 2350 451 2378 tere
481 2339 594 2383 soleo,
625 2348 661 2376 et
691 2340 732 2376 in
762 2353 824 2377 me
854 2339 934 2391 ipso
964 2339 1144 2391 saepiffme
1173 2339 1359 2392 experior,
1392 2348 1434 2377 ut
1464 2339 1698 2377 exalbescam
1725 2339 1766 2377 in

374 2405 572 2458 principiis
593 2405 757 2449 dicendi,
787 2413 825 2442 et
845 2413 923 2442 tota
943 2414 1072 2442 mente
1093 2414 1205 2457 atque
1232 2405 1414 2443 omnibus
1437 2405 1592 2444 artubus
1613 2415 1764 2444 contre-

372 2471 546 2509 miscam.
596 2470 910 2509 Adolescentulus
931 2485 1019 2508 vero
1044 2471 1093 2508 fic
1114 2471 1225 2509 initio
1251 2471 1497 2510 accusationis
1526 2472 1763 2510 exanimatus

371 2537 470 2582 sum,
493 2546 534 2575 ut
555 2536 629 2575 hoc
660 2536 858 2575 summum
888 2536 1120 2576 beneficium
1141 2537 1397 2590 QMaximo
1417 2537 1628 2584 debuerim,
1659 2535 1764 2592 quod
