2176 2912
370 296 440 325 122
615 284 1513 324 DEINVENTIONE

366 377 448 431 post
468 376 705 430 supplicium
721 377 898 415 sumitur.
937 379 1041 416 Inter
1059 391 1122 416 eos
1143 378 1211 430 qui
1230 376 1387 416 heredes
1407 378 1447 417 in
1468 378 1609 417 tabulis
1627 378 1757 432 scripti

366 444 466 489 sunt,
497 453 535 481 et
556 444 654 482 inter
675 453 843 495 agnato&
877 444 923 481 de
943 443 1153 482 hereditate
1170 445 1421 483 controverfia
1441 445 1507 483 est.
1556 446 1637 484 Hic
1657 455 1760 484 certa

366 510 442 554 lex,
465 524 549 561 quae
570 509 785 547 testamenti
812 508 977 547 faciendi
998 510 1058 554 iis,
1087 511 1154 562 qui
1175 511 1214 548 in
1235 524 1280 548 eo
1300 510 1388 548 loco
1406 510 1493 555 fint,
1524 511 1666 549 adimat
1685 525 1760 564 po-

368 575 554 619 testatem,
571 575 677 613 nulla
696 575 902 627 profertur.
934 576 995 613 Ex
1011 577 1155 614 caeteris
1175 576 1338 629 legibUS‚
1352 586 1390 614 et
1410 590 1493 628 quae
1508 575 1612 615 hunc
1633 578 1758 630 ipsum

367 642 554 694 supplicio
588 641 810 692 hujusmodi
843 641 1029 686 afficiunt,
1071 651 1107 679 et
1145 656 1230 694 quae
1263 642 1309 680 ad
1343 643 1556 681 testamenti
1594 642 1759 681 faciendi

366 707 590 760 potestatem
611 707 816 759 pertinent,
834 720 900 759 per
920 707 1251 745 ratiocinationem
1270 707 1503 745 veniendum
1523 709 1576 746 est
1593 709 1639 746 ad
1659 708 1759 760 ejus-

367 773 475 810 modj
495 773 695 816 rationem,
730 781 771 809 ut
792 780 994 823 quamtus,
1025 770 1251 809 habueritne
1272 772 1486 810 testamenti
1505 772 1670 811 faciendi
1687 787 1760 827 po·-

367 838 554 876 testatem.

422 905 547 941 Locos
568 912 697 940 autem
717 915 946 940 communes
966 901 1041 940 hoc
1062 902 1103 940 in
1123 916 1260 955 genere
1278 904 1586 956 argumentandi,
1617 903 1702 949 hos,
1723 913 1762 942 et

367 968 589 1022 hujusmodi
609 968 793 1021 quosdam
814 968 884 1006 esse
903 968 1145 1007 arbitramur.
1178 969 1371 1014 Primum,
1389 970 1472 1022 ejus
1490 970 1634 1023 scripti,
1656 970 1762 1022 quod

368 1034 546 1089 proferas,
575 1035 835 1072 laudationem
865 1043 903 1072 et
932 1034 1281 1074 confirmationem.
1315 1036 1467 1074 Deinde
1486 1037 1566 1088 ejus
1587 1037 1654 1081 rei,
1686 1049 1762 1088 qua

367 1102 413 1139 de
434 1111 634 1154 quaeratur,
657 1115 749 1138 cum
768 1115 825 1144 eo,
863 1100 909 1138 de
929 1114 1006 1152 quo
1025 1101 1183 1146 constat,
1215 1102 1460 1140 collationem
1483 1101 1684 1153 ejusmodi,
1718 1110 1761 1139 ut

368 1169 421 1213 id,
453 1169 498 1206 de
524 1182 602 1220 quo
636 1169 832 1220 quaeritur,
864 1167 931 1212 rei,
962 1167 1009 1205 de
1038 1181 1114 1219 qua
1133 1168 1292 1213 constet,
1323 1169 1446 1207 fimile
1472 1168 1543 1206 effe
1572 1169 1758 1206 videatur.

369 1234 499 1273 Postea
519 1235 811 1272 admirationem
833 1234 1130 1286 percontatione,
1163 1235 1230 1285 qu‘i
1250 1234 1331 1272 fieri
1351 1234 1477 1286 possit,
1509 1243 1565 1278 ut,
1598 1234 1665 1285 qui
1685 1232 1761 1271 hoc

368 1315 522 1353 aequum
543 1300 613 1339 effe
632 1300 830 1344 concedat,
862 1299 959 1337 illud
980 1309 1106 1352 neget,
1128 1300 1232 1351 quod
1263 1308 1328 1337 aut
1347 1300 1506 1351 aequius,
1542 1308 1606 1336 aut
1625 1299 1762 1337 eodem

368 1367 412 1404 fit
432 1367 471 1404 in
492 1379 640 1418 genere.
669 1365 820 1404 Deinde
841 1365 985 1402 idcirco
1005 1365 1051 1402 de
1070 1364 1142 1402 hac
1162 1379 1200 1402 re
1216 1364 1315 1403 nihil
1335 1365 1406 1403 effe
1422 1365 1622 1417 scriptum,
1640 1365 1759 1417 quod,

368 1445 459 1469 cum
480 1432 525 1468 de
546 1431 613 1468 illa
642 1430 728 1468 efl‘et
748 1429 948 1482 scriptum,
980 1430 1025 1468 de
1046 1429 1116 1468 hac
1149 1431 1194 1474 is,
1230 1431 1298 1483 qui
1329 1430 1530 1475 scribebat,
1564 1430 1762 1467 neminem

367 1497 636 1535 dubitaturum
650 1497 851 1534 arbitratus
865 1495 922 1534 fit.
941 1495 1073 1534 Postea
1087 1496 1222 1534 multis
1235 1497 1274 1533 in
1287 1496 1438 1549 legibus
1447 1496 1571 1533 multa
1582 1494 1651 1533 effe
1664 1509 1761 1547 prae-

368 1564 491 1607 terim,
523 1576 607 1614 quae
628 1562 772 1600 idcirco
791 1561 980 1614 praeterita
998 1574 1112 1599 nemo
1142 1562 1367 1606 arbitretur3
1399 1561 1503 1613 quod
1523 1575 1570 1599 ex
1601 1561 1760 1605 caeteris,

369 1629 414 1666 de
434 1630 575 1681 quibus
596 1628 781 1680 scriptum
802 1628 859 1672 fit,
890 1620 1056 1680 intelligi
1076 1628 1228 1680 poffint.
1270 1628 1422 1666 Deinde
1442 1628 1599 1680 aequitas
1620 1627 1673 1664 rei
1693 1627 1761 1665 de-

370 1696 613 1733 monstranda
629 1695 693 1739 est,
716 1704 758 1732 ut
778 1695 818 1732 in
834 1691 1043 1746 juridiciali
1064 1695 1246 1732 absoluta.

411 1762 556 1799 Contra
575 1769 704 1797 autem
722 1762 789 1811 qui
811 1760 925 1802 dicet,
943 1759 1236 1797 fimilitudinem
1252 1758 1445 1797 infirmare
1461 1759 1633 1797 debebit:
1657 1759 1763 1811 quod

370 1826 496 1871 faciet,
528 1827 553 1864 s1
573 1826 860 1870 demonstrabit,
891 1825 1003 1869 illud,
1031 1826 1135 1877 quod
1155 1826 1386 1871 conferatur,
1418 1827 1464 1864 ab
1491 1840 1549 1870 eo,
1581 1826 1644 1864 cui
1665 1839 1760 1863 con—

370 1893 525 1937 feratur,
557 1892 747 1930 diversum
767 1891 836 1929 effe
856 1904 1006 1943 genere,
1029 1901 1173 1936 natura,
1196 1892 1247 1936 vi,
1270 1891 1550 1944 magnitudine,
1573 1901 1761 1944 tempore,

371 1959 470 2002 loco,
501 1958 669 2010 persona,
702 1958 882 2009 opinione
901 1972 908 1994 ε
956 1957 995 2001 fi,
1036 1971 1114 2009 quo
1143 1958 1182 1995 in
1218 1971 1379 1995 numero
1414 1957 1526 2002 illud,
1560 1957 1666 2009 quod
1697 1970 1765 2009 per.

371 2024 662 2062 fimilitudinem
683 2023 850 2067 affertur,
872 2032 909 2060 et
930 2037 1008 2075 quo
1028 2023 1068 2060 in
1088 2024 1175 2061 loco
1195 2023 1306 2067 illud,
1337 2024 1446 2074 cujus
1466 2022 1573 2060 causa
1593 2022 1762 2066 affertur,

372 2091 501 2129 haberi
522 2091 736 2135 conveniat,
759 2090 988 2128 ostendetur.
1039 2090 1204 2133 Deinde,
1238 2090 1330 2141 quid
1352 2102 1407 2126 res
1427 2102 1519 2126 cum
1540 2101 1578 2125 re
1598 2087 1767 2132 differat„

371 2157 704 2200 demonstrabitur,
739 2165 782 2194 ut
819 2170 896 2193 non
935 2155 1039 2193 idem
1073 2155 1243 2193 videatur
1275 2154 1322 2192 de
1359 2164 1519 2205 utraque
1556 2154 1763 2191 existimari

372 2233 557 2275 oportere.
590 2224 663 2266 Ac,
685 2223 707 2260 fi
731 2222 806 2274 ipse
827 2235 979 2273 quoque
1000 2221 1140 2273 poterit
1159 2220 1512 2258 ratiocinationibus
1533 2220 1604 2263 uti,
1626 2219 1761 2257 iisdem

373 2288 740 2332 ratiocinationibus,
772 2288 817 2325 de
838 2287 978 2338 quibus
999 2296 1084 2324 ante
1104 2286 1251 2324 dictum
1271 2285 1336 2330 est,
1359 2294 1514 2323 utetur:
1547 2285 1572 2323 fi
1594 2299 1669 2323 non
1689 2299 1762 2338 po-

375 2356 474 2399 terit,
502 2355 655 2406 negabit
675 2364 846 2406 oportere
867 2354 1093 2405 quidquam,
1122 2353 1188 2390 nisi
1219 2353 1322 2405 quod
1342 2352 1526 2405 scriptum
1549 2352 1606 2396 fit,
1637 2352 1763 2390 confi-

374 2423 498 2459 derare
518 2436 524 2457 :
550 2420 754 2472 periclitari
771 2420 901 2457 omnia
916 2420 1014 2470 jura,
1037 2419 1061 2456 fi
1080 2419 1347 2456 similitudines
1369 2418 1604 2470 accipiantur
1621 2433 1629 2455 :
1663 2416 1762 2455 nihil

374 2488 444 2525 effe
464 2500 573 2539 pene,
606 2486 709 2538 quod
731 2499 807 2523 non
828 2485 933 2522 alteri
956 2485 1077 2523 simile
1097 2484 1166 2522 effe
1188 2484 1382 2522 videatur:
1415 2484 1549 2522 multis
1570 2484 1762 2522 diffimili-

375 2555 445 2592 bus
477 2553 601 2597 rebus,
638 2553 676 2589 in
712 2565 1024 2603 unamquamque
1055 2564 1135 2588 rem
1157 2559 1307 2588 tanturn
1339 2550 1502 2603 singulas
1531 2550 1601 2587 efl‘e
1631 2550 1761 2603 leges:

375 2620 505 2658 omnia
527 2618 623 2671 pofi‘e
644 2619 742 2657 inter
762 2618 796 2656 sc
817 2618 875 2655 vel
897 2618 1047 2663 similia,
1077 2617 1137 2656 vel
1153 2617 1345 2656 diffimilia
1365 2616 1625 2656 demonstrari.
