2176 2912
463 175 540 216 226
817 177 931 217 DE
1009 179 1522 219 ORATORE&

461 267 569 320 quod
587 268 739 308 exorsus
756 282 809 309 es.
831 272 903 310 Me
924 280 1053 309 tamen
1069 272 1136 310 ista
1154 272 1314 311 oscitans
1336 272 1530 326 sapientia,
1551 271 1666 311 simul
1686 281 1800 326 atque
1818 273 1870 312 ad

461 347 548 372 eam
566 334 790 389 confugero,
821 338 861 375 in
882 337 1097 376 libertatem
1114 339 1340 377 vindicabit.

507 401 701 441 XXXIV.
724 403 856 455 Hujus
873 403 1032 456 quidem
1053 404 1143 449 loci,
1164 418 1283 457 quem
1304 404 1421 443 modo
1442 404 1527 443 sum
1546 404 1715 450 exorsuS,
1731 403 1797 443 hic
1812 403 1868 443 est

463 466 566 513 finis,
600 467 729 520 inquit
752 470 973 515 Antonius;
1009 471 1194 522 quoniam
1214 471 1459 523 intelligitur,
1492 484 1569 509 non
1591 472 1629 509 in
1656 470 1869 509 hominum

463 532 812 572 innumerabilibus
822 535 1003 587 personis,
1013 549 1138 587 neque
1152 536 1191 573 in
1205 535 1356 574 infinita
1371 545 1593 588 temporum
1602 537 1793 580 varietate,
1805 535 1871 574 sed

463 598 504 636 in
525 612 712 652 generum
731 600 849 638 causis
879 610 992 652 atque
1013 601 1157 639 naturis
1177 602 1309 638 omnia
1327 601 1395 639 fita
1412 601 1497 645 effe,
1530 615 1614 653 quae
1640 602 1680 639 in
1700 602 1873 640 dubium

463 675 712 704 vocarentur:
744 679 881 718 genera
910 676 1041 704 autem
1071 666 1142 704 effe
1168 666 1324 704 definita
1353 680 1432 704 non
1452 666 1577 704 solum
1598 680 1774 712 numero,
1806 666 1875 705 sed

464 731 581 770 etiam
602 731 792 784 paucitate
807 750 819 777 ;
852 741 897 770 ut
917 745 1005 770 eam
1023 732 1224 770 materiem
1244 732 1441 777 orationis,
1472 746 1557 785 quae
1577 733 1760 785 cujusque
1780 732 1875 772 effer

463 798 627 850 generis,
671 797 823 837 studiofi
853 798 923 851 qui
949 798 1066 837 effent
1093 799 1261 844 dicendi,
1292 799 1475 837 omnibus
1502 799 1597 837 locis
1624 798 1873 852 descriptam,

463 865 701 909 instructam,
742 874 994 918 ornatamque
1023 864 1407 918 comprehenderent,
1438 865 1548 903 rebus
1580 865 1682 910 dico,
1718 874 1756 903 et
1782 865 1872 903 sen·

465 930 611 970 tentiis.
671 931 738 969 Eae
759 930 796 968 vi
817 930 881 968 sua
900 930 1014 969 verba
1032 930 1193 983 parient,
1215 944 1300 982 quae
1320 930 1467 983 semper
1492 929 1577 968 satis
1608 939 1738 968 ornata
1768 929 1879 968 mihi:-

465 996 625 1048 quidem
644 996 764 1034 videri
783 995 922 1042 solent,
954 996 982 1034 fi
1013 996 1202 1049 ejusmodi
1221 996 1322 1042 sunt,
1353 1005 1399 1034 ur.
1423 1009 1469 1033 ea
1493 1009 1549 1034 res
1581 996 1659 1048 ipsa
1688 995 1877 1048 peperisse:

465 1061 648 1100 videatur.

521 1129 596 1172 Ac,
614 1128 640 1166 fi
657 1141 792 1166 verum
809 1128 1000 1181 quaeritis,.
1012 1128 1117 1180 quod
1133 1126 1232 1166 mihi
1249 1128 1410 1180 quidem
1425 1123 1611 1171 videatur,
1630 1125 1749 1178 (nihil
1762 1126 1876 1164 enim.

466 1194 570 1233 aliud
599 1195 787 1232 affirmare
817 1193 983 1247 poffum,
1014 1195 1081 1232 m'fi
1113 1193 1354 1238 sententiam,
1397 1202 1434 1231 et
1463 1193 1689 1245 opinionem
1721 1193 1868 1243 meam)

465 1259 541 1299 hoc
562 1261 864 1298 instrumentum
886 1260 1083 1298 causarum
1103 1269 1143 1297 et
1166 1273 1351 1313 generum
1372 1259 1636 1297 universorum
1669 1259 1708 1296 in
1736 1257 1880 1296 forum,

465 1326 611 1365 deferre
631 1327 840 1371 debemus;
873 1340 1014 1378 neque,
1046 1335 1088 1364 ut
1108 1339 1271 1378 quaeque
1291 1339 1349 1364 res
1372 1325 1496 1363 delata
1513 1325 1558 1362 ad
1586 1339 1654 1362 nos
1673 1325 1758 1369 erit,
1781 1334 1871 1362 tum

467 1393 633 1446 denique
653 1392 809 1431 scrutari
829 1392 949 1437 locos,
971 1406 1017 1430 ex
1034 1392 1176 1445 quibus
1191 1401 1416 1445 argumenta
1435 1404 1612 1429 eruamus
1628 1409 1640 1435 ;
1672 1404 1756 1443 quae
1777 1390 1874 1442 qui--

466 1459 557 1499 dem
586 1460 784 1503 omnibus,
818 1459 886 1511 qui
920 1472 962 1496 ea
995 1458 1239 1496 mediocriter
1270 1458 1388 1496 modo
1421 1457 1703 1501 confiderarint,
1746 1456 1880 1494 studio-

468 1525 643 1564 adhibito
663 1534 701 1563 et
719 1524 788 1562 usu
807 1525 1030 1576 pertractata
1049 1522 1119 1560 effe
1151 1523 1302 1575 possunt
1320 1538 1328 1561 ε
1362 1522 1423 1561 sed
1454 1531 1580 1560 tamen
1601 1523 1752 1561 animus
1770 1520 1873 1559 refe-—

470 1592 608 1630 rendus
635 1591 687 1629 est
706 1591 751 1628 ad
778 1603 819 1627 ea
838 1589 975 1641 capita,
1006 1597 1044 1626 et
1064 1589 1110 1626 ad
1130 1589 1231 1633 illos,
1253 1602 1348 1641 quos
1370 1588 1462 1641 saepe
1476 1589 1558 1640 jam
1578 1588 1780 1640 appellavi,
1809 1588 1869 1625 lo-

470 1673 549 1705 cos,
585 1673 631 1697 ex
652 1657 793 1710 quibus
824 1656 956 1695 omnia
985 1655 1031 1693 ad
1050 1669 1209 1693 omnem
1235 1656 1448 1693 orationem
1476 1655 1628 1692 inventa
1659 1655 1867 1692 ducuntur,

471 1727 603 1778 Atque
633 1722 708 1762 hoc
728 1732 857 1761 totum
887 1722 940 1760 est
972 1721 1045 1759 five
1065 1721 1168 1766 artis,
1199 1721 1272 1758 five
1297 1720 1644 1765 animadversionis,
1676 1720 1747 1757 five
1775 1733 1871 1757 con-

472 1790 697 1834 suetudinis,
728 1788 829 1826 nosse
862 1788 1048 1840 regiones,
1079 1786 1178 1824 intra
1207 1800 1299 1838 quas
1333 1786 1462 1824 venire
1495 1785 1643 1830 debeas,
1675 1794 1718 1822 ut
1739 1798 1870 1838 perve-

474 1857 583 1908 stiges
604 1855 708 1908 quod
728 1867 884 1907 quaeras.
909 1853 990 1891 Ubi
1008 1865 1098 1890 eum
1119 1852 1250 1890 locum
1272 1865 1434 1890 omnem
1453 1851 1687 1903 cogitatione
1706 1850 1871 1903 sepseris,

473 1923 498 1960 fi
520 1922 638 1960 modo
658 1921 769 1959 usum
790 1933 916 1958 rerum
937 1919 1192 1972 percallueris,
1223 1917 1322 1956 nihil
1350 1927 1387 1956 te
1403 1917 1590 1972 effugiet„
1605 1926 1718 1969 atque
1741 1929 1872 1960 omne,

475 1988 577 2040 quod
598 1988 668 2025 erit
690 1987 728 2024 in
750 1999 803 2031 re,
833 1994 1007 2024 occurret
1027 1993 1140 2036 atque
1161 1984 1319 2021 incidet.

529 2053 699 2091 XXXV.
737 2053 789 2090 Et
809 2052 874 2096 s1c,
901 2065 993 2088 cum
1028 2050 1074 2087 ad
1108 2048 1382 2086 inveniendum
1416 2048 1454 2085 in
1477 2046 1640 2084 dicendo
1671 2046 1740 2083 tria
1770 2046 1870 2091 sint,

474 2132 649 2162 acumen,
671 2118 807 2156 deinde
828 2118 937 2161 ratio,
951 2129 1069 2168 quam
1084 2115 1175 2152 licet
1198 2114 1241 2165 (fi
1257 2114 1456 2165 volumus)
1479 2112 1714 2165 appellemus
1735 2121 1870 2156 artem,

475 2185 630 2222 tertium
648 2184 870 2236 diligentia,
893 2195 970 2221 non
991 2181 1139 2234 possum
1153 2179 1333 2232 equidem
1350 2193 1426 2217 non
1446 2179 1601 2230 ingenio
1618 2179 1757 2231 primas
1774 2191 1870 2216 con-
1931 2180 1934 2182 ’

474 2251 605 2289 cedere
624 2264 632 2286 :
666 2249 726 2286 sed
748 2258 875 2286 tamen
896 2247 1022 2300 ipsum
1043 2246 1245 2299 ingenium
1266 2245 1465 2296 diligentia
1484 2245 1600 2282 etiam
1629 2257 1675 2281 ex
1697 2243 1873 2281 tarditate

474 2317 622 2355 incitat.
655 2315 882 2367 Diligentia‚
902 2315 1076 2366 inquam,
1095 2327 1187 2351 cum
1203 2311 1385 2350 omnibus
1403 2312 1441 2348 in
1456 2311 1582 2355 rebus,
1597 2320 1683 2348 tum
1700 2310 1738 2347 in
1756 2310 1873 2347 caufis

474 2381 736 2425 defendendis,
767 2380 983 2432 plurimum
1003 2379 1115 2417 valet.
1159 2378 1255 2415 Haec
1276 2377 1464 2429 praecipue
1485 2376 1643 2414 colenda
1662 2375 1713 2413 est
1734 2375 1871 2419 nobis3

475 2447 554 2486 haec
575 2448 720 2499 semper
739 2444 953 2484 adhibenda
965 2463 976 2489 3
1000 2443 1081 2482 haec
1096 2442 1194 2482 nihil
1215 2443 1267 2480 est
1283 2443 1386 2495 quod
1403 2456 1480 2481 non
1496 2442 1719 2494 affequatur.
1752 2440 1874 2479 Causa

475 2524 516 2552 ut
535 2513 700 2567 penitu5‚
731 2511 835 2565 quod
856 2512 969 2550 initio
989 2510 1086 2557 dixi,
1117 2518 1207 2549 nota
1226 2509 1283 2555 fit,
1315 2508 1515 2564 diligentia
1534 2508 1586 2546 est
1603 2522 1613 2546 :
1645 2517 1688 2546 ut
1703 2505 1873 2545 adversa-
