2176 2912
449 223 530 264 290
808 211 922 250 DE
1001 211 1508 251 ORATORE

452 305 479 343 fi
500 305 552 342 ita
571 304 691 349 sonet,
712 317 847 343 eorum
878 305 1000 343 sermo
1020 305 1180 344 retinere
1199 304 1370 343 videatur
1385 323 1397 349 ;
1430 313 1474 342 ut
1493 312 1597 348 tuus,
1619 303 1770 349 Catule,
1791 303 1851 341 so-

452 371 562 416 dalis,
593 372 641 409 L.
666 372 795 415 Cotta,
827 373 989 423 gaudere
1023 370 1123 409 mihi
1154 371 1303 409 videtur
1336 371 1519 423 gravitate
1553 370 1706 423 linguae,
1738 370 1850 409 sono-

452 450 529 489 que
551 437 657 475 vocis
678 437 825 489 agresti,
856 446 893 474 et
913 437 1024 482 illud,
1046 436 1151 489 quod
1171 437 1358 489 loquitur,
1376 436 1544 489 priscum
1564 436 1688 475 visum
1708 437 1756 475 iri
1775 450 1851 488 pu-

453 511 523 548 tat,
542 502 567 540 fi
588 502 699 555 plane
718 501 834 540 fuerit
851 503 1098 541 rusticanum.
1145 503 1215 540 Me
1236 512 1363 540 autem
1382 512 1468 540 tuus
1490 502 1616 547 sonus,
1636 511 1675 540 et
1693 501 1851 541 suavitas

452 567 520 606 ista
535 568 695 606 delectat
711 587 723 613 3
755 568 897 606 omitto
916 568 1135 612 verborum,
1158 581 1378 619 quanquam
1398 567 1450 605 est
1469 576 1585 620 caput
1603 586 1614 611 ;
1640 569 1792 619 (verum
1811 566 1851 604 id
1875 556 1879 557 ⁷

452 633 562 672 affert
594 635 704 678 ratio,
736 635 875 671 docent
906 634 1036 678 literae‚
1067 633 1271 670 confirmat
1291 632 1525 671 consuetudo
1550 642 1587 670 et
1618 633 1784 685 legendi,
1813 640 1853 670 et

451 700 636 753 loquendi
653 702 685 753 ς)
708 700 768 738 sed
787 699 887 737 hanc
908 700 993 737 dico
1014 699 1250 744 suavitatem,
1271 713 1356 751 quae
1375 700 1455 737 exit
1473 713 1521 737 ex
1540 713 1603 737 ore
1619 718 1631 744 ς
1655 713 1740 751 quae
1760 700 1850 751 qui-

452 767 556 811 dem,
587 776 631 804 ut
651 766 752 819 apud
773 767 944 810 Graecos,
980 766 1218 809 Atticorum,
1250 765 1299 803 fic
1332 766 1372 802 in
1392 765 1533 803 Latino
1559 765 1744 809 sermone,
1773 763 1851 802 hu÷

444 832 510 884 jus
531 832 584 870 est
604 832 709 870 urbis
730 832 899 870 maxime
918 831 1082 884 propria.
1121 829 1286 868 Athenis
1301 831 1385 883 jam
1405 831 1472 868 diu
1491 831 1663 869 doctrina
1682 830 1853 884 ipsorum

450 898 749 937 Athenienfium
775 899 934 943 interiit,
965 898 1212 936 domicilium
1239 906 1391 936 tantum
1425 898 1465 935 in
1486 898 1553 936 illa
1571 899 1665 936 urbe
1684 905 1854 936 remanet

449 965 681 1010 studiorum,
713 964 855 1017 quibus
876 974 1009 1002 vacant
1028 964 1143 1008 cives,
1174 964 1366 1016 peregrini
1392 962 1588 1008 fruuntur,
1619 964 1721 1016 capti
1751 977 1852 1016 quo-

450 1031 660 1069 dammodo
680 1031 837 1068 nomine
857 1030 962 1068 urbis
981 1038 1018 1067 et
1038 1030 1258 1067 auetoritate
1277 1045 1285 1067 :
1318 1038 1447 1067 tamen
1479 1029 1749 1067 eruditiffimos
1776 1027 1851 1067 ho-

450 1097 574 1135 mines
606 1097 790 1135 Asiaticos
821 1097 946 1149 quivis
975 1095 1220 1134 Atheniensis
1261 1096 1452 1140 indoctus,
1495 1109 1573 1133 non
1607 1095 1748 1139 verbis,
1789 1094 1853 1132 sed

449 1162 542 1201 sono
574 1163 695 1207 vocis,
727 1176 795 1201 nec
827 1171 905 1200 tam
940 1162 1050 1206 bene,
1081 1175 1199 1213 quam
1225 1161 1384 1199 suaviter
1409 1160 1618 1212 loquendo,
1648 1159 1762 1198 facile
1787 1158 1852 1198 su-

448 1228 610 1281 perabit.
671 1228 803 1267 Nostri
837 1228 967 1266 minus
988 1228 1140 1266 student
1160 1227 1294 1272 literis,
1325 1240 1443 1280 quam
1469 1227 1624 1265 Latini:
1657 1235 1786 1265 tamen
1805 1238 1853 1264 ex

448 1295 542 1339 istis,
575 1307 671 1347 quos
707 1294 838 1339 nostis,
869 1293 1038 1340 urbanis,
1069 1294 1111 1332 in
1137 1294 1278 1346 quibus
1311 1294 1524 1332 minimum
1556 1293 1609 1331 est
1637 1292 1850 1336 literarum,

447 1374 565 1400 nemo
585 1361 650 1405 est,
672 1361 768 1414 quin
789 1360 1089 1400 literatiffimum
1111 1370 1329 1413 togatorum
1356 1361 1550 1405 omnium,
1573 1359 1851 1411 QValerium

413 1468 416 1469 ⁷
448 1428 650 1473 Soranum,
681 1428 839 1466 lenitate
868 1428 987 1473 vocis,
1019 1437 1132 1480 atque
1151 1427 1233 1480 ipso
1263 1426 1337 1466 oris
1371 1427 1494 1480 preffu
1528 1435 1567 1465 et
1596 1425 1701 1470 sono,
1737 1424 1851 1464 facile

446 1493 588 1532 vincat.

503 1559 597 1597 XII.
631 1561 760 1610 Qare
778 1572 870 1596 cum
891 1559 935 1596 fit
956 1558 1132 1610 quaedam
1152 1568 1253 1596 certa
1270 1573 1345 1597 vox
1366 1559 1535 1598 Romani
1556 1557 1703 1611 generis
1724 1555 1849 1595 urbis-

447 1638 523 1677 que
543 1625 707 1677 propria,
739 1625 777 1661 in
799 1637 875 1676 qua
896 1622 994 1661 nihil
1016 1623 1174 1669 offendi,
1196 1623 1296 1662 nihil
1317 1624 1530 1677 displicere,
1554 1623 1653 1661 nihil
1674 1623 1849 1661 animad-

447 1693 541 1728 verti
562 1691 688 1744 poffit‚
721 1689 819 1727 nihil
851 1689 978 1728 sonare
999 1699 1063 1727 aut
1083 1690 1183 1728 olere
1209 1691 1469 1742 peregrinum,
1502 1689 1602 1728 hanc
1622 1689 1848 1741 sequamur;

448 1770 573 1809 neque
604 1757 729 1795 solum
761 1756 939 1794 rusticam
966 1756 1217 1808 asperitatem,
1249 1755 1309 1794 sed
1342 1757 1458 1794 etiam
1477 1756 1716 1809 peregrinam
1745 1754 1850 1793 inso-

446 1824 622 1867 lentiam,
656 1821 786 1875 fugere
807 1822 1010 1860 discamus.
1072 1822 1267 1874 Equidem
1298 1836 1390 1860 cum
1410 1822 1523 1860 audio
1543 1821 1694 1859 socrum
1722 1833 1850 1860 meam

447 1889 608 1931 Laeliam
628 1887 796 1940 (facilius
817 1889 921 1926 enim
936 1888 1116 1925 mulieres
1130 1888 1392 1941 incorruptam
1409 1888 1680 1940 antiquitatem
1696 1887 1849 1926 conser-

447 1965 552 2000 vant,
585 1956 688 2007 quod
724 1955 939 1992 multorum
961 1954 1144 1992 sermonis
1174 1964 1345 2007 expertes
1366 1969 1407 1992 ea
1428 1963 1558 1992 tenent
1577 1954 1736 2004 semper,
1765 1966 1849 2004 quae

447 2022 571 2073 prima
591 2021 826 2072 didicerunt)
850 2021 910 2058 sed
931 2034 1014 2058 cam
1036 2020 1084 2057 fic
1106 2020 1232 2064 audio,
1264 2030 1307 2057 ut
1328 2021 1511 2058 Plautum
1532 2017 1645 2063 mihi,
1666 2028 1731 2056 aut
1753 2018 1847 2056 Νω-

445 2087 554 2124 vium
586 2087 712 2124 videar
745 2087 888 2124 audire.
948 2088 1048 2123 Sono
1078 2085 1158 2137 ipso
1178 2085 1282 2123 vocis
1313 2086 1365 2122 ita
1395 2087 1497 2122 redto
1531 2093 1568 2121 et
1596 2083 1763 2136 fimplici
1781 2083 1846 2127 est,

448 2161 490 2189 ut
521 2151 620 2190 nihil
652 2153 926 2195 ostentationis,
958 2161 1022 2188 aut
1042 2151 1270 2188 imitationis
1305 2150 1435 2188 afferre
1465 2150 1660 2188 videatur:
1693 2163 1739 2188 ex
1770 2162 1849 2201 quo
1907 2195 1911 2198 .

448 2218 497 2255 fic
519 2219 697 2256 locutum
718 2218 788 2255 effe
810 2219 888 2269 ejus
910 2226 1055 2269 patrem
1073 2216 1221 2268 judico,
1253 2217 1300 2254 sic
1320 2217 1504 2268 majore83
1537 2230 1613 2254 non
1645 2215 1783 2268 aspere,
1805 2223 1848 2253 ut

449 2284 528 2328 ille,
551 2298 668 2337 quem
689 2284 784 2329 dixi,
816 2297 892 2321 non
925 2283 1035 2327 vaste,
1068 2298 1143 2320 non
1170 2283 1319 2328 rustice,
1352 2297 1427 2321 non
1448 2282 1591 2327 hiulce,
1623 2281 1684 2320 sed
1716 2280 1847 2334 preffe,

447 2359 486 2387 et
506 2349 755 2402 aequabiliter,
788 2358 825 2386 et
845 2349 994 2386 leniter.
1029 2350 1157 2400 Qare
1180 2350 1296 2386 Cotta
1315 2349 1451 2394 noster,
1482 2349 1590 2400 cujus
1613 2357 1654 2386 tu
1675 2347 1741 2385 illa
1758 2347 1845 2391 lata,

449 2417 609 2469 Sulpici,
641 2430 920 2468 nonnunquam
952 2416 1128 2459 imitaris,
1161 2424 1202 2453 ut
1222 2415 1295 2454 lota
1327 2415 1476 2454 literam
1513 2415 1636 2459 tollas,
1667 2423 1705 2452 et
1724 2428 1742 2452 e
1761 2413 1846 2466 ple-

448 2482 646 2521 niffimum
664 2483 779 2529 dicas,
799 2496 875 2522 non
894 2481 991 2521 mihi
1013 2491 1176 2521 oratores
1198 2482 1389 2534 antiquos,
1411 2481 1473 2519 sed
1494 2481 1682 2527 messores,
1698 2479 1848 2519 videtur

449 2558 606 2588 imitari.
