2176 2912
598 184 918 224 LIBER
994 184 1411 225 PRIMUS.
1642 190 1715 242 189

314 274 400 319 sint,
422 284 461 313 et
480 287 597 326 quam
618 275 736 320 varia,
753 288 890 327 genera
909 273 1063 313 dicendi
1079 294 1091 320 ς
1114 276 1220 327 quod
1240 275 1343 314 haud
1361 277 1491 321 sciam,
1514 291 1558 316 an
1578 288 1618 316 tu
1637 280 1716 332 pri-

314 354 401 379 mus
422 341 641 386 ostenderis,
663 341 731 393 qui
746 341 900 393 jamdiu
916 341 1043 379 multo
1061 341 1156 379 dicis
1173 342 1374 387 remiflius,
1388 353 1426 380 et
1441 343 1578 389 lenius,
1598 359 1716 396 quam

313 406 480 451 solebas;
503 421 627 459 neque
647 408 777 445 minus
798 406 880 445 haec
901 416 1030 445 tamen
1051 417 1116 445 tua
1134 408 1341 460 graviffimi
1361 409 1543 447 sermonis
1564 411 1714 455 lenitas,

313 485 430 523 quam
452 471 517 509 illa
547 473 698 510 summa
717 474 772 510 vis
803 482 841 510 et
860 473 1058 511 contentio
1089 474 1296 526 probatur:
1329 474 1524 527 multique
1550 486 1715 513 oratores

312 537 483 583 fuerunt,
506 549 549 576 ut
564 539 680 577 illum
697 540 918 592 Scipionem
939 539 1130 584 audimus,
1152 549 1190 578 et
1210 541 1392 585 Laelium,
1410 542 1477 592 qui
1495 543 1625 579 onmia
1641 542 1715 580 ser-

314 617 430 642 mone
449 605 681 643 conficerent
711 607 825 659 paulo
845 606 1064 651 intentiore,
1093 621 1308 659 nunquam,
1332 617 1373 645 ut
1396 609 1543 647 Servius
1575 609 1715 652 Galba,

311 669 493 708 lateribus
513 680 578 709 aut
598 671 764 709 clamore
783 671 1074 710 contenderent.

369 736 487 787 Qod
507 737 533 774 fi
547 738 631 789 jam
651 736 726 776 hoc
746 736 869 775 facere
890 752 965 775 non
988 739 1144 791 poteris,
1176 748 1239 776 aut
1262 739 1381 784 noles,
1404 739 1553 784 vereris,
1576 754 1624 778 ne
1653 749 1718 778 tua

312 801 466 846 domus,
500 803 582 841 talis
601 811 638 840 et
659 804 743 847 viri,
775 813 812 841 et
832 804 940 848 civis,
964 804 988 841 fi
1010 818 1029 841 a
1061 805 1236 857 litigiosis
1259 804 1486 843 hominibus
1509 820 1586 843 non
1608 806 1713 844 cola-

312 876 387 912 tur,
407 881 426 904 a
446 869 589 906 caeteris
610 869 824 906 deseratur?
857 869 1053 921 Equidem
1076 879 1229 908 tantum
1250 871 1384 909 absum
1409 872 1454 909 ab
1476 871 1543 909 ista
1563 872 1714 910 senten-

310 935 376 978 tia,
400 943 442 971 ut
461 948 538 972 non
554 935 673 973 modo
687 949 765 973 non
781 935 939 973 arbitrer
954 935 1165 974 subfidium
1183 937 1398 982 senectutis,
1418 939 1457 975 in
1475 952 1623 983 eorum,
1646 940 1716 991 qui

311 999 535 1039 consultum
568 1002 735 1047 veniant,
767 1002 1021 1040 multitudine
1047 1002 1118 1041 effe
1149 1004 1387 1055 ponendum,
1433 1004 1495 1042 sed
1531 1015 1716 1056 tanquam

310 1076 467 1119 portum
498 1068 683 1120 aliquem,
714 1071 914 1122 expectem
936 1069 1060 1115 istam,
1083 1084 1201 1122 quam
1223 1081 1265 1109 tu
1298 1072 1425 1117 times,
1448 1072 1712 1112 solitudinem.

310 1133 531 1172 Subfidium
552 1135 658 1173 enim
679 1136 931 1174 belliffimum
951 1136 1128 1175 existimo
1148 1137 1219 1175 effe
1240 1138 1423 1176 senectuti
1444 1139 1585 1178 otium.

367 1200 534 1252 Reliqua
566 1215 654 1239 vero
685 1202 829 1240 etiamsi
863 1203 1056 1255 adjuvant,
1090 1203 1306 1255 (historiam
1338 1205 1440 1249 dico,
1472 1215 1509 1243 et
1542 1206 1714 1258 pruden-

312 1266 406 1303 tiam
421 1267 519 1317 juris
542 1268 703 1319 publici,
726 1278 763 1306 et
783 1269 1022 1321 antiquitatis
1044 1271 1128 1314 iter,
1146 1279 1183 1307 et
1204 1271 1473 1323 exemplorum
1493 1273 1664 1325 copiam)
1688 1273 1714 1310 fi

311 1333 465 1383 quando
484 1347 581 1385 opus
603 1335 687 1378 erit,
720 1348 741 1371 a
759 1335 840 1372 viro
861 1335 1026 1387 optimo,
1049 1344 1086 1373 et
1103 1335 1179 1373 istis
1202 1337 1312 1374 rebus
1335 1337 1635 1383 instructiffimo,
1653 1337 1713 1376 fa-

310 1399 453 1436 miliari
472 1413 572 1443 meO,
595 1401 789 1452 Longino,
813 1402 1032 1439 mutuabor.
1066 1402 1208 1454 Neque
1227 1403 1462 1455 repugnabo,
1485 1417 1563 1456 quo
1583 1406 1714 1444 minus

311 1465 367 1515 (id
387 1466 493 1517 quod
514 1467 631 1504 modo
651 1465 824 1505 hortatus
840 1469 896 1519 es)
913 1468 1044 1506 omnia
1058 1467 1199 1520 legant,
1222 1469 1354 1506 onmia
1369 1469 1538 1515 audiant,
1560 1470 1601 1508 in
1621 1484 1712 1510 om-

310 1531 349 1568 ni
371 1533 472 1569 recto
494 1531 630 1576 studio,
662 1542 775 1584 atque
797 1531 1038 1570 humanitate
1057 1533 1252 1571 versentur
1270 1548 1278 1571 ε
1311 1534 1373 1571 sed
1394 1533 1615 1573 mehercule
1636 1550 1714 1574 non

308 1597 362 1634 ita
379 1598 553 1635 multum
588 1598 695 1651 spatii
728 1597 828 1636 mihi
862 1599 1026 1646 videtur,
1057 1599 1083 1637 fi
1110 1600 1229 1638 modo
1263 1614 1305 1637 ea
1333 1600 1457 1639 facere
1475 1611 1513 1639 et
1541 1602 1716 1655 persequi

309 1664 453 1708 volent,
485 1678 569 1716 quae
590 1679 610 1702 a
631 1675 681 1710 te,
712 1665 850 1710 Craffe,
872 1676 1059 1719 praecepta
1086 1666 1199 1705 sunt:
1231 1668 1300 1719 qui
1327 1667 1427 1705 mihi
1457 1682 1575 1721 prope
1595 1670 1715 1708 etiam

310 1730 426 1768 nimis
447 1730 556 1769 duras
577 1731 677 1783 leges
698 1732 897 1784 imponere
916 1732 1014 1770 visus
1035 1746 1074 1772 es
1094 1732 1187 1772 huic
1208 1735 1323 1779 aetati,
1354 1735 1415 1772 sed
1437 1744 1565 1772 tamen
1591 1736 1637 1774 ad
1658 1737 1712 1782 id,

311 1796 416 1847 quod
436 1798 613 1849 cupiunt,
647 1798 935 1850 adipiscendum
967 1813 1084 1852 prope
1106 1800 1334 1839 neceffarias.
1395 1802 1501 1839 Nam
1522 1811 1559 1839 et
1579 1802 1713 1841 subitae

310 1862 355 1898 ad
392 1863 599 1914 propositas
643 1863 767 1901 causas
806 1865 1108 1909 exercitationes,
1155 1876 1192 1903 et
1226 1876 1406 1905 accuratae
1439 1877 1478 1905 et
1522 1868 1713 1907 meditatae

310 1929 671 1973 commentationes,
703 1943 745 1966 ac
775 1930 891 1981 stylus
924 1930 989 1968 ille
1020 1940 1122 1976 tuus,
1155 1945 1272 1983 quem
1301 1942 1343 1970 tu
1363 1947 1447 1970 vere
1468 1933 1596 1972 dixisti
1620 1944 1711 1987 per-

296 1994 473 2046 J'eHorem
493 1995 630 2033 dicendi
655 1995 713 2048 gffl’
732 2011 775 2034 ac
804 1996 1022 2050 magistrum,
1054 1998 1173 2035 multi
1197 1997 1342 2036 sudoris
1362 1999 1441 2043 est;
1473 2008 1514 2037 et:
1530 2000 1597 2038 illa
1626 2015 1712 2039 ora-

310 2061 424 2098 tionis
456 2060 528 2099 suae
558 2076 649 2099 cum
684 2062 832 2115 scriptis
861 2064 994 2102 alienis
1025 2065 1274 2117 comparatio,
1306 2075 1344 2103 et
1364 2065 1409 2103 de
1429 2065 1554 2104 alieno
1571 2066 1712 2120 scripto

310 2126 444 2171 subita,
467 2128 525 2164 vel
556 2128 747 2173 laudandi,
780 2129 838 2167 vel
859 2130 1114 2182 vituperandi,
1145 2131 1203 2168 vel
1231 2132 1524 2184 comprobandi,
1559 2133 1620 2171 vel
1651 2148 1711 2171 re·-

311 2190 469 2229 fellendi
488 2193 606 2237 causa,
638 2195 857 2247 disputatio,
889 2209 966 2234 non
987 2197 1192 2235 mediocris
1210 2198 1468 2236 contentionis
1492 2198 1557 2244 est,
1586 2199 1644 2237 vel
1666 2199 1711 2236 ad

312 2259 556 2303 memoriam,
579 2261 635 2297 vel
657 2262 703 2299 ad
718 2262 967 2301 imitandum.

368 2325 475 2361 LXI.
511 2324 611 2363 Illud
629 2341 715 2364 vero
734 2327 809 2365 fuit
829 2327 1027 2374 horribile,
1045 2330 1150 2382 quod
1170 2330 1391 2369 mehercule
1412 2345 1539 2370 vereor
1559 2345 1606 2369 ne
1625 2343 1709 2369 ma-

306 2390 431 2440 jorem
449 2390 529 2427 vim
546 2391 590 2428 ad
611 2392 877 2432 deterrendum
896 2393 1086 2440 habuerit,
1101 2410 1219 2448 quam
1240 2398 1286 2435 ad
1306 2397 1602 2436 cohortandum.
1626 2397 1708 2434 Vo-

313 2455 414 2492 luisti
435 2456 539 2493 enim
559 2457 598 2494 in
620 2457 684 2496 suo
704 2472 841 2510 genere
862 2474 1184 2514 unumquemque
1205 2463 1377 2501 nostrum
1398 2463 1500 2515 quasi
1516 2461 1709 2514 quendam

312 2521 382 2559 effe
403 2521 587 2560 Roscium
601 2542 612 2568 3
645 2525 862 2578 dixistique,
893 2540 971 2565 non
995 2537 1073 2567 tam
1093 2542 1147 2574 ea,
1174 2543 1258 2581 quae
1279 2532 1377 2568 reeta
1393 2529 1521 2573 effent,
1543 2527 1708 2580 probari>
