2176 2912
736 151 1266 192 ORATOR.
1625 171 1701 210 471

283 247 415 296 ·(nam
435 245 487 283 est
514 245 627 296 longe
657 244 764 282 aliter
792 245 833 282 in
859 244 1042 296 verfibus)
1075 244 1174 283 nihil
1206 253 1249 282 ut
1281 244 1346 284 fiat
1377 256 1482 285 extra
1510 248 1703 289 modum:

304 326 394 350 nam
426 313 466 350 id
493 311 651 363 quidem
684 310 772 348 effet
802 324 953 363 poema.
1013 311 1086 349 Sed
1115 312 1242 350 omnis
1273 325 1343 351 nec
1373 313 1604 360 claudicans,
1635 330 1704 354 nec

303 379 404 430 quafi
438 378 638 420 fluctuans,
668 386 705 414 et
735 377 942 429 aequaliter,
974 377 1264 429 constanterque
1302 378 1531 431 ingrediens,
1563 395 1703 420 nume-

301 443 381 482 rosa
400 442 562 480 habetur
592 442 724 480 oratio.
785 444 916 494 Atque
936 443 975 480 id
995 444 1036 481 in
1057 443 1218 481 dicendo
1249 445 1497 483 numerosum
1532 456 1701 498 putatur,

301 522 378 549 non
396 509 501 560 quod
521 519 648 547 totum
668 508 812 548 constat
832 523 851 546 e
869 510 1052 555 numeris,
1067 509 1128 548 sed
1143 510 1248 562 quod
1268 510 1315 548 ad
1334 524 1515 549 numeros
1528 514 1705 564 proxime

300 575 468 613 accedit:
503 589 581 627 quo
615 575 731 613 etiam
763 575 959 613 difficilius
990 575 1042 613 est
1072 576 1242 615 oratione
1268 577 1339 621 uti,
1371 591 1488 629 quam
1509 578 1672 616 versibus
1688 597 1702 624 ;

300 641 407 692 quod
438 642 477 679 in
511 641 587 679 illis
619 651 720 679 certa
749 642 925 693 quaedam
957 651 995 680 et
1028 641 1185 681 definita
1213 643 1275 680 lex
1298 643 1363 687 est,
1395 657 1513 695 quam
1535 644 1639 696 sequi
1659 645 1704 682 fit

300 708 444 750 neceffe
460 726 471 752 3
503 708 543 746 in
563 708 726 746 dicendo
746 718 874 746 autem
895 707 995 746 nihil
1025 709 1077 747 est
1103 709 1356 761 propositum,
1379 710 1449 747 nisi
1471 719 1535 747 aut
1554 724 1602 748 ne
1622 711 1702 748 im-

300 775 506 820 moderata,
529 784 594 813 aut
614 775 783 827 angusta,
805 786 869 813 aut
890 775 1080 820 diffoluta,
1100 785 1165 813 aut
1183 775 1303 814 fluens
1325 777 1369 814 fit
1388 777 1522 815 oratio.
1568 777 1704 829 Itaque

300 853 377 878 non
398 841 485 878 sunt
504 841 544 879 in
566 854 606 878 ea
627 850 810 892 tanquam
829 842 980 879 tibicini
1001 842 1286 893 percuffionum
1305 843 1427 887 modi,
1449 843 1511 880 sed
1532 843 1704 882 universa

298 905 587 958 comprehenfio
621 915 658 944 et
677 907 816 959 species
847 908 1027 946 orationis
1047 907 1172 945 clausa
1202 918 1240 946 et
1261 910 1463 947 terminata
1481 909 1533 946 est
1549 928 1560 955 3
1596 911 1704 962 quod

298 973 493 1025 voluptate
513 973 664 1012 aurium
678 973 888 1024 judicatur.

353 1040 463 1076 LIX.
497 1039 598 1077 Solet
619 1050 747 1077 autem
768 1041 899 1092 quaeri,
929 1049 1059 1078 totone
1079 1041 1118 1078 in
1140 1041 1290 1079 ambitu
1310 1042 1518 1080 verborum
1547 1043 1702 1080 numeri

298 1104 453 1149 tenendi
474 1105 559 1149 fint,
591 1118 637 1142 an
657 1105 697 1142 in
719 1106 854 1157 primis
875 1107 1061 1158 partibus,
1088 1116 1202 1158 atque
1223 1107 1262 1145 in
1279 1108 1474 1145 extremis.
1521 1107 1702 1159 Plerique

297 1171 404 1209 enim
436 1171 588 1209 censent
626 1172 756 1211 cadere
791 1170 943 1210 tantum
974 1172 1172 1210 numerose
1202 1183 1390 1225 oportere,
1425 1174 1701 1225 terminarique

296 1236 539 1275 sententiam.
599 1237 667 1275 Est
686 1247 829 1283 autem,
862 1248 906 1276 ut
931 1239 970 1276 id
990 1239 1159 1277 maxime
1185 1239 1328 1284 deceat,
1360 1253 1437 1277 non
1467 1240 1509 1278 id
1542 1240 1667 1278 solum
1687 1255 1699 1278 ι

296 1302 494 1354 ponendus
515 1302 566 1340 est
599 1304 705 1342 enirn
735 1304 802 1342 ille
831 1304 1015 1349 ambitus,
1047 1318 1124 1342 non
1150 1304 1400 1355 abjiciendus.
1450 1306 1580 1356 Qare
1606 1319 1700 1343 cum

296 1383 402 1408 aures
422 1379 642 1408 extremum
661 1370 810 1423 semper
840 1373 1053 1423 expectent,
1085 1371 1124 1408 in
1145 1385 1266 1422 eoque
1286 1371 1539 1423 acquiescant,
1572 1372 1611 1408 id
1632 1386 1700 1409 va-

295 1448 380 1473 care
400 1450 562 1475 numero
582 1451 660 1475 non
680 1446 830 1488 oportet
848 1453 856 1475 :
881 1438 942 1475 sed
962 1439 1008 1475 ad
1027 1436 1304 1476 hunctexitum
1324 1447 1451 1475 tamen
1468 1452 1487 1475 a
1505 1439 1698 1490 principio

295 1500 384 1539 ferri
418 1502 531 1540 debet
572 1503 778 1541 verborum
817 1503 882 1541 illa
913 1503 1217 1555 comprehens10‚
1259 1513 1296 1541 et
1331 1513 1409 1541 tota
1439 1517 1459 1540 a
1489 1504 1612 1556 capite
1645 1505 1698 1542 ita

295 1566 424 1613 fluere,
448 1577 491 1606 ut
510 1569 556 1606 ad
576 1578 795 1607 extremum
816 1570 970 1607 veniens
986 1570 1064 1622 ipsa
1079 1569 1264 1607 confistat.

350 1635 395 1672 Id
426 1645 555 1673 autem
587 1636 685 1672 bonai
717 1635 917 1688 disciplinzl
949 1637 1178 1680 exercitatis,
1211 1637 1279 1688 qui
1308 1645 1346 1673 et
1377 1637 1502 1673 multa
1536 1636 1697 1688 scripse-

296 1702 386 1745 rint,
417 1711 454 1739 et
474 1715 715 1753 quaecunque
735 1703 852 1740 etiam
877 1702 953 1739 fine
983 1702 1123 1753 scripto
1150 1702 1333 1746 dicerent,
1365 1702 1501 1739 similia
1532 1701 1694 1753 scripto-

295 1780 383 1804 rum
403 1766 613 1811 effecerint,
645 1781 722 1804 non
746 1768 817 1804 erit
843 1767 1140 1805 difficillimum.
1200 1767 1303 1806 Ante
1325 1769 1430 1806 enim
1450 1767 1695 1805 circumscri-

296 1832 400 1870 bitur
415 1842 545 1871 mente
561 1832 755 1877 sententia,
774 1832 1052 1884 confestimque
1066 1834 1179 1871 verba
1198 1844 1434 1873 concurrunt
1450 1852 1462 1880 5
1485 1847 1568 1886 quae
1584 1848 1694 1872 mens

293 1899 440 1943 eadem,
472 1913 546 1951 qua
573 1897 672 1936 nihil
699 1899 751 1936 est
781 1899 955 1944 celerius,
987 1899 1114 1937 statim
1135 1900 1312 1944 dimittit,
1344 1910 1387 1937 ut
1418 1900 1481 1938 suo
1511 1901 1695 1952 quodque

294 1965 380 2005 loco
414 1965 656 2018 respondeat:
703 1980 868 2017 quorum
909 1965 1118 2018 descriptus
1155 1966 1248 2003 ordo
1279 1966 1369 2002 aliiis
1404 1966 1475 2002 alia
1507 1966 1693 2003 termina-

294 2031 398 2069 tione
428 2031 704 2076 concluditur,
736 2041 848 2083 atque
869 2032 1000 2069 omnia
1030 2031 1095 2068 illa
1126 2041 1163 2069 et
1197 2032 1322 2084 prima
1355 2040 1392 2068 et
1421 2030 1547 2068 media
1580 2031 1694 2068 verba

293 2096 454 2148 spectare
474 2097 614 2136 debent
634 2098 680 2135 ad
712 2098 912 2135 ultimum.
973 2097 1172 2135 Interdum
1192 2099 1297 2135 enim
1318 2097 1446 2134 cursus
1468 2097 1519 2134 est
1545 2097 1584 2134 in
1605 2110 1692 2134 ora-

293 2162 397 2203 tione
431 2163 636 2208 incitatior,
669 2164 864 2201 interdum
886 2164 1079 2201 moderata
1109 2163 1310 2216 ingreffio3
1355 2173 1397 2200 ut
1419 2164 1500 2215 jam
1534 2177 1553 2200 a
1581 2163 1690 2215 prin-

293 2228 395 2280 cipio
415 2229 626 2267 videndum
655 2230 712 2274 fit,
743 2229 1074 2282 quemadmodum
1096 2230 1187 2267 velis
1220 2230 1346 2267 venire
1381 2230 1425 2266 ad
1457 2238 1689 2267 extremum.

293 2295 379 2332 Nec
409 2295 449 2332 in
480 2296 648 2333 numeris
677 2297 812 2347 magis,
858 2310 975 2348 quam
1010 2297 1048 2333 in
1090 2297 1245 2347 reliquis
1278 2296 1512 2333 ornamentis
1546 2295 1688 2332 oratio-

293 2360 352 2398 nis
371 2389 382 2404 ,
412 2360 544 2398 eadem
574 2374 666 2398 curn
697 2360 882 2398 faciamus
904 2391 916 2406 ,
947 2376 1030 2414 quac
1066 2370 1213 2414 poetae,
1246 2361 1454 2413 effugimus
1487 2370 1613 2397 tamen
1647 2359 1688 2394 in

292 2426 459 2464 oratione
485 2428 671 2478 poematis
703 2427 1011 2465 similitudinem.
1063 2427 1130 2464 Est
1159 2427 1262 2464 enim
1295 2428 1333 2464 in
1357 2436 1518 2476 utroque
1545 2433 1581 2460 et
1602 2436 1686 2459 ma-

293 2492 398 2537 teria,
428 2501 466 2530 et
501 2493 698 2531 tractatio:
731 2493 886 2531 materia
912 2493 953 2530 in
986 2493 1126 2537 verbis,
1159 2493 1330 2531 tractatio
1352 2493 1402 2550 =in
1435 2489 1691 2528 collocatione
