<?xml version="1.0" encoding="UTF-8"?>
<!DOCTYPE html PUBLIC "-//W3C//DTD XHTML 1.0 Transitional//EN"
    "http://www.w3.org/TR/xhtml1/DTD/xhtml1-transitional.dtd">
<html xmlns="http://www.w3.org/1999/xhtml" xml:lang="en" lang="en">
 <head>
  <title>
</title>
<meta http-equiv="Content-Type" content="text/html;charset=utf-8" />
  <meta name='ocr-system' content='tesseract 3.04.00' />
  <meta name='ocr-capabilities' content='ocr_page ocr_carea ocr_par ocr_line ocrx_word'/>
</head>
<body>
  <div class='ocr_page' id='page_1' title='image "./operacumindicibu01ciceuoft_0502.png"; bbox 0 0 2176 2912; ppageno 0'>
   <div class='ocr_carea' id='block_1_1' title="bbox 428 220 1386 274">
    <p class='ocr_par' dir='ltr' id='par_1_1' title="bbox 428 220 1386 274">
     <span class='ocr_line' id='line_1_1' title="bbox 428 220 1386 274; baseline -0.001 -13"><span class='ocrx_word' id='word_1_1' title='bbox 428 232 511 274; x_wconf 90' lang='lat'>490</span> <span class='ocrx_word' id='word_1_2' title='bbox 881 220 1386 260; x_wconf 81' lang='lat' dir='ltr'><strong>TOPICA.</strong></span> 
     </span>
    </p>
   </div>
   <div class='ocr_carea' id='block_1_2' title="bbox 416 313 1867 2564">
    <p class='ocr_par' dir='ltr' id='par_1_2' title="bbox 427 313 1867 625">
     <span class='ocr_line' id='line_1_2' title="bbox 427 313 1840 368; baseline 0 -13"><span class='ocrx_word' id='word_1_3' title='bbox 427 313 634 368; x_wconf 85' lang='lat' dir='ltr'>exemplis,</span> <span class='ocrx_word' id='word_1_4' title='bbox 665 313 734 352; x_wconf 70' lang='lat' dir='ltr'>nisi</span> <span class='ocrx_word' id='word_1_5' title='bbox 755 313 973 359; x_wconf 82' lang='lat' dir='ltr'>neceffario,</span> <span class='ocrx_word' id='word_1_6' title='bbox 995 326 1073 353; x_wconf 89' lang='lat' dir='ltr'>non</span> <span class='ocrx_word' id='word_1_7' title='bbox 1097 315 1288 354; x_wconf 84' lang='lat' dir='ltr'>recedam.</span> <span class='ocrx_word' id='word_1_8' title='bbox 1326 313 1480 354; x_wconf 85' lang='lat' dir='ltr'>Solebat</span> <span class='ocrx_word' id='word_1_9' title='bbox 1500 313 1624 368; x_wconf 85' lang='lat' dir='ltr'>igitur</span> <span class='ocrx_word' id='word_1_10' title='bbox 1639 315 1840 368; x_wconf 78' lang='lat' dir='ltr'><strong>Aquilius,</strong></span> 
     </span>
     <span class='ocr_line' id='line_1_3' title="bbox 427 379 1843 435; baseline 0 -14"><span class='ocrx_word' id='word_1_11' title='bbox 427 382 576 435; x_wconf 82' lang='lat' dir='ltr'>collega</span> <span class='ocrx_word' id='word_1_12' title='bbox 595 389 633 419; x_wconf 93' lang='lat' dir='ltr'>et</span> <span class='ocrx_word' id='word_1_13' title='bbox 652 379 853 419; x_wconf 86' lang='lat' dir='ltr'>familiaris</span> <span class='ocrx_word' id='word_1_14' title='bbox 874 394 997 426; x_wconf 82' lang='lat' dir='ltr'>meus,</span> <span class='ocrx_word' id='word_1_15' title='bbox 1012 395 1104 420; x_wconf 89' lang='lat' dir='ltr'>cum</span> <span class='ocrx_word' id='word_1_16' title='bbox 1118 382 1164 420; x_wconf 93' lang='lat' dir='ltr'>de</span> <span class='ocrx_word' id='word_1_17' title='bbox 1183 381 1380 420; x_wconf 83' lang='lat' dir='ltr'>littoribus</span> <span class='ocrx_word' id='word_1_18' title='bbox 1401 391 1588 435; x_wconf 84' lang='lat' dir='ltr'>ageretur,</span> <span class='ocrx_word' id='word_1_19' title='bbox 1606 396 1692 435; x_wconf 89' lang='lat' dir='ltr'>quae</span> <span class='ocrx_word' id='word_1_20' title='bbox 1711 383 1843 421; x_wconf 87' lang='lat' dir='ltr'>omnia</span> 
     </span>
     <span class='ocr_line' id='line_1_4' title="bbox 428 446 1843 502; baseline 0 -16"><span class='ocrx_word' id='word_1_21' title='bbox 428 448 585 502; x_wconf 86' lang='lat' dir='ltr'>publica</span> <span class='ocrx_word' id='word_1_22' title='bbox 601 446 673 486; x_wconf 86' lang='lat' dir='ltr'>effe</span> <span class='ocrx_word' id='word_1_23' title='bbox 692 446 825 492; x_wconf 88' lang='lat' dir='ltr'>vultis,</span> <span class='ocrx_word' id='word_1_24' title='bbox 859 447 1117 499; x_wconf 85' lang='lat' dir='ltr'>quaerentibus</span> <span class='ocrx_word' id='word_1_25' title='bbox 1138 448 1199 493; x_wconf 84' lang='lat' dir='ltr'>iis,</span> <span class='ocrx_word' id='word_1_26' title='bbox 1231 448 1277 485; x_wconf 87' lang='lat' dir='ltr'>ad</span> <span class='ocrx_word' id='word_1_27' title='bbox 1297 462 1394 500; x_wconf 88' lang='lat' dir='ltr'>quos</span> <span class='ocrx_word' id='word_1_28' title='bbox 1417 448 1456 486; x_wconf 90' lang='lat' dir='ltr'>id</span> <span class='ocrx_word' id='word_1_29' title='bbox 1482 448 1711 500; x_wconf 85' lang='lat' dir='ltr'>pertinebat,</span> <span class='ocrx_word' id='word_1_30' title='bbox 1743 448 1843 501; x_wconf 89' lang='lat' dir='ltr'>quid</span> 
     </span>
     <span class='ocr_line' id='line_1_5' title="bbox 428 512 1867 567; baseline -0.001 -15"><span class='ocrx_word' id='word_1_31' title='bbox 428 513 517 552; x_wconf 83' lang='lat' dir='ltr'>effet</span> <span class='ocrx_word' id='word_1_32' title='bbox 536 513 654 558; x_wconf 77' lang='lat' dir='ltr'>littus,</span> <span class='ocrx_word' id='word_1_33' title='bbox 686 513 739 552; x_wconf 86' lang='lat' dir='ltr'>ita</span> <span class='ocrx_word' id='word_1_34' title='bbox 764 512 937 558; x_wconf 86' lang='lat' dir='ltr'>definire,</span> <span class='ocrx_word' id='word_1_35' title='bbox 969 527 1039 566; x_wconf 79' lang='lat' dir='ltr'>qua</span> <span class='ocrx_word' id='word_1_36' title='bbox 1056 513 1197 567; x_wconf 69' lang='lat' dir='ltr'>fluc‘i‘us</span> <span class='ocrx_word' id='word_1_37' title='bbox 1226 513 1408 558; x_wconf 82' lang='lat' dir='ltr'>eluderet3</span> <span class='ocrx_word' id='word_1_38' title='bbox 1441 512 1516 552; x_wconf 92' lang='lat' dir='ltr'>hoc</span> <span class='ocrx_word' id='word_1_39' title='bbox 1541 514 1609 559; x_wconf 87' lang='lat' dir='ltr'>est,</span> <span class='ocrx_word' id='word_1_40' title='bbox 1640 514 1743 566; x_wconf 80' lang='lat' dir='ltr'>quasi</span> <span class='ocrx_word' id='word_1_41' title='bbox 1770 514 1842 566; x_wconf 87' lang='lat' dir='ltr'>qui</span> <span class='ocrx_word' id='word_1_42' title='bbox 1864 560 1867 561; x_wconf 19' lang='lat'><em>⁷</em></span> 
     </span>
     <span class='ocr_line' id='line_1_6' title="bbox 428 580 1841 625; baseline -0.001 -6"><span class='ocrx_word' id='word_1_43' title='bbox 428 580 738 625; x_wconf 83' lang='lat' dir='ltr'>adolescentiam,</span> <span class='ocrx_word' id='word_1_44' title='bbox 774 580 911 618; x_wconf 87' lang='lat' dir='ltr'>florem</span> <span class='ocrx_word' id='word_1_45' title='bbox 945 580 1064 618; x_wconf 79' lang='lat' dir='ltr'>aetatis</span> <span class='ocrx_word' id='word_1_46' title='bbox 1081 598 1093 625; x_wconf 86' lang='lat'>;</span> <span class='ocrx_word' id='word_1_47' title='bbox 1136 580 1388 624; x_wconf 58' lang='lat' dir='ltr'>senectutem,</span> <span class='ocrx_word' id='word_1_48' title='bbox 1417 580 1597 618; x_wconf 87' lang='lat' dir='ltr'>occasum</span> <span class='ocrx_word' id='word_1_49' title='bbox 1616 582 1717 624; x_wconf 77' lang='lat' dir='ltr'>vitae,</span> <span class='ocrx_word' id='word_1_50' title='bbox 1748 581 1841 618; x_wconf 87' lang='lat' dir='ltr'>velit</span> 
     </span>
    </p>

    <p class='ocr_par' dir='ltr' id='par_1_3' title="bbox 428 646 1843 699">
     <span class='ocr_line' id='line_1_7' title="bbox 428 646 1843 699; baseline -0.001 -13"><span class='ocrx_word' id='word_1_51' title='bbox 428 647 601 686; x_wconf 86' lang='lat' dir='ltr'>definire.</span> <span class='ocrx_word' id='word_1_52' title='bbox 661 646 925 685; x_wconf 82' lang='lat' dir='ltr'>Transsatione</span> <span class='ocrx_word' id='word_1_53' title='bbox 945 654 1057 683; x_wconf 86' lang='lat' dir='ltr'>utens</span> <span class='ocrx_word' id='word_1_54' title='bbox 1077 646 1292 684; x_wconf 78' lang='lat' dir='ltr'>discedebat</span> <span class='ocrx_word' id='word_1_55' title='bbox 1311 660 1332 684; x_wconf 91' lang='lat' dir='ltr'>a</span> <span class='ocrx_word' id='word_1_56' title='bbox 1350 646 1476 684; x_wconf 88' lang='lat' dir='ltr'>verbis</span> <span class='ocrx_word' id='word_1_57' title='bbox 1502 647 1667 699; x_wconf 82' lang='lat' dir='ltr'>propriis</span> <span class='ocrx_word' id='word_1_58' title='bbox 1693 659 1843 691; x_wconf 78' lang='lat' dir='ltr'>rerum,</span> 
     </span>
    </p>

    <p class='ocr_par' dir='ltr' id='par_1_4' title="bbox 429 710 1840 765">
     <span class='ocr_line' id='line_1_8' title="bbox 429 710 1840 765; baseline -0.001 -13"><span class='ocrx_word' id='word_1_59' title='bbox 429 727 472 752; x_wconf 84' lang='lat' dir='ltr'>ac</span> <span class='ocrx_word' id='word_1_60' title='bbox 492 713 581 752; x_wconf 86' lang='lat' dir='ltr'>suis.</span> <span class='ocrx_word' id='word_1_61' title='bbox 614 712 735 765; x_wconf 86' lang='lat' dir='ltr'>Qod</span> <span class='ocrx_word' id='word_1_62' title='bbox 755 711 802 750; x_wconf 87' lang='lat' dir='ltr'>ad</span> <span class='ocrx_word' id='word_1_63' title='bbox 822 710 1067 750; x_wconf 86' lang='lat' dir='ltr'>definitiones</span> <span class='ocrx_word' id='word_1_64' title='bbox 1087 712 1239 757; x_wconf 83' lang='lat' dir='ltr'>attinet,</span> <span class='ocrx_word' id='word_1_65' title='bbox 1261 711 1463 750; x_wconf 65' lang='lat' dir='ltr'>haetenus.</span> <span class='ocrx_word' id='word_1_66' title='bbox 1520 712 1690 765; x_wconf 81' lang='lat' dir='ltr'>Reliqua</span> <span class='ocrx_word' id='word_1_67' title='bbox 1709 712 1840 750; x_wconf 83' lang='lat' dir='ltr'>videa-</span> 
     </span>
    </p>

    <p class='ocr_par' dir='ltr' id='par_1_5' title="bbox 427 794 530 819">
     <span class='ocr_line' id='line_1_9' title="bbox 427 794 530 819; baseline -0.01 0"><span class='ocrx_word' id='word_1_68' title='bbox 427 794 530 819; x_wconf 81' lang='lat' dir='ltr'>mus.</span> 
     </span>
    </p>

    <p class='ocr_par' dir='ltr' id='par_1_6' title="bbox 423 845 1861 1296">
     <span class='ocr_line' id='line_1_10' title="bbox 483 845 1839 899; baseline -0.001 -14"><span class='ocrx_word' id='word_1_69' title='bbox 483 846 597 885; x_wconf 88' lang='lat' dir='ltr'><strong>VIII.</strong></span> <span class='ocrx_word' id='word_1_70' title='bbox 630 845 843 885; x_wconf 87' lang='lat' dir='ltr'>Partitione</span> <span class='ocrx_word' id='word_1_71' title='bbox 863 854 992 884; x_wconf 88' lang='lat' dir='ltr'>autem</span> <span class='ocrx_word' id='word_1_72' title='bbox 1013 845 1063 884; x_wconf 90' lang='lat' dir='ltr'>fic</span> <span class='ocrx_word' id='word_1_73' title='bbox 1084 846 1277 884; x_wconf 90' lang='lat' dir='ltr'>utendum</span> <span class='ocrx_word' id='word_1_74' title='bbox 1294 845 1360 891; x_wconf 86' lang='lat' dir='ltr'>est,</span> <span class='ocrx_word' id='word_1_75' title='bbox 1380 845 1528 884; x_wconf 86' lang='lat' dir='ltr'>nullam</span> <span class='ocrx_word' id='word_1_76' title='bbox 1549 853 1593 884; x_wconf 92' lang='lat' dir='ltr'>ut</span> <span class='ocrx_word' id='word_1_77' title='bbox 1607 854 1756 899; x_wconf 85' lang='lat' dir='ltr'>partem</span> <span class='ocrx_word' id='word_1_78' title='bbox 1777 858 1839 883; x_wconf 86' lang='lat' dir='ltr'>re-</span> 
     </span>
     <span class='ocr_line' id='line_1_11' title="bbox 426 911 1840 966; baseline -0.002 -14"><span class='ocrx_word' id='word_1_79' title='bbox 426 912 604 966; x_wconf 86' lang='lat' dir='ltr'>linquas:</span> <span class='ocrx_word' id='word_1_80' title='bbox 647 922 692 951; x_wconf 92' lang='lat' dir='ltr'>ut</span> <span class='ocrx_word' id='word_1_81' title='bbox 725 913 752 950; x_wconf 87' lang='lat' dir='ltr'><strong>fi</strong></span> <span class='ocrx_word' id='word_1_82' title='bbox 782 913 915 966; x_wconf 89' lang='lat' dir='ltr'>partiri</span> <span class='ocrx_word' id='word_1_83' title='bbox 948 912 1042 950; x_wconf 90' lang='lat' dir='ltr'>velis</span> <span class='ocrx_word' id='word_1_84' title='bbox 1077 912 1230 957; x_wconf 85' lang='lat' dir='ltr'>tutelas,</span> <span class='ocrx_word' id='word_1_85' title='bbox 1262 912 1466 951; x_wconf 87' lang='lat' dir='ltr'>inscienter</span> <span class='ocrx_word' id='word_1_86' title='bbox 1495 911 1626 957; x_wconf 81' lang='lat' dir='ltr'>facias,</span> <span class='ocrx_word' id='word_1_87' title='bbox 1656 912 1684 951; x_wconf 90' lang='lat' dir='ltr'>fi</span> <span class='ocrx_word' id='word_1_88' title='bbox 1716 912 1840 950; x_wconf 88' lang='lat' dir='ltr'>ullam</span> 
     </span>
     <span class='ocr_line' id='line_1_12' title="bbox 426 977 1838 1033; baseline -0.001 -15"><span class='ocrx_word' id='word_1_89' title='bbox 426 980 709 1033; x_wconf 64' lang='lat' dir='ltr'>praetermittas.</span> <span class='ocrx_word' id='word_1_90' title='bbox 741 980 797 1017; x_wconf 88' lang='lat' dir='ltr'>At</span> <span class='ocrx_word' id='word_1_91' title='bbox 816 979 843 1017; x_wconf 88' lang='lat' dir='ltr'><strong>fi</strong></span> <span class='ocrx_word' id='word_1_92' title='bbox 864 978 1171 1031; x_wconf 85' lang='lat' dir='ltr'>stipulationum,</span> <span class='ocrx_word' id='word_1_93' title='bbox 1201 987 1267 1017; x_wconf 91' lang='lat' dir='ltr'>aut</span> <span class='ocrx_word' id='word_1_94' title='bbox 1280 978 1521 1030; x_wconf 85' lang='lat' dir='ltr'>judiciorum</span> <span class='ocrx_word' id='word_1_95' title='bbox 1541 977 1728 1017; x_wconf 90' lang='lat' dir='ltr'>formulas</span> <span class='ocrx_word' id='word_1_96' title='bbox 1748 992 1838 1032; x_wconf 89' lang='lat' dir='ltr'>par-</span> 
     </span>
     <span class='ocr_line' id='line_1_13' title="bbox 426 1043 1861 1097; baseline -0.001 -13"><span class='ocrx_word' id='word_1_97' title='bbox 426 1045 533 1091; x_wconf 81' lang='lat' dir='ltr'>tiare,</span> <span class='ocrx_word' id='word_1_98' title='bbox 555 1059 635 1084; x_wconf 91' lang='lat' dir='ltr'>non</span> <span class='ocrx_word' id='word_1_99' title='bbox 654 1044 707 1083; x_wconf 90' lang='lat' dir='ltr'>est</span> <span class='ocrx_word' id='word_1_100' title='bbox 725 1044 908 1083; x_wconf 89' lang='lat' dir='ltr'>vitiosum</span> <span class='ocrx_word' id='word_1_101' title='bbox 929 1044 969 1082; x_wconf 89' lang='lat' dir='ltr'>in</span> <span class='ocrx_word' id='word_1_102' title='bbox 989 1057 1028 1082; x_wconf 89' lang='lat' dir='ltr'>re</span> <span class='ocrx_word' id='word_1_103' title='bbox 1048 1044 1201 1083; x_wconf 85' lang='lat' dir='ltr'>infinita</span> <span class='ocrx_word' id='word_1_104' title='bbox 1220 1045 1511 1097; x_wconf 80' lang='lat' dir='ltr'>praetermittere</span> <span class='ocrx_word' id='word_1_105' title='bbox 1529 1044 1690 1097; x_wconf 84' lang='lat' dir='ltr'>aliquid.</span> <span class='ocrx_word' id='word_1_106' title='bbox 1718 1043 1841 1097; x_wconf 85' lang='lat' dir='ltr'>Qod</span> <span class='ocrx_word' id='word_1_107' title='bbox 1858 1045 1861 1049; x_wconf 74' lang='grc'><strong>’</strong></span> 
     </span>
     <span class='ocr_line' id='line_1_14' title="bbox 425 1111 1838 1151; baseline -0.001 -1"><span class='ocrx_word' id='word_1_108' title='bbox 425 1111 532 1151; x_wconf 87' lang='lat' dir='ltr'>idem</span> <span class='ocrx_word' id='word_1_109' title='bbox 551 1112 592 1151; x_wconf 91' lang='lat' dir='ltr'>in</span> <span class='ocrx_word' id='word_1_110' title='bbox 613 1111 797 1151; x_wconf 89' lang='lat' dir='ltr'>divifione</span> <span class='ocrx_word' id='word_1_111' title='bbox 825 1111 1009 1149; x_wconf 89' lang='lat' dir='ltr'>vitiosum</span> <span class='ocrx_word' id='word_1_112' title='bbox 1029 1111 1095 1150; x_wconf 92' lang='lat' dir='ltr'>est.</span> <span class='ocrx_word' id='word_1_113' title='bbox 1147 1112 1380 1150; x_wconf 88' lang='lat' dir='ltr'>Formarum</span> <span class='ocrx_word' id='word_1_114' title='bbox 1399 1112 1506 1149; x_wconf 90' lang='lat' dir='ltr'>enim</span> <span class='ocrx_word' id='word_1_115' title='bbox 1531 1121 1658 1150; x_wconf 90' lang='lat' dir='ltr'>certus</span> <span class='ocrx_word' id='word_1_116' title='bbox 1688 1111 1741 1148; x_wconf 90' lang='lat' dir='ltr'>est</span> <span class='ocrx_word' id='word_1_117' title='bbox 1761 1125 1838 1149; x_wconf 89' lang='lat' dir='ltr'>nu-</span> 
     </span>
     <span class='ocr_line' id='line_1_15' title="bbox 426 1177 1838 1231; baseline -0.001 -14"><span class='ocrx_word' id='word_1_118' title='bbox 426 1191 570 1224; x_wconf 88' lang='lat' dir='ltr'>merus,</span> <span class='ocrx_word' id='word_1_119' title='bbox 591 1192 677 1231; x_wconf 85' lang='lat' dir='ltr'>quae</span> <span class='ocrx_word' id='word_1_120' title='bbox 697 1177 839 1230; x_wconf 89' lang='lat' dir='ltr'>cuique</span> <span class='ocrx_word' id='word_1_121' title='bbox 858 1177 989 1230; x_wconf 82' lang='lat' dir='ltr'>generi</span> <span class='ocrx_word' id='word_1_122' title='bbox 1009 1177 1274 1229; x_wconf 86' lang='lat' dir='ltr'>subjiciantur.</span> <span class='ocrx_word' id='word_1_123' title='bbox 1307 1177 1483 1216; x_wconf 86' lang='lat' dir='ltr'>Partium</span> <span class='ocrx_word' id='word_1_124' title='bbox 1504 1177 1723 1216; x_wconf 87' lang='lat' dir='ltr'>distributio</span> <span class='ocrx_word' id='word_1_125' title='bbox 1742 1177 1838 1231; x_wconf 86' lang='lat' dir='ltr'>saepe</span> 
     </span>
     <span class='ocr_line' id='line_1_16' title="bbox 423 1243 1475 1296; baseline -0.001 -13"><span class='ocrx_word' id='word_1_126' title='bbox 423 1244 477 1283; x_wconf 85' lang='lat' dir='ltr'>est</span> <span class='ocrx_word' id='word_1_127' title='bbox 495 1244 698 1289; x_wconf 89' lang='lat' dir='ltr'>infinitior,</span> <span class='ocrx_word' id='word_1_128' title='bbox 720 1252 905 1296; x_wconf 87' lang='lat' dir='ltr'>tanquam</span> <span class='ocrx_word' id='word_1_129' title='bbox 924 1244 1097 1282; x_wconf 87' lang='lat' dir='ltr'>rivorum</span> <span class='ocrx_word' id='word_1_130' title='bbox 1115 1257 1137 1282; x_wconf 89' lang='lat' dir='ltr'>a</span> <span class='ocrx_word' id='word_1_131' title='bbox 1153 1243 1262 1282; x_wconf 90' lang='lat' dir='ltr'>fonte</span> <span class='ocrx_word' id='word_1_132' title='bbox 1280 1243 1475 1282; x_wconf 60' lang='lat' dir='ltr'>deductio.</span> 
     </span>
    </p>

    <p class='ocr_par' dir='ltr' id='par_1_7' title="bbox 420 1309 1838 1762">
     <span class='ocr_line' id='line_1_17' title="bbox 478 1309 1837 1364; baseline 0 -15"><span class='ocrx_word' id='word_1_133' title='bbox 478 1311 617 1363; x_wconf 90' lang='lat' dir='ltr'>Itaque</span> <span class='ocrx_word' id='word_1_134' title='bbox 644 1310 686 1349; x_wconf 88' lang='lat' dir='ltr'>in</span> <span class='ocrx_word' id='word_1_135' title='bbox 708 1310 884 1348; x_wconf 88' lang='lat' dir='ltr'>oratoriis</span> <span class='ocrx_word' id='word_1_136' title='bbox 904 1309 1065 1355; x_wconf 86' lang='lat' dir='ltr'>artibus,</span> <span class='ocrx_word' id='word_1_137' title='bbox 1096 1310 1314 1363; x_wconf 85' lang='lat' dir='ltr'>quaestionis</span> <span class='ocrx_word' id='word_1_138' title='bbox 1335 1323 1473 1364; x_wconf 84' lang='lat' dir='ltr'>genere</span> <span class='ocrx_word' id='word_1_139' title='bbox 1499 1309 1708 1363; x_wconf 90' lang='lat' dir='ltr'>propofito‚</span> <span class='ocrx_word' id='word_1_140' title='bbox 1739 1318 1837 1363; x_wconf 91' lang='lat' dir='ltr'>quot</span> 
     </span>
     <span class='ocr_line' id='line_1_18' title="bbox 423 1372 1838 1430; baseline 0.001 -15"><span class='ocrx_word' id='word_1_141' title='bbox 423 1378 506 1430; x_wconf 84' lang='lat' dir='ltr'>ejus</span> <span class='ocrx_word' id='word_1_142' title='bbox 536 1376 673 1417; x_wconf 87' lang='lat' dir='ltr'>formae</span> <span class='ocrx_word' id='word_1_143' title='bbox 693 1377 780 1422; x_wconf 90' lang='lat' dir='ltr'>fint,</span> <span class='ocrx_word' id='word_1_144' title='bbox 813 1377 1062 1430; x_wconf 86' lang='lat' dir='ltr'>subjungitur</span> <span class='ocrx_word' id='word_1_145' title='bbox 1095 1378 1280 1417; x_wconf 88' lang='lat' dir='ltr'>absolute.</span> <span class='ocrx_word' id='word_1_146' title='bbox 1339 1372 1508 1416; x_wconf 49' lang='lat' dir='ltr'>At&#39;cum</span> <span class='ocrx_word' id='word_1_147' title='bbox 1533 1377 1580 1416; x_wconf 89' lang='lat' dir='ltr'>de</span> <span class='ocrx_word' id='word_1_148' title='bbox 1598 1377 1838 1416; x_wconf 84' lang='lat' dir='ltr'>ornamentis</span> 
     </span>
     <span class='ocr_line' id='line_1_19' title="bbox 424 1440 1834 1498; baseline 0.002 -16"><span class='ocrx_word' id='word_1_149' title='bbox 424 1443 644 1489; x_wconf 88' lang='lat' dir='ltr'>verborum,</span> <span class='ocrx_word' id='word_1_150' title='bbox 677 1443 1032 1497; x_wconf 87' lang='lat' dir='ltr'>sententiarumque</span> <span class='ocrx_word' id='word_1_151' title='bbox 1050 1445 1286 1498; x_wconf 81' lang='lat' dir='ltr'>praecipitur,</span> <span class='ocrx_word' id='word_1_152' title='bbox 1317 1458 1403 1497; x_wconf 87' lang='lat' dir='ltr'>quae</span> <span class='ocrx_word' id='word_1_153' title='bbox 1433 1453 1619 1483; x_wconf 88' lang='lat' dir='ltr'>vocantur</span> <span class='ocrx_word' id='word_1_154' title='bbox 1649 1440 1834 1492; x_wconf 60' lang='grc' dir='ltr'>σχήματα,</span> 
     </span>
     <span class='ocr_line' id='line_1_20' title="bbox 422 1510 1833 1564; baseline 0 -16"><span class='ocrx_word' id='word_1_155' title='bbox 422 1523 501 1549; x_wconf 87' lang='lat' dir='ltr'>non</span> <span class='ocrx_word' id='word_1_156' title='bbox 521 1510 567 1550; x_wconf 89' lang='lat' dir='ltr'>fit</span> <span class='ocrx_word' id='word_1_157' title='bbox 586 1510 706 1549; x_wconf 89' lang='lat' dir='ltr'>idem.</span> <span class='ocrx_word' id='word_1_158' title='bbox 749 1511 829 1549; x_wconf 92' lang='lat' dir='ltr'>Res</span> <span class='ocrx_word' id='word_1_159' title='bbox 847 1511 954 1549; x_wconf 88' lang='lat' dir='ltr'>enim</span> <span class='ocrx_word' id='word_1_160' title='bbox 973 1511 1026 1549; x_wconf 90' lang='lat' dir='ltr'>est</span> <span class='ocrx_word' id='word_1_161' title='bbox 1046 1511 1251 1557; x_wconf 88' lang='lat' dir='ltr'>infinitior,</span> <span class='ocrx_word' id='word_1_162' title='bbox 1282 1520 1326 1550; x_wconf 90' lang='lat' dir='ltr'>ut</span> <span class='ocrx_word' id='word_1_163' title='bbox 1345 1525 1392 1550; x_wconf 81' lang='lat' dir='ltr'>ex</span> <span class='ocrx_word' id='word_1_164' title='bbox 1412 1510 1488 1550; x_wconf 89' lang='lat' dir='ltr'>hoc</span> <span class='ocrx_word' id='word_1_165' title='bbox 1508 1525 1664 1564; x_wconf 91' lang='lat' dir='ltr'>quoque</span> <span class='ocrx_word' id='word_1_166' title='bbox 1684 1511 1833 1549; x_wconf 88' lang='lat' dir='ltr'>intelli-</span> 
     </span>
     <span class='ocr_line' id='line_1_21' title="bbox 420 1576 1831 1629; baseline 0 -15"><span class='ocrx_word' id='word_1_167' title='bbox 420 1585 548 1629; x_wconf 76' lang='lat' dir='ltr'>gatus,</span> <span class='ocrx_word' id='word_1_168' title='bbox 581 1577 687 1629; x_wconf 93' lang='lat' dir='ltr'>quod</span> <span class='ocrx_word' id='word_1_169' title='bbox 706 1577 871 1615; x_wconf 86' lang='lat' dir='ltr'>velimus</span> <span class='ocrx_word' id='word_1_170' title='bbox 902 1577 1002 1614; x_wconf 88' lang='lat' dir='ltr'>inter</span> <span class='ocrx_word' id='word_1_171' title='bbox 1021 1577 1286 1629; x_wconf 88' lang='lat' dir='ltr'>partitionem,</span> <span class='ocrx_word' id='word_1_172' title='bbox 1320 1586 1360 1615; x_wconf 87' lang='lat' dir='ltr'>et</span> <span class='ocrx_word' id='word_1_173' title='bbox 1390 1578 1616 1615; x_wconf 78' lang='lat' dir='ltr'>divisionem</span> <span class='ocrx_word' id='word_1_174' title='bbox 1642 1576 1831 1615; x_wconf 77' lang='lat' dir='ltr'>interesse.</span> 
     </span>
     <span class='ocr_line' id='line_1_22' title="bbox 422 1643 1832 1696; baseline 0.001 -16"><span class='ocrx_word' id='word_1_175' title='bbox 422 1644 660 1696; x_wconf 82' lang='lat' dir='ltr'>Qanquam</span> <span class='ocrx_word' id='word_1_176' title='bbox 691 1643 798 1680; x_wconf 91' lang='lat' dir='ltr'>enim</span> <span class='ocrx_word' id='word_1_177' title='bbox 817 1643 1005 1681; x_wconf 88' lang='lat' dir='ltr'>vocabula</span> <span class='ocrx_word' id='word_1_178' title='bbox 1024 1656 1143 1696; x_wconf 89' lang='lat' dir='ltr'>prope</span> <span class='ocrx_word' id='word_1_179' title='bbox 1170 1643 1275 1682; x_wconf 89' lang='lat' dir='ltr'>idem</span> <span class='ocrx_word' id='word_1_180' title='bbox 1300 1643 1422 1682; x_wconf 86' lang='lat' dir='ltr'>valere</span> <span class='ocrx_word' id='word_1_181' title='bbox 1441 1644 1642 1682; x_wconf 87' lang='lat' dir='ltr'>videantur</span> <span class='ocrx_word' id='word_1_182' title='bbox 1656 1661 1668 1689; x_wconf 69' lang='grc' dir='ltr'><strong><em>ς</em></strong></span> <span class='ocrx_word' id='word_1_183' title='bbox 1701 1652 1832 1682; x_wconf 87' lang='lat' dir='ltr'>tamen</span> 
     </span>
     <span class='ocr_line' id='line_1_23' title="bbox 422 1708 1586 1762; baseline 0.001 -15"><span class='ocrx_word' id='word_1_184' title='bbox 422 1710 514 1762; x_wconf 90' lang='lat' dir='ltr'>quia</span> <span class='ocrx_word' id='word_1_185' title='bbox 533 1723 590 1747; x_wconf 86' lang='lat' dir='ltr'>res</span> <span class='ocrx_word' id='word_1_186' title='bbox 607 1708 850 1754; x_wconf 83' lang='lat' dir='ltr'>differebant,</span> <span class='ocrx_word' id='word_1_187' title='bbox 881 1709 1041 1747; x_wconf 85' lang='lat' dir='ltr'>nomina</span> <span class='ocrx_word' id='word_1_188' title='bbox 1061 1723 1189 1748; x_wconf 92' lang='lat' dir='ltr'>rerum</span> <span class='ocrx_word' id='word_1_189' title='bbox 1210 1709 1345 1748; x_wconf 87' lang='lat' dir='ltr'>distare</span> <span class='ocrx_word' id='word_1_190' title='bbox 1365 1710 1586 1749; x_wconf 83' lang='lat' dir='ltr'>voluerunt.</span> 
     </span>
    </p>

    <p class='ocr_par' dir='ltr' id='par_1_8' title="bbox 418 1774 1832 2227">
     <span class='ocr_line' id='line_1_24' title="bbox 480 1774 1832 1821; baseline 0.001 -9"><span class='ocrx_word' id='word_1_191' title='bbox 480 1775 616 1813; x_wconf 89' lang='lat' dir='ltr'>Multa</span> <span class='ocrx_word' id='word_1_192' title='bbox 643 1775 762 1813; x_wconf 87' lang='lat' dir='ltr'>etiam</span> <span class='ocrx_word' id='word_1_193' title='bbox 787 1787 835 1812; x_wconf 84' lang='lat' dir='ltr'>ex</span> <span class='ocrx_word' id='word_1_194' title='bbox 855 1775 1052 1813; x_wconf 88' lang='lat' dir='ltr'>notatione</span> <span class='ocrx_word' id='word_1_195' title='bbox 1072 1774 1290 1814; x_wconf 86' lang='lat' dir='ltr'>sumuntur.</span> <span class='ocrx_word' id='word_1_196' title='bbox 1349 1776 1407 1813; x_wconf 90' lang='lat' dir='ltr'>Ea</span> <span class='ocrx_word' id='word_1_197' title='bbox 1427 1776 1480 1814; x_wconf 87' lang='lat' dir='ltr'>est</span> <span class='ocrx_word' id='word_1_198' title='bbox 1499 1786 1643 1821; x_wconf 88' lang='lat' dir='ltr'>autem,</span> <span class='ocrx_word' id='word_1_199' title='bbox 1673 1789 1767 1814; x_wconf 86' lang='lat' dir='ltr'>cum</span> <span class='ocrx_word' id='word_1_200' title='bbox 1783 1789 1832 1815; x_wconf 79' lang='lat' dir='ltr'>ex</span> 
     </span>
     <span class='ocr_line' id='line_1_25' title="bbox 419 1839 1831 1894; baseline -0.001 -16"><span class='ocrx_word' id='word_1_201' title='bbox 419 1840 458 1878; x_wconf 87' lang='lat' dir='ltr'>vi</span> <span class='ocrx_word' id='word_1_202' title='bbox 479 1841 649 1879; x_wconf 86' lang='lat' dir='ltr'>nominis</span> <span class='ocrx_word' id='word_1_203' title='bbox 680 1850 956 1894; x_wconf 84' lang='lat' dir='ltr'>argumentum</span> <span class='ocrx_word' id='word_1_204' title='bbox 984 1841 1139 1879; x_wconf 86' lang='lat' dir='ltr'>elicitur</span> <span class='ocrx_word' id='word_1_205' title='bbox 1154 1860 1166 1887; x_wconf 86' lang='lat'>;</span> <span class='ocrx_word' id='word_1_206' title='bbox 1200 1855 1318 1894; x_wconf 84' lang='lat' dir='ltr'>quam</span> <span class='ocrx_word' id='word_1_207' title='bbox 1351 1843 1480 1881; x_wconf 80' lang='lat' dir='ltr'>Graeci</span> <span class='ocrx_word' id='word_1_208' title='bbox 1517 1839 1732 1891; x_wconf 71' lang='grc' dir='ltr'>ἐπμολογίοιν</span> <span class='ocrx_word' id='word_1_209' title='bbox 1759 1857 1831 1881; x_wconf 84' lang='lat' dir='ltr'>vo-</span> 
     </span>
     <span class='ocr_line' id='line_1_26' title="bbox 419 1906 1831 1961; baseline 0.001 -16"><span class='ocrx_word' id='word_1_210' title='bbox 419 1915 521 1952; x_wconf 91' lang='lat' dir='ltr'>cant,</span> <span class='ocrx_word' id='word_1_211' title='bbox 552 1907 592 1946; x_wconf 86' lang='lat' dir='ltr'>id</span> <span class='ocrx_word' id='word_1_212' title='bbox 612 1906 678 1953; x_wconf 88' lang='lat' dir='ltr'>est,</span> <span class='ocrx_word' id='word_1_213' title='bbox 711 1907 876 1946; x_wconf 91' lang='lat' dir='ltr'>verbum</span> <span class='ocrx_word' id='word_1_214' title='bbox 902 1921 949 1946; x_wconf 85' lang='lat' dir='ltr'>ex</span> <span class='ocrx_word' id='word_1_215' title='bbox 980 1908 1112 1953; x_wconf 87' lang='lat' dir='ltr'>verbo,</span> <span class='ocrx_word' id='word_1_216' title='bbox 1144 1909 1420 1961; x_wconf 87' lang='lat' dir='ltr'>veriloquium.</span> <span class='ocrx_word' id='word_1_217' title='bbox 1480 1909 1568 1948; x_wconf 89' lang='lat' dir='ltr'>Nos</span> <span class='ocrx_word' id='word_1_218' title='bbox 1588 1918 1734 1954; x_wconf 85' lang='lat' dir='ltr'>autem,</span> <span class='ocrx_word' id='word_1_219' title='bbox 1756 1923 1831 1947; x_wconf 89' lang='lat' dir='ltr'>no-</span> 
     </span>
     <span class='ocr_line' id='line_1_27' title="bbox 418 1974 1829 2029; baseline 0.002 -18"><span class='ocrx_word' id='word_1_220' title='bbox 418 1974 578 2012; x_wconf 85' lang='lat' dir='ltr'>vitatem</span> <span class='ocrx_word' id='word_1_221' title='bbox 609 1974 716 2012; x_wconf 90' lang='lat' dir='ltr'>verbi</span> <span class='ocrx_word' id='word_1_222' title='bbox 750 1988 829 2013; x_wconf 88' lang='lat' dir='ltr'>non</span> <span class='ocrx_word' id='word_1_223' title='bbox 858 1974 944 2013; x_wconf 89' lang='lat' dir='ltr'>satis</span> <span class='ocrx_word' id='word_1_224' title='bbox 977 1976 1058 2028; x_wconf 90' lang='lat' dir='ltr'>apti</span> <span class='ocrx_word' id='word_1_225' title='bbox 1090 1974 1297 2029; x_wconf 87' lang='lat' dir='ltr'>fugientes,</span> <span class='ocrx_word' id='word_1_226' title='bbox 1328 1989 1447 2029; x_wconf 88' lang='lat' dir='ltr'>genus</span> <span class='ocrx_word' id='word_1_227' title='bbox 1482 1975 1557 2014; x_wconf 91' lang='lat' dir='ltr'>hoc</span> <span class='ocrx_word' id='word_1_228' title='bbox 1588 1976 1829 2014; x_wconf 86' lang='lat' dir='ltr'>notationem</span> 
     </span>
     <span class='ocr_line' id='line_1_28' title="bbox 418 2040 1827 2094; baseline 0.002 -16"><span class='ocrx_word' id='word_1_229' title='bbox 418 2040 670 2093; x_wconf 83' lang='lat' dir='ltr'>appellamus,</span> <span class='ocrx_word' id='word_1_230' title='bbox 708 2041 800 2094; x_wconf 89' lang='lat' dir='ltr'>quia</span> <span class='ocrx_word' id='word_1_231' title='bbox 833 2041 921 2080; x_wconf 86' lang='lat' dir='ltr'>sunt</span> <span class='ocrx_word' id='word_1_232' title='bbox 955 2043 1070 2080; x_wconf 88' lang='lat' dir='ltr'>verba</span> <span class='ocrx_word' id='word_1_233' title='bbox 1104 2056 1232 2081; x_wconf 87' lang='lat' dir='ltr'>rerum</span> <span class='ocrx_word' id='word_1_234' title='bbox 1267 2051 1381 2081; x_wconf 83' lang='lat' dir='ltr'>notae.</span> <span class='ocrx_word' id='word_1_235' title='bbox 1442 2043 1577 2094; x_wconf 87' lang='lat' dir='ltr'>Itaque</span> <span class='ocrx_word' id='word_1_236' title='bbox 1611 2040 1687 2079; x_wconf 90' lang='lat' dir='ltr'>hoc</span> <span class='ocrx_word' id='word_1_237' title='bbox 1721 2042 1827 2081; x_wconf 90' lang='lat' dir='ltr'>idem</span> 
     </span>
     <span class='ocr_line' id='line_1_29' title="bbox 418 2103 1828 2161; baseline 0.002 -17"><span class='ocrx_word' id='word_1_238' title='bbox 418 2107 640 2144; x_wconf 86' lang='lat' dir='ltr'>Aristoteles</span> <span class='ocrx_word' id='word_1_239' title='bbox 675 2103 839 2155; x_wconf 68' lang='grc' dir='ltr'>σύμςολσν</span> <span class='ocrx_word' id='word_1_240' title='bbox 872 2109 1052 2161; x_wconf 82' lang='lat' dir='ltr'>appellat,</span> <span class='ocrx_word' id='word_1_241' title='bbox 1083 2109 1189 2161; x_wconf 91' lang='lat' dir='ltr'>quod</span> <span class='ocrx_word' id='word_1_242' title='bbox 1222 2109 1360 2147; x_wconf 89' lang='lat' dir='ltr'>Latine</span> <span class='ocrx_word' id='word_1_243' title='bbox 1391 2108 1443 2146; x_wconf 91' lang='lat' dir='ltr'>est</span> <span class='ocrx_word' id='word_1_244' title='bbox 1463 2118 1566 2146; x_wconf 86' lang='lat' dir='ltr'>nota.</span> <span class='ocrx_word' id='word_1_245' title='bbox 1627 2108 1699 2146; x_wconf 82' lang='lat' dir='ltr'>Sed</span> <span class='ocrx_word' id='word_1_246' title='bbox 1734 2122 1828 2147; x_wconf 88' lang='lat' dir='ltr'>cum</span> 
     </span>
     <span class='ocr_line' id='line_1_30' title="bbox 419 2172 1806 2227; baseline 0.003 -17"><span class='ocrx_word' id='word_1_247' title='bbox 419 2172 664 2224; x_wconf 87' lang='lat' dir='ltr'>intelligitur,</span> <span class='ocrx_word' id='word_1_248' title='bbox 683 2173 779 2226; x_wconf 89' lang='lat' dir='ltr'>quid</span> <span class='ocrx_word' id='word_1_249' title='bbox 800 2174 1048 2227; x_wconf 87' lang='lat' dir='ltr'>fignificetur,</span> <span class='ocrx_word' id='word_1_250' title='bbox 1071 2176 1202 2213; x_wconf 89' lang='lat' dir='ltr'>minus</span> <span class='ocrx_word' id='word_1_251' title='bbox 1222 2175 1476 2214; x_wconf 89' lang='lat' dir='ltr'>laborandum</span> <span class='ocrx_word' id='word_1_252' title='bbox 1496 2175 1548 2213; x_wconf 91' lang='lat' dir='ltr'>est</span> <span class='ocrx_word' id='word_1_253' title='bbox 1564 2175 1610 2213; x_wconf 94' lang='lat' dir='ltr'>de</span> <span class='ocrx_word' id='word_1_254' title='bbox 1631 2175 1806 2214; x_wconf 91' lang='lat' dir='ltr'>nomine.</span> 
     </span>
    </p>

    <p class='ocr_par' dir='ltr' id='par_1_9' title="bbox 416 2239 1826 2564">
     <span class='ocr_line' id='line_1_31' title="bbox 472 2239 1824 2294; baseline 0.001 -16"><span class='ocrx_word' id='word_1_255' title='bbox 472 2239 606 2278; x_wconf 90' lang='lat' dir='ltr'>Multa</span> <span class='ocrx_word' id='word_1_256' title='bbox 635 2241 756 2293; x_wconf 82' lang='lat' dir='ltr'>igitur</span> <span class='ocrx_word' id='word_1_257' title='bbox 785 2240 826 2278; x_wconf 93' lang='lat' dir='ltr'>in</span> <span class='ocrx_word' id='word_1_258' title='bbox 870 2241 1100 2294; x_wconf 83' lang='lat' dir='ltr'>disputando</span> <span class='ocrx_word' id='word_1_259' title='bbox 1131 2243 1328 2280; x_wconf 85' lang='lat' dir='ltr'>notatione</span> <span class='ocrx_word' id='word_1_260' title='bbox 1361 2242 1571 2280; x_wconf 85' lang='lat' dir='ltr'>eliciuntur</span> <span class='ocrx_word' id='word_1_261' title='bbox 1604 2255 1652 2280; x_wconf 83' lang='lat' dir='ltr'>ex</span> <span class='ocrx_word' id='word_1_262' title='bbox 1692 2242 1824 2288; x_wconf 92' lang='lat' dir='ltr'>verbo,</span> 
     </span>
     <span class='ocr_line' id='line_1_32' title="bbox 417 2306 1826 2362; baseline 0.003 -18"><span class='ocrx_word' id='word_1_263' title='bbox 417 2316 460 2344; x_wconf 91' lang='lat' dir='ltr'>ut</span> <span class='ocrx_word' id='word_1_264' title='bbox 478 2336 489 2352; x_wconf 88' lang='lat'>,</span> <span class='ocrx_word' id='word_1_265' title='bbox 530 2319 624 2344; x_wconf 90' lang='lat' dir='ltr'>cum</span> <span class='ocrx_word' id='word_1_266' title='bbox 662 2306 860 2359; x_wconf 85' lang='lat' dir='ltr'>quaeritur,</span> <span class='ocrx_word' id='word_1_267' title='bbox 891 2308 1146 2362; x_wconf 80' lang='lat' dir='ltr'>Postliminium</span> <span class='ocrx_word' id='word_1_268' title='bbox 1175 2309 1272 2361; x_wconf 90' lang='lat' dir='ltr'>quid</span> <span class='ocrx_word' id='word_1_269' title='bbox 1303 2309 1361 2354; x_wconf 86' lang='lat' dir='ltr'>fit,</span> <span class='ocrx_word' id='word_1_270' title='bbox 1392 2323 1470 2348; x_wconf 89' lang='lat' dir='ltr'>non</span> <span class='ocrx_word' id='word_1_271' title='bbox 1501 2309 1604 2354; x_wconf 91' lang='lat' dir='ltr'>dico,</span> <span class='ocrx_word' id='word_1_272' title='bbox 1636 2323 1721 2361; x_wconf 87' lang='lat' dir='ltr'>quae</span> <span class='ocrx_word' id='word_1_273' title='bbox 1751 2309 1826 2349; x_wconf 86' lang='lat' dir='ltr'>fint</span> 
     </span>
     <span class='ocr_line' id='line_1_33' title="bbox 417 2373 1824 2430; baseline 0.003 -19"><span class='ocrx_word' id='word_1_274' title='bbox 417 2373 660 2426; x_wconf 88' lang='lat' dir='ltr'>postliminii.</span> <span class='ocrx_word' id='word_1_275' title='bbox 721 2374 828 2412; x_wconf 79' lang='lat' dir='ltr'>Nam</span> <span class='ocrx_word' id='word_1_276' title='bbox 849 2375 888 2413; x_wconf 92' lang='lat' dir='ltr'>id</span> <span class='ocrx_word' id='word_1_277' title='bbox 909 2375 1057 2414; x_wconf 84' lang='lat' dir='ltr'>caderet</span> <span class='ocrx_word' id='word_1_278' title='bbox 1077 2376 1117 2414; x_wconf 90' lang='lat' dir='ltr'>in</span> <span class='ocrx_word' id='word_1_279' title='bbox 1139 2376 1380 2422; x_wconf 84' lang='lat' dir='ltr'>divifionem,</span> <span class='ocrx_word' id='word_1_280' title='bbox 1405 2391 1490 2429; x_wconf 77' lang='lat' dir='ltr'>quae</span> <span class='ocrx_word' id='word_1_281' title='bbox 1511 2377 1596 2415; x_wconf 86' lang='lat' dir='ltr'>talis</span> <span class='ocrx_word' id='word_1_282' title='bbox 1616 2376 1669 2414; x_wconf 91' lang='lat' dir='ltr'>est</span> <span class='ocrx_word' id='word_1_283' title='bbox 1681 2395 1692 2422; x_wconf 69' lang='grc' dir='ltr'><strong><em>ς</em></strong></span> <span class='ocrx_word' id='word_1_284' title='bbox 1716 2376 1824 2430; x_wconf 80' lang='lat' dir='ltr'>post-</span> 
     </span>
     <span class='ocr_line' id='line_1_34' title="bbox 416 2439 1821 2496; baseline 0.003 -19"><span class='ocrx_word' id='word_1_285' title='bbox 416 2440 572 2478; x_wconf 88' lang='lat' dir='ltr'>liminio</span> <span class='ocrx_word' id='word_1_286' title='bbox 602 2439 761 2478; x_wconf 83' lang='lat' dir='ltr'>redeunt</span> <span class='ocrx_word' id='word_1_287' title='bbox 793 2439 890 2487; x_wconf 84' lang='lat' dir='ltr'>haec,</span> <span class='ocrx_word' id='word_1_288' title='bbox 920 2441 1056 2488; x_wconf 90' lang='lat' dir='ltr'>homo,</span> <span class='ocrx_word' id='word_1_289' title='bbox 1087 2443 1207 2489; x_wconf 83' lang='lat' dir='ltr'>navis,</span> <span class='ocrx_word' id='word_1_290' title='bbox 1237 2443 1369 2481; x_wconf 89' lang='lat' dir='ltr'>mulus</span> <span class='ocrx_word' id='word_1_291' title='bbox 1405 2443 1642 2488; x_wconf 88' lang='lat' dir='ltr'>clitellarius,</span> <span class='ocrx_word' id='word_1_292' title='bbox 1683 2456 1821 2496; x_wconf 77' lang='lat' dir='ltr'>equu5‚</span> 
     </span>
     <span class='ocr_line' id='line_1_35' title="bbox 416 2506 1822 2564; baseline 0.002 -20"><span class='ocrx_word' id='word_1_293' title='bbox 416 2520 526 2560; x_wconf 87' lang='lat' dir='ltr'>equa,</span> <span class='ocrx_word' id='word_1_294' title='bbox 558 2520 643 2559; x_wconf 83' lang='lat' dir='ltr'>quae</span> <span class='ocrx_word' id='word_1_295' title='bbox 662 2506 779 2546; x_wconf 84' lang='lat' dir='ltr'>fraena</span> <span class='ocrx_word' id='word_1_296' title='bbox 799 2508 965 2562; x_wconf 89' lang='lat' dir='ltr'>recipere</span> <span class='ocrx_word' id='word_1_297' title='bbox 986 2509 1092 2549; x_wconf 89' lang='lat' dir='ltr'>solet.</span> <span class='ocrx_word' id='word_1_298' title='bbox 1153 2509 1225 2549; x_wconf 87' lang='lat' dir='ltr'>Sed</span> <span class='ocrx_word' id='word_1_299' title='bbox 1258 2523 1350 2549; x_wconf 88' lang='lat' dir='ltr'>cum</span> <span class='ocrx_word' id='word_1_300' title='bbox 1370 2510 1485 2564; x_wconf 73' lang='lat' dir='ltr'>ipsius</span> <span class='ocrx_word' id='word_1_301' title='bbox 1506 2509 1736 2564; x_wconf 87' lang='lat' dir='ltr'>postliminii</span> <span class='ocrx_word' id='word_1_302' title='bbox 1765 2509 1822 2548; x_wconf 86' lang='lat' dir='ltr'>vis</span> 
     </span>
    </p>
   </div>
  </div>
 </body>
</html>
