2176 2912
482 199 563 251 480
923 192 1457 234 ORATOR.

480 293 597 331 verba
615 289 850 342 trajiciamus
871 296 1011 341 aperte,
1033 301 1112 340 quo
1133 287 1272 325 melius
1293 297 1358 326 aut
1381 288 1505 333 cadat,
1526 297 1591 326 aut
1611 287 1786 326 volvatur
1805 302 1889 328 ora-

483 359 554 397 tio.
600 356 721 409 Qod
741 355 776 393 se
797 356 845 393 L.
866 353 1008 393 Caelius
1029 354 1233 406 Antipater
1251 354 1291 391 in
1312 355 1504 407 prooemio
1525 354 1618 392 belli
1640 354 1793 400 Punici,
1822 356 1891 394 nisi

483 424 701 468 neceffario,
734 422 927 461 fauurum
947 430 1074 474 negat.
1136 422 1173 458 O
1194 422 1322 459 virum
1352 421 1583 474 simplicem,
1612 422 1681 474 qui
1702 435 1770 461 nos
1792 421 1892 461 nihil

483 491 583 530 celat
599 509 610 536 3
634 490 856 543 sapientem,
878 488 946 540 qui
967 487 1208 525 serviendum
1229 486 1436 524 necessitati
1456 487 1589 539 putet!
1624 488 1695 525 Sed
1715 487 1780 525 hic
1801 502 1891 526 om-

484 559 579 597 nino
599 558 716 596 rudis.
750 555 879 594 Nobis
900 563 1042 598 autem,
1076 554 1116 591 in
1136 553 1335 590 scribendo
1363 562 1476 605 atque
1496 554 1537 591 in
1559 554 1736 599 dicendo,
1758 554 1908 592 neces:

482 625 600 664 fitatis
631 622 823 662 excusatio
853 635 931 659 non
964 619 1162 672 probatur.
1222 617 1338 657 Nihil
1359 620 1412 656 est
1442 620 1547 657 enim
1577 620 1749 665 necesse,
1780 630 1832 665 et,
1864 621 1889 659 fi

483 691 580 743 quid
600 690 701 734 effer,
733 689 773 725 id
793 686 935 725 neceffe
959 695 1087 723 tamen
1108 699 1187 723 non
1206 694 1285 723 erat
1304 685 1494 723 confiteri.
1555 687 1608 724 Et
1628 685 1694 724 hic
1715 687 1890 738 quidem,

483 758 552 810 qui
573 756 671 794 hanc
692 769 712 792 a
732 754 868 797 Laelio,
899 753 944 790 ad
965 765 1085 804 quem
1105 751 1264 804 scripsit,
1292 752 1357 789 cui
1378 751 1413 789 se
1434 761 1583 804 purgat,
1606 752 1759 790 veniam
1780 753 1890 805 petit,

483 833 521 862 et
542 824 664 861 utitur
683 835 726 859 ea
746 819 965 872 trajed‘tione
985 819 1205 863 verborum,
1241 827 1279 856 et
1299 816 1422 856 nihilo
1444 828 1574 857 tamen
1594 819 1718 872 aptius
1748 819 1890 872 explet,

483 889 762 940 concluditque
783 886 999 924 sententias.

540 956 659 1009 Apud
689 955 781 992 alios
811 961 954 997 autem,
986 960 1024 988 et
1044 951 1230 988 Afiaticos
1262 952 1448 995 maxime,
1476 965 1640 989 numero
1672 950 1890 995 servientes,

483 1023 677 1061 inculcata
697 1019 857 1072 reperias
879 1018 1004 1055 inania
1025 1017 1201 1069 quaedam
1222 1018 1349 1061 verba,
1380 1017 1484 1069 quasi
1510 1017 1796 1070 complementa
1815 1030 1890 1054 nu-

483 1101 694 1126 merorum.
756 1087 851 1122 Sunt
871 1084 987 1120 etiam
1009 1083 1077 1135 qui
1098 1083 1167 1119 illo
1183 1082 1293 1126 vitio,
1324 1082 1429 1134 quod
1459 1082 1505 1119 ab
1527 1081 1691 1134 Hegefia
1722 1083 1891 1120 maxime

484 1155 612 1199 fluxit,
644 1150 915 1203 infringendis,
947 1147 1271 1199 concidendisque
1292 1148 1463 1186 numeris
1483 1148 1524 1185 in
1556 1148 1752 1200 quoddam
1772 1162 1891 1201 genus

483 1221 676 1273 abjeffitum
698 1216 883 1260 incidant,
917 1214 1139 1252 Siculorum
1160 1213 1421 1252 simillimum.
1460 1215 1645 1252 Tertium
1664 1213 1731 1258 est,
1753 1214 1794 1252 in
1814 1228 1892 1266 quo

483 1287 641 1325 fuerunt
672 1284 804 1322 fratres
834 1282 907 1327 illi,
939 1281 1195 1320 Asiaticorum
1216 1280 1415 1319 rhetorum
1446 1281 1654 1335 principes,
1687 1281 1890 1320 Hierocles

481 1364 522 1392 et
543 1351 756 1395 Menecles,
788 1350 952 1388 minime
984 1362 1068 1386 mea
1091 1348 1275 1386 sententia
1294 1348 1583 1387 contemnendi.
1643 1348 1724 1386 Etfi
1744 1348 1851 1386 enim
1871 1361 1892 1386 a

483 1420 611 1458 forma
629 1417 797 1456 veritatis
818 1425 856 1454 et
876 1416 922 1453 ab
944 1415 1169 1453 Atticorum
1189 1415 1320 1468 regula
1340 1414 1491 1459 absunt,
1510 1423 1638 1453 tamen
1657 1413 1733 1452 hoc
1749 1414 1892 1453 vitium

482 1484 732 1538 compensant
760 1482 820 1520 vel
852 1481 1047 1526 facultate,
1083 1480 1141 1518 vel
1162 1481 1299 1533 copia:
1331 1479 1394 1518 sed
1424 1481 1526 1534 apud
1545 1494 1608 1519 eos
1629 1481 1785 1519 varietas
1812 1493 1891 1519 non

483 1562 576 1596 erat,
598 1551 704 1603 quod
724 1548 856 1587 omnia
874 1547 952 1585 fere
972 1546 1303 1585 concludebantur
1321 1560 1398 1585 uno
1418 1547 1550 1585 modo.

538 1619 638 1669 Qae
685 1614 778 1652 vitia
821 1613 890 1665 qui
935 1611 1077 1664 fugerit
1095 1640 1106 1655 ,
1157 1619 1200 1648 ut
1245 1624 1370 1663 neque
1412 1612 1575 1650 verbum
1610 1611 1664 1649 ita
1708 1610 1887 1664 trajiciat,

483 1694 527 1723 ut
561 1684 600 1721 id
631 1683 677 1720 de
708 1680 891 1719 industria
918 1678 1064 1716 fastum
1085 1678 1355 1730 intelligatur3
1388 1691 1512 1730 neque
1531 1677 1739 1716 inferciens
1760 1678 1888 1723 verba,

484 1751 586 1804 quasi
618 1749 733 1787 rimas
767 1746 944 1799 expleat;
976 1758 1046 1782 nec
1078 1745 1249 1782 minutos
1277 1757 1457 1782 numeros
1489 1745 1664 1797 sequens,
1695 1744 1887 1789 concidat,

485 1816 761 1867 delumbetque
782 1812 984 1850 sententias
1002 1830 1013 1855 ς
1046 1824 1116 1848 nec
1148 1811 1224 1848 fine
1256 1810 1333 1848 ulla
1359 1811 1665 1850 commutatione
1691 1811 1733 1849 in
1752 1810 1889 1850 eodem

483 1884 632 1936 semper
650 1880 818 1918 versetur
831 1892 969 1931 genere
988 1891 1240 1916 numerorum
1256 1896 1267 1922 3
1291 1877 1321 1915 is
1343 1878 1473 1915 omnia
1492 1876 1571 1915 fere
1590 1878 1683 1915 vitia
1698 1878 1886 1915 vitaverit.

482 1951 589 1988 Nam
612 1949 658 1986 de
678 1946 854 1985 laudibus
877 1945 1001 1983 multa
1020 1944 1206 1990 diximus,
1225 1945 1368 1997 quibus
1386 1944 1474 1982 sunt
1493 1944 1565 1982 alia
1579 1944 1778 1997 perspicue
1797 1944 1889 1981 vitia

482 2016 684 2055 contraria.

540 2083 668 2121 LXX.
701 2082 907 2132 Qantum
928 2087 1057 2117 autem
1078 2079 1121 2116 fit
1152 2088 1237 2131 apte
1258 2078 1396 2122 dicere,
1429 2077 1593 2130 experiri
1625 2077 1730 2122 licet,
1766 2077 1792 2114 fi
1823 2087 1888 2115 aut

485 2147 687 2200 compositi
708 2145 865 2182 oratoris
886 2145 983 2182 bene
1003 2144 1183 2182 {truditam
1206 2143 1502 2181 collocationem
1533 2141 1705 2180 diffolvas
1726 2156 1886 2195 permu-

482 2215 626 2253 tatione
647 2212 866 2249 verborum.
903 2211 1185 2263 Corrumpatur
1203 2210 1309 2248 enim
1331 2219 1410 2247 tota
1430 2223 1501 2254 res,
1533 2219 1576 2247 ut
1603 2218 1641 2247 et
1662 2209 1743 2247 haec
1765 2209 1889 2247 nostra
1927 2204 1932 2206 ⁷

483 2281 524 2318 in
556 2279 798 2322 Corneliana,
843 2286 881 2314 et
914 2276 1091 2329 deinceps
1122 2276 1267 2321 omnia,
1312 2278 1438 2330 Neque
1474 2291 1527 2314 me
1556 2276 1696 2315 divitiae
1728 2284 1884 2322 movent,

484 2346 609 2400 quibus
643 2359 755 2383 omnes
784 2343 997 2396 Africanos,
1029 2344 1072 2382 &
1103 2344 1237 2382 Laelios
1266 2343 1373 2381 multi
1403 2343 1580 2388 venalitii,
1610 2344 1887 2396 mercatoresque

469 2415 713 2467 Jitperarzmt.
747 2411 918 2448 Immuta
939 2409 1114 2463 paulum,
1147 2419 1190 2448 ut
1210 2410 1267 2455 fit,
1297 2410 1405 2448 multi
1407 2412 1637 2464 flcperarunt
1659 2418 1884 2452 mercatores,

482 2478 714 2532 venalicz'ique
728 2496 739 2523 ς
771 2476 924 2530 perierit
952 2486 1032 2515 tota
1051 2489 1122 2514 res.
1182 2477 1235 2515 Et
1255 2490 1339 2530 quae
1359 2476 1584 2529 sequuntur,
1616 2478 1741 2529 IVeque
1766 2474 1882 2528 vestis,

482 2557 549 2585 'aut
578 2546 742 2586 coelatum
771 2558 901 2584 aurum
935 2553 970 2584 et
1001 2552 1206 2598 argentum,
1242 2558 1308 2599 quo
1337 2543 1466 2599 nqstros
1505 2552 1643 2582 veteres
1676 2541 1884 2586 Marcellos,
