2176 2912
480 234 561 285 416
823 233 952 272 DE
1068 233 1539 273 CLARIS

538 327 687 365 XCIV.
721 327 868 379 Itaque,
889 340 981 365 cum
1007 327 1091 379 jam
1119 340 1214 379 pene
1247 326 1451 365 evanuiffet
1470 325 1713 372 Hortenfius,
1744 333 1783 365 et
1810 339 1884 380 ego

483 407 584 432 anno
618 407 717 438 meo,
749 393 852 431 sexto
886 402 1015 432 autem
1046 393 1128 446 post
1161 393 1275 431 illum
1311 393 1537 438 Consulem,
1584 393 1726 432 Consul
1761 392 1882 431 fa&us

484 460 611 505 estem,
634 473 804 499 revocare
824 460 858 497 se
893 461 939 497 ad
971 460 1195 498 industriam
1215 461 1362 513 ccepit;
1399 475 1460 506 ne,
1488 475 1580 499 cum
1611 474 1717 514 pares
1737 459 1884 498 honore

482 527 658 573 effemus,
676 527 802 579 aliqua
818 541 856 564 re
871 527 1077 580 superiores
1093 527 1324 566 videremur.
1347 528 1408 566 Sic
1424 528 1630 566 duodecim
1651 527 1733 580 post
1749 540 1884 565 meum
1905 564 1909 565 ⁷

482 593 725 632 consulatum
756 606 873 631 annos
894 593 934 630 in
966 593 1147 631 maximis
1167 593 1299 637 caufis,
1330 606 1422 631 cum
1442 607 1514 645 ego
1534 592 1634 631 mihi
1653 593 1781 637 illum,
1812 592 1884 630 fibi

482 673 547 699 me
566 659 631 698 ille
652 658 868 703 anteferret,
900 660 984 710 conj
993 658 1206 696 unffiffirne
1225 657 1360 696 versati
1394 658 1524 696 sumus
1540 677 1552 703 ;
1591 656 1884 710 consulatusque

482 740 606 771 meus,
641 727 707 777 qui
741 724 855 762 illum
888 724 1017 777 primo
1049 723 1185 762 leviter
1203 724 1481 778 perstrinxerat,
1517 724 1622 765 idem
1655 737 1724 763 nos
1755 736 1884 763 rerum

482 805 654 831 mearum
686 789 888 843 gestarum,
936 803 1030 842 quas
1060 789 1127 828 ille
1160 790 1432 836 admirabatur,
1471 789 1583 828 laude
1615 790 1881 842 conjunxerat.

482 857 661 895 Maxime
690 869 778 894 vero
812 855 1002 908 perspedla
1034 855 1087 893 est
1117 855 1315 908 utriusque
1336 856 1508 894 nostrum
1527 855 1749 894 exercitatio
1767 854 1885 908 paulo

481 932 582 969 ante,
604 921 722 977 quam
742 922 987 975 perterritum
1007 922 1122 960 armis
1143 921 1220 960 hoc
1239 922 1423 967 studium,
1441 923 1571 967 Brute,
1594 922 1766 960 nostrum
1785 934 1884 959 con-

481 991 597 1028 ticuit
617 989 757 1034 subito,
792 997 830 1026 et
849 988 1077 1033 obmutuit;
1109 1002 1202 1026 cum
1232 989 1315 1041 lege
1346 988 1528 1041 Pompeia
1554 988 1671 1026 ternis
1702 986 1807 1026 horis
1835 986 1883 1025 ad

482 1056 691 1095 dicendum
712 1054 821 1099 datis,
855 1054 901 1092 ad
922 1054 1045 1092 causas
1067 1055 1281 1093 fimillimas
1303 1055 1402 1092 inter
1422 1054 1472 1099 se,
1492 1054 1552 1092 vel
1570 1055 1697 1107 potius
1717 1053 1882 1098 easdem,

480 1123 572 1161 novi
605 1121 852 1160 veniebamus
886 1121 1072 1173 quotidie.
1133 1121 1289 1172 Qibus
1334 1121 1494 1172 quidem
1528 1120 1645 1158 causis
1676 1129 1719 1158 tu
1749 1120 1882 1165 etiam,

482 1190 612 1233 Brute,
647 1187 779 1240 praesto
799 1186 918 1232 fuisti,
948 1186 1242 1239 compluresque
1257 1195 1295 1225 et
1316 1186 1535 1230 nobiscum,
1554 1194 1591 1223 et
1611 1185 1725 1230 solus,
1747 1185 1855 1238 egisti
1866 1204 1881 1231 3

481 1266 527 1294 ut
556 1256 625 1308 qui
655 1268 733 1292 non
764 1253 849 1291 satis
884 1253 951 1291 diu
982 1254 1119 1292 vixerit
1150 1253 1393 1298 Hortenfius,
1425 1262 1553 1292 tamen
1584 1252 1692 1291 hunc
1726 1243 1883 1291 cursum

479 1320 703 1360 confecerit.
752 1320 879 1358 Annis
912 1328 998 1357 ante
1032 1319 1166 1357 decem
1186 1319 1311 1358 causas
1345 1333 1454 1372 agere
1473 1319 1606 1372 coepit‚
1636 1333 1754 1372 quam
1780 1328 1823 1357 tu
1842 1331 1881 1357 es

480 1398 591 1427 natus
608 1406 619 1433 5
657 1387 761 1425 idem
781 1394 917 1439 quarto
936 1394 975 1424 et
994 1386 1223 1439 sexagesimo
1241 1400 1354 1431 anno,
1385 1387 1585 1439 perpaucis
1606 1395 1693 1424 ante
1712 1394 1883 1424 mortem

480 1455 630 1499 diebus,
667 1467 742 1492 una
762 1462 891 1491 tecum
914 1452 1087 1491 socerum
1118 1462 1230 1491 tuum
1262 1451 1432 1491 defendit
1463 1453 1653 1506 Appium.
1714 1452 1883 1490 Dicendi

480 1529 609 1558 autem
629 1532 763 1571 genus,
785 1518 889 1570 quod
920 1517 1037 1556 fuerit
1066 1519 1107 1557 in
1128 1527 1306 1570 utroque,
1337 1518 1526 1557 orationes
1548 1517 1744 1570 utriusque
1764 1518 1882 1556 etiam

481 1585 638 1638 posteris
658 1584 792 1622 nostris
808 1583 1049 1622 indicabunt.

537 1652 664 1690 XCV.
695 1650 779 1695 Sed,
802 1650 828 1688 fi
849 1651 1071 1702 quaerimm,
1093 1664 1162 1689 cur
1181 1651 1392 1690 adolescens
1413 1652 1534 1704 magis
1556 1651 1725 1689 floruerit
1745 1650 1879 1689 dicen-

480 1721 545 1764 do,
568 1732 685 1771 quam
706 1718 827 1756 senior
847 1718 1088 1762 Hortensius,
1125 1718 1249 1756 causas
1285 1720 1516 1771 reperiemus
1537 1719 1741 1757 veriffimas
1773 1718 1879 1757 duas.

481 1786 675 1830 Primum,
720 1784 824 1836 quod
858 1797 977 1836 genus
1016 1793 1093 1821 erat
1132 1785 1312 1822 orationis
1361 1785 1588 1829 Afiaticum,
1623 1783 1882 1821 adolescentia:

480 1852 603 1903 magis
624 1849 856 1894 concessum,
879 1864 996 1902 quam
1017 1849 1211 1889 senestuti.
1236 1851 1387 1889 Genera
1401 1860 1530 1889 autem
1548 1850 1721 1889 Afiaticae
1741 1849 1881 1888 dictio-

479 1919 538 1957 nis
560 1918 636 1956 duo
657 1917 765 1955 sunt:
790 1931 913 1955 unum
933 1917 1207 1956 sententiosum
1228 1926 1265 1955 et
1281 1927 1476 1971 argutum,
1494 1918 1690 1956 sententiis
1707 1930 1783 1955 non
1801 1925 1880 1955 tam

480 1984 657 2036 gravibus
689 1993 726 2021 et
747 1983 893 2028 severis,
929 1997 1046 2036 quam
1066 1984 1265 2022 concinnis
1298 1993 1335 2021 et
1364 1984 1558 2022 venustis:
1591 1983 1712 2035 qualis
1734 1982 1773 2019 in
1800 1981 1879 2019 his-

480 2052 577 2088 toria
604 2051 801 2094 Timaeus,
833 2051 873 2088 in
895 2050 1059 2088 dicendo
1092 2059 1234 2095 autem,
1256 2051 1381 2102 pueris
1404 2051 1528 2094 nobis,
1559 2048 1761 2087 Hierocles
1784 2048 1879 2086 Ala-

480 2117 663 2161 bandeus,
703 2117 823 2168 magis
857 2118 974 2154 etiam
1009 2117 1221 2161 Menecles,
1271 2115 1385 2153 frater
1431 2117 1525 2167 ejus,
1560 2114 1636 2153 fuit
1654 2133 1665 2159 ς
1713 2127 1880 2166 quorum

480 2182 677 2234 utriusque
698 2183 885 2220 orationes
906 2182 992 2220 sunt
1012 2183 1051 2219 in
1073 2183 1224 2234 primis,
1246 2190 1289 2219 ut
1309 2182 1475 2219 Afiatico
1496 2182 1534 2219 in
1564 2194 1713 2234 genere,
1746 2180 1879 2219 lauda-
1916 2210 1919 2212 v

480 2250 589 2288 biles.
654 2249 775 2287 Aliud
796 2258 923 2286 autem
943 2262 1062 2301 genus
1083 2249 1134 2286 est
1154 2262 1231 2286 non
1253 2258 1331 2286 tam
1361 2248 1555 2286 sententiis
1576 2247 1879 2300 frequentatum,

480 2329 598 2367 quam
619 2315 742 2352 verbis
763 2315 930 2367 volucre,
963 2323 1076 2366 atque
1097 2314 1326 2359 incitatu1n;
1349 2314 1453 2366 quali
1474 2314 1525 2352 est
1545 2327 1647 2352 nunc
1664 2303 1751 2351 Afia
1771 2322 1850 2351 tota
1864 2332 1877 2359 ς

480 2396 550 2420 nec
571 2381 731 2419 flumine
762 2381 884 2418 solum
919 2381 1114 2425 orationis,
1144 2380 1206 2418 scd
1232 2382 1347 2419 etiam
1369 2391 1564 2426 exornato,
1596 2390 1633 2418 et
1653 2379 1776 2418 faceto
1809 2369 1879 2432 ge-

480 2462 567 2487 nere
588 2447 791 2485 verborum
809 2465 819 2491 ;
852 2448 891 2484 in
913 2460 990 2499 quo
1010 2446 1085 2484 fuit
1106 2445 1309 2498 AEschylus
1343 2447 1520 2492 Cnidius,
1553 2456 1590 2485 et
1622 2459 1729 2485 meus
1749 2459 1878 2497 aequa-

479 2515 525 2552 lis
549 2514 722 2551 Milefius
743 2512 956 2551 AEschines.
1009 2514 1053 2550 In
1086 2514 1130 2551 iis
1151 2522 1230 2550 erat
1259 2513 1495 2551 admirabilis
1522 2513 1702 2551 orationis
1732 2511 1876 2555 cursus,

479 2589 613 2621 ornata
633 2580 905 2620 sententiarum
927 2580 1165 2619 concinnitas
1182 2593 1260 2618 non
1279 2589 1370 2620 erat.
1435 2581 1532 2619 Haec
1553 2588 1695 2624 autem,
1718 2587 1760 2616 ut
1780 2577 1875 2623 dixi,
