2176 2912
431 211 510 264 498
899 213 943 251 T*
992 213 1036 251 Ὀ
1095 213 1125 251 Ρ
1184 213 1203 252 I
1260 213 1297 251 C
1352 212 1409 252 Α,

432 305 540 345 Nam
562 314 600 344 et
619 305 754 344 adsunt
785 305 972 351 multum,
1003 315 1042 344 et
1072 305 1306 344 adhibentur
1326 307 1367 344 in
1397 305 1580 351 consilio,
1611 313 1651 344 et
1675 306 1847 359 patroniS

433 372 703 425 diligentibus,
734 372 780 410 ad
800 386 933 410 eorum
955 373 1202 426 prudentiam
1222 372 1555 426 confugientibus,
1580 370 1702 411 hastas
1722 373 1846 411 mini-

432 438 564 476 strant.

488 506 536 543 In
556 504 741 543 omnibus
766 505 886 557 igitur
905 505 951 542 iis
967 504 1143 557 judiciis,
1173 505 1214 542 in
1235 505 1391 557 quibus,
1411 504 1555 557 Exfide
1573 505 1678 550 bom,
1707 505 1760 544 est
1776 504 1847 543 ad-

432 571 562 609 ditum
581 586 590 609 2
623 571 690 608 ubi
710 585 800 608 vero
818 571 949 615 etiarn,
983 572 1033 609 Ut
1052 571 1148 608 inter
1167 570 1268 608 bonci·
1290 570 1372 608 bene
1389 571 1491 622 agier
1509 579 1648 623 oportet
1662 587 1676 610 .·
1702 566 1843 625 impriss

434 637 585 689 misque
615 637 655 674 in
675 636 832 674 arbitrio
865 637 918 673 rei
952 637 1108 681 uxo-riae,
1141 637 1179 673 in
1211 650 1289 688 quo
1319 636 1386 681 est,
1417 636 1517 688 Qid
1531 637 1680 690 aeqm'us,
1707 637 1845 683 melius,

433 704 555 756 parati
584 703 655 741 effe
675 703 830 740 debent.
878 702 942 740 Illi
963 702 1070 740 enim
1091 703 1230 740 dolum
1260 703 1426 747 malum,
1457 703 1517 740 illi
1543 703 1661 741 fidem
1682 703 1842 749 bonam,

432 770 491 807 illi
523 782 694 821 aequum,
727 768 891 813 bonum,
937 768 996 806 illi
1030 769 1126 821 quid
1157 768 1306 807 socium
1345 769 1461 814 socio,
1501 769 1598 822 quid
1631 783 1741 815 eum,
1774 770 1844 822 qui

432 836 586 887 negotia
605 835 725 872 aliena
745 835 917 880 curasset,
949 835 997 879 ei,
1023 836 1134 887 cujus
1160 849 1202 874 ea
1222 836 1375 888 negotia
1394 835 1549 874 fuiffent
1565 854 1577 881 3
1609 835 1706 888 quid
1734 849 1848 881 eum,

431 903 501 953 qui
521 902 743 947 mandafl‘en
777 915 932 946 eumve,
953 902 1017 939 cui
1047 902 1274 940 mandatum
1295 902 1396 947 estet,
1427 903 1591 941 alterum
1613 902 1723 940 alteri
1742 916 1845 955 prae-

430 967 525 1006 stare
539 977 732 1021 oporteret
745 986 757 1012 3
780 968 876 1020 quid
891 969 1019 1006 virum
1036 969 1161 1013 uxori,
1180 968 1276 1021 quid
1292 983 1453 1006 uxorem
1473 969 1569 1013 viro,
1587 967 1847 1006 tradiderunt,

430 1034 587 1073 Licebit
606 1035 739 1088 igitur,
754 1034 959 1087 diligenter
971 1036 1138 1087 cognitis
1158 1046 1477 1088 argumentorum
1497 1035 1608 1080 locis,
1624 1049 1703 1073 non
1723 1034 1850 1076 modo

430 1102 645 1140 oratoribus
666 1111 705 1140 et
725 1100 994 1154 Philosophis,
1019 1102 1081 1140 sed
1094 1103 1192 1154 juris
1216 1104 1333 1140 etiam
1353 1103 1484 1155 peritis
1506 1101 1657 1155 copiose
1677 1102 1723 1140 de
1743 1115 1846 1140 con-⁷

431 1168 701 1206 sultationibus
721 1168 795 1206 suis
817 1168 1020 1221 disputare.

484 1236 641 1274 XVIII.
665 1236 907 1288 Conjunctus
927 1234 1021 1274 huic
1041 1235 1239 1274 causarum
1260 1236 1347 1274 loco
1367 1235 1476 1274 locus
1496 1236 1563 1274 isse
1581 1235 1647 1281 est,
1665 1235 1735 1289 qui
1754 1235 1843 1273 effi-

428 1301 531 1339 citur
562 1315 611 1339 ex
631 1301 762 1339 causis.
824 1302 884 1339 Ut
901 1302 1007 1340 enim
1035 1302 1144 1340 causa
1163 1302 1260 1355 quid
1293 1303 1338 1340 fit
1367 1302 1550 1341 effectum
1581 1302 1741 1347 indicat,
1773 1301 1840 1347 fic,

427 1368 533 1420 quod
553 1367 736 1407 effectum
766 1368 832 1413 est,
855 1383 940 1421 quae
960 1368 1075 1407 fuerit
1095 1369 1217 1415 causa,
1239 1370 1493 1408 demonstrat„
1520 1370 1602 1409 Hic
1623 1370 1731 1408 locus
1747 1369 1844 1422 sup-

426 1435 594 1488 peditare
614 1435 709 1473 solet
741 1436 956 1474 oratoribus
991 1448 1031 1475 et
1048 1437 1187 1490 poetis,
1221 1437 1317 1491 saepe
1346 1438 1462 1475 etiam
1484 1435 1746 1489 Philosophis,
1777 1425 1841 1475 sed

425 1501 488 1547 iis,
505 1502 575 1554 qui
595 1511 726 1539 ornate
745 1511 784 1540 et
802 1503 954 1555 copiose
974 1503 1086 1556 loqui
1105 1503 1271 1556 poffunt‚
1290 1505 1510 1542 mirabilem
1529 1504 1684 1557 copiam
1703 1503 1841 1542 (116611-

427 1568 481 1613 di,
504 1582 597 1606 cum
629 1569 873 1614 denuntiant,
905 1570 1001 1621 quid
1021 1584 1069 1608 ex
1089 1584 1241 1622 quaque
1261 1585 1300 1608 re
1319 1571 1364 1609 fit
1383 1570 1578 1609 futurum.
1626 1570 1849 1609 Causarum?

424 1634 530 1673 enim
550 1634 724 1687 cognitio
743 1635 1011 1688 cognitionem
1031 1646 1259 1675 eventorum
1279 1636 1388 1676 facit.

481 1701 674 1753 Reliquus
705 1700 758 1739 est
788 1702 1084 1755 comparationis
1104 1702 1228 1749 locus,
1260 1704 1370 1756 cujus
1402 1716 1522 1757 genus
1554 1711 1591 1740 et
1611 1702 1840 1755 exemplum

424 1766 535 1820 supra
553 1767 722 1820 positum
754 1768 820 1814 est,
852 1777 896 1807 ut
917 1778 1167 1809 caeterorum:
1200 1784 1305 1808 nunc
1331 1770 1557 1823 explicanda
1578 1770 1749 1807 tractatio
1769 1769 1836 1807 est.

423 1834 709 1886 Comparantur
728 1834 848 1887 igitur
881 1849 936 1880 ea,
969 1850 1054 1890 quae
1074 1845 1139 1874 aut
1172 1837 1330 1888 majora,
1362 1845 1427 1874 aut
1447 1837 1612 1881 minora,
1643 1845 1708 1873 aut
1733 1836 1837 1888 paria

422 1899 607 1942 dicuntur
619 1920 630 1946 ς
653 1900 693 1938 in
715 1902 858 1954 quibus
878 1902 1094 1955 spectantur
1109 1901 1191 1942 haec
1202 1922 1213 1949 3
1238 1917 1437 1949 numerus,
1459 1903 1617 1956 species,
1634 1903 1706 1947 vis,
1729 1915 1836 1954 quae-

423 1967 511 2005 dam
532 1968 648 2005 etiam
668 1968 716 2005 ad
734 1981 791 2006 res
812 1968 958 2021 aliquas
978 1969 1145 2009 affectio.

477 2034 658 2072 Numero
678 2034 728 2072 fic
749 2036 1092 2088 comparabuntur,
1112 2046 1155 2074 ut
1176 2037 1286 2090 plura
1315 2036 1415 2075 bona
1444 2034 1690 2089 paucioribus
1723 2034 1834 2073 bonis

421 2108 728 2152 anteponantur3
760 2103 940 2154 pauciora
959 2103 1072 2148 mala,
1094 2104 1205 2141 malis
1221 2102 1397 2156 pluribus
1415 2121 1427 2147 3
1459 2101 1698 2139 diuturniora
1719 2101 1845 2147 bona„

421 2166 658 2204 brevioribus
676 2184 687 2210 ;
720 2167 850 2219 longe,
881 2178 918 2205 et
938 2168 1012 2206 late
1032 2178 1245 2221 pervagata,
1267 2168 1461 2221 angustis3
1493 2182 1540 2205 ex
1561 2168 1703 2219 quibus
1724 2168 1837 2220 plura
1855 2219 1860 2222 Ι
1919 2214 1921 2216 ,

421 2232 523 2269 bona
542 2243 814 2284 propagentur,
837 2247 999 2286 quaeque
1019 2234 1147 2287 plures
1167 2235 1384 2279 imitentur,
1406 2244 1443 2273 et
1462 2234 1617 2272 faciant.

478 2298 611 2349 Specie
645 2307 774 2336 autem
808 2309 1094 2352 comparantur,
1126 2310 1169 2338 ut
1203 2309 1485 2353 anteponantur
1510 2314 1595 2353 quae
1614 2309 1769 2353 propter
1798 2299 1846 2338 se,

419 2363 633 2416 expetenda
665 2364 766 2409 sunt,
797 2365 857 2410 iis,
889 2380 975 2418 quae
995 2375 1152 2420 propter
1181 2367 1312 2411 aliud3
1344 2376 1381 2405 et
1401 2376 1445 2404 ut
1464 2367 1595 2404 innata
1621 2375 1734 2418 atque
1768 2366 1832 2404 in·-

420 2429 503 2475 fita,
551 2429 750 2484 assumptis
783 2440 821 2469 et
854 2432 1100 2479 adventitiis;
1150 2434 1312 2487 integra,
1352 2434 1656 2479 contaminatis3
1682 2434 1831 2486 jucun-

419 2496 481 2543 da,
513 2497 642 2537 minus
670 2498 855 2551 jucundis
872 2517 884 2544 3
915 2498 1085 2546 honesta,
1126 2500 1214 2554 ipsis
1249 2501 1366 2539 etiam
1401 2500 1562 2539 utilibus
1580 2519 1592 2546 3
1630 2499 1829 2554 proclivia,
