2176 2912
456 197 540 237 434
896 186 1428 230 ORATOR.

458 277 652 330 illumque
666 277 761 332 saepe
781 279 877 319 dicit
897 295 989 320 voce
1007 282 1114 321 dulci
1133 292 1172 322 et
1191 284 1291 322 clara
1309 283 1433 322 fuisse.
1466 282 1512 322 In
1528 297 1607 337 quo
1628 281 1728 322 illud
1742 283 1860 322 etiam

458 344 672 383 notandum
703 344 804 384 mihi
835 348 987 387 videtur
1016 350 1062 387 ad
1092 350 1265 389 studium
1295 351 1563 404 persequendae
1594 350 1787 389 suavitatis
1820 350 1861 388 in

458 411 632 449 vocibus.
685 413 767 465 Ipsa
786 414 892 452 enim
914 425 1060 461 natura,
1082 417 1185 468 quafi
1206 417 1467 455 modularetur
1486 416 1696 455 hominum
1716 416 1860 454 oratio-

459 490 563 521 nem,
595 478 635 514 in
656 479 766 517 omni
787 481 901 518 verbo
921 481 1048 533 posuit
1080 492 1233 521 acutam
1258 497 1409 528 vocem,
1440 496 1509 521 nec
1530 484 1606 521 una
1624 483 1725 536 plus,
1748 495 1817 520 nec
1841 495 1862 519 a

458 542 648 594 postrema
668 545 809 596 syllaba
839 547 934 585 citra
967 549 1147 592 tertiam;
1180 563 1258 600 quo
1292 550 1414 602 magis
1446 558 1621 587 naturam
1654 549 1795 587 ducem
1815 548 1863 586 ad
1897 547 1902 549 ’

455 610 606 648 aurium
626 612 864 665 voluptatem
885 613 1061 665 sequatur
1079 615 1275 654 industria.

514 677 574 714 Ac
609 678 712 715 vocis
734 678 893 729 quidem
928 679 1077 717 bonitas
1112 680 1277 732 optanda
1296 680 1363 718 est.
1404 681 1500 719 Non
1520 680 1573 719 est
1601 681 1708 720 enim
1728 681 1768 719 in
1789 694 1861 719 no-

459 741 532 787 bis,
563 742 626 780 sed
647 744 817 782 tractatio
837 753 952 796 atque
972 745 1058 783 usus
1088 746 1129 784 in
1149 746 1276 785 nobis.
1327 748 1432 799 Ergo
1452 747 1518 785 ille
1544 748 1721 801 princeps
1741 748 1862 786 varia-

460 808 532 853 bit,
563 818 601 846 et
620 809 815 855 mutabit;
847 824 982 850 omnes
1016 811 1212 858 sonorum,
1244 823 1329 852 tum
1356 813 1572 858 intendens,
1605 823 1691 852 tum
1725 813 1862 851 remit-

459 884 556 920 tens,
586 876 834 929 persequetur
862 879 999 931 gradus
1015 897 1027 924 ;
1070 880 1251 932 idemque
1281 889 1394 918 motu
1421 880 1470 919 fic
1502 890 1644 926 utetur,
1687 879 1787 919 nihil
1821 888 1865 918 ut

458 941 614 995 superfit
648 943 689 980 in
707 943 827 997 gestu.
887 946 1012 984 Status
1043 948 1186 984 erectus
1207 956 1244 985 et
1265 947 1385 985 celsus
1401 966 1414 992 ς
1446 960 1548 985 rarus
1583 947 1759 992 incefi‘us,
1791 960 1863 985 nec

458 1010 513 1047 ita
532 1010 671 1063 longus
687 1030 699 1056 3
731 1011 901 1050 excurfio
932 1014 1139 1059 moderata,
1170 1027 1288 1066 eaque
1320 1027 1399 1052 rara
1415 1033 1427 1059 5
1460 1014 1566 1052 nulla
1585 1013 1753 1052 mollitia
1779 1027 1863 1052 cer-

460 1076 607 1121 vicum,
645 1077 762 1115 nullae
793 1078 947 1130 argutiae
979 1079 1206 1131 digitorum,
1249 1094 1326 1118 non
1361 1080 1407 1117 ad
1442 1093 1650 1118 numerum
1680 1080 1862 1118 articulus

460 1143 622 1189 cadens,
657 1154 792 1183 trunco
823 1146 945 1197 magis
976 1155 1056 1184 toto
1090 1145 1125 1184 se
1157 1146 1234 1199 ipse
1255 1147 1470 1192 moderans,
1501 1156 1538 1184 et
1568 1146 1669 1184 virili
1699 1146 1864 1185 laterum

460 1210 638 1257 flexione,
670 1210 819 1250 brachii
838 1213 1071 1265 projectione
1097 1213 1138 1251 in
1170 1214 1498 1259 contentionibus,
1529 1213 1789 1252 contractione
1822 1213 1866 1252 in

460 1277 635 1316 remiffis.

515 1345 659 1384 Vultus
679 1360 780 1393 vero,
817 1348 885 1400 qui
916 1346 1127 1388 secundum
1153 1363 1289 1388 vocem
1324 1349 1541 1403 plurimum
1572 1348 1707 1403 potest,
1739 1361 1863 1401 quan-

459 1420 540 1450 tam
561 1412 669 1452 affert
701 1422 787 1452 tum
808 1415 1052 1467 dignitatem,
1084 1426 1171 1455 tum
1191 1417 1454 1455 venustatem?
1486 1417 1526 1455 in
1547 1430 1625 1469 quo
1656 1428 1748 1454 cum
1768 1413 1863 1452 effe-

459 1481 570 1525 ceris,
602 1494 649 1518 ne
680 1482 775 1533 quid
803 1482 997 1534 ineptum,
1028 1493 1093 1522 aut
1122 1483 1345 1522 vultuosum
1375 1484 1433 1529 fit,
1465 1493 1550 1522 tum
1577 1483 1782 1521 oculorum
1812 1481 1865 1519 est

459 1547 636 1599 quaedam
656 1561 797 1599 magna
816 1548 1044 1586 moderatio.
1106 1550 1213 1587 Nam
1234 1558 1277 1586 ut
1308 1550 1437 1602 imago
1467 1550 1519 1587 est
1540 1549 1674 1592 animi,
1706 1548 1861 1592 vultu55

460 1613 509 1651 fic
530 1613 674 1651 indices
695 1614 799 1651 oculi
816 1631 827 1657 ς
859 1625 1028 1665 quorum
1048 1624 1086 1651 et
1102 1613 1319 1659 hilaritatis,
1352 1624 1390 1652 et
1409 1615 1571 1653 viciffim
1593 1613 1753 1652 tristitiae
1774 1626 1863 1650 mo-

460 1675 555 1714 dum
577 1689 633 1713 res
654 1675 755 1728 ipsae,
777 1675 823 1713 de
841 1675 981 1727 quibus
1002 1684 1146 1728 agetur,
1168 1676 1451 1729 temperabunt.

514 1743 628 1780 XIX.
661 1742 733 1779 Sed
758 1743 841 1794 jam
871 1742 976 1780 illius
1008 1742 1166 1795 perfecti
1197 1743 1368 1788 oratoris,
1400 1753 1437 1781 et
1457 1743 1617 1781 summae
1637 1742 1865 1795 eloquentiae

459 1809 600 1863 species
620 1809 868 1862 exprimenda
885 1808 936 1846 est
951 1828 962 1854 5
996 1823 1113 1861 quem
1133 1808 1208 1847 hoc
1230 1823 1308 1848 uno
1325 1810 1524 1854 excellere,
1546 1809 1586 1847 id
1606 1809 1864 1853 est-oratione,

460 1885 593 1914 caetera
624 1875 664 1913 in
695 1888 740 1913 eo
773 1875 901 1921 latere,
932 1875 1076 1913 indicat
1102 1889 1245 1914 nomen
1266 1876 1407 1929 ipsum.
1467 1876 1561 1915 Non
1588 1876 1694 1913 enim
1728 1875 1865 1913 inven-

460 1951 534 1987 tor,
564 1933 628 1979 aut
659 1942 905 1994 compositor,
936 1952 1001 1979 aut
1031 1944 1146 1988 actor,
1178 1941 1259 1980 haec
1290 1942 1517 1994 complexus
1549 1942 1601 1980 est
1626 1942 1771 1985 omnia,
1802 1940 1865 1978 sed

460 2018 498 2047 et
537 2009 672 2047 Graece
711 2008 757 2045 ab
797 2008 1014 2060 eloquendo
1051 2012 1157 2064 ῥήτωρ,
1202 2018 1240 2047 et
1273 2009 1412 2047 Latine
1452 2009 1608 2061 eloquens
1638 2007 1762 2044 dietus
1796 2005 1862 2043 est.

462 2076 697 2113 Caeterarum
728 2075 835 2112 enim
866 2088 1009 2119 rerum,
1041 2089 1125 2127 quae
1145 2074 1233 2112 sunt
1259 2075 1299 2112 in
1326 2083 1484 2118 oratore,
1516 2082 1663 2126 partem
1694 2072 1865 2124 aliquam

460 2141 530 2179 fibi
551 2141 710 2193 quisque
742 2141 939 2179 vendicat:
973 2142 1126 2179 dicendi
1155 2151 1299 2186 autem,
1330 2141 1370 2178 id
1401 2140 1452 2178 est
1483 2139 1704 2192 eloquendi,
1738 2139 1864 2177 maxi-

461 2221 526 2246 ma
555 2208 610 2245 vis
645 2207 713 2244 soli
744 2206 836 2245 huic
867 2208 1105 2245 conceditur.
1167 2209 1403 2259 Qanquam
1427 2207 1533 2244 enim
1567 2216 1604 2244 et
1636 2204 1866 2258 Philosophi

460 2274 620 2326 quidam
651 2283 782 2311 ornate
816 2273 937 2311 locuti
957 2273 1058 2319 sunt,
1092 2273 1298 2325 (siquidem
1331 2282 1368 2311 et
1396 2272 1683 2326 Theophrastus
1720 2272 1865 2309 divini-

460 2350 536 2379 tate
565 2339 747 2391 loquendi
784 2353 925 2377 nomen
964 2340 1125 2384 invenit,
1171 2349 1208 2377 et
1243 2339 1463 2377 Aristoteles
1500 2339 1702 2377 Isocratem
1738 2337 1866 2390 ipsum

461 2405 654 2449 laceffivit,
686 2414 723 2442 et
744 2404 1014 2458 Xenophontis
1047 2419 1139 2443 voce
1170 2405 1302 2442 Musas
1335 2405 1438 2457 quasi
1469 2405 1614 2442 locutas
1642 2403 1795 2448 ferunt,
1827 2412 1866 2441 et

461 2472 575 2525 longe
597 2471 791 2517 omnium,
815 2472 1042 2525 quicunque
1064 2471 1306 2524 scripserunt,
1323 2480 1388 2510 aut
1408 2471 1530 2510 locuti
1550 2470 1650 2516 sunt,
1680 2469 1808 2508 extitit
1828 2477 1866 2507 et
