2176 2912
440 217 516 257 292
801 209 915 248 DE
989 209 1485 250 ORATORE

437 306 476 336 et
507 299 677 339 tenebras
711 299 855 347 afferat,
886 311 999 355 atque
1019 312 1062 341 ut
1088 303 1376 355 quodammodo
1406 304 1474 357 ipsi
1500 302 1570 342 fibi
1600 303 1641 341 in
1672 302 1836 343 dicendo

435 364 648 417 obstrepere
669 366 880 406 videantur.
940 369 1103 414 Verum,
1134 369 1318 422 fi-placet‚
1340 370 1524 421 quoniam
1542 368 1624 408 haec
1644 369 1728 407 satis
1748 370 1834 423 spe-

436 442 493 474 r0,
524 430 633 469 vobis
663 432 821 484 quidem
842 442 944 471 certe
977 435 1201 485 majoribus,
1232 435 1387 473 molesta
1407 444 1445 472 et
1475 435 1607 487 putida
1625 435 1759 481 videri,
1790 434 1835 473 ad

437 495 587 548 reliqua
607 497 804 550 aliquanto
821 499 1004 537 odiosiora
1022 514 1240 552 pergamus.

491 562 604 602 XIV.
636 565 761 616 Atqui
795 565 912 610 vides,
943 565 1071 617 inquit
1104 566 1314 609 Antonius,
1345 580 1437 604 cum
1469 567 1557 605 alias
1586 579 1641 604 res
1663 579 1834 619 agamus,

436 640 555 679 quam
576 638 612 666 te
633 629 745 667 inviti
763 631 976 675 audiamus,
994 631 1062 682 qui
1081 631 1219 668 adduci
1238 630 1433 682 possumus
1453 631 1517 682 (de
1536 645 1599 670 me
1618 632 1724 669 enim
1739 645 1835 670 con-

429 693 546 745 jicio)
577 694 716 733 relictis
738 704 780 732 ut
801 696 911 733 rebus
932 696 1114 734 omnibus
1136 705 1173 733 te
1193 695 1391 740 sectemur,
1414 705 1451 734 te
1470 697 1667 735 audiamus
1686 711 1695 734 ε
1718 697 1771 734 ita
1789 696 1836 734 de

435 758 600 799 horridis
621 761 731 799 rebus
752 761 886 807 nitida,
909 761 955 800 de
974 762 1116 814 jejunis
1138 762 1263 815 plena,
1294 762 1340 800 de
1358 763 1590 815 pervulgatis
1611 776 1709 801 nova
1728 777 1834 816 quae-

435 824 526 862 dam
546 825 598 863 est
618 826 738 865 oratio
760 835 836 865 tua.

489 892 638 930 Faciles
671 894 792 939 enim,
822 895 966 947 inquit,
997 895 1160 940 Antoni,
1192 904 1313 948 partes
1344 909 1394 934 eae
1427 895 1583 934 fuerunt
1614 896 1711 941 duae,
1742 908 1835 948 quas

434 958 556 997 modo
586 961 822 1012 percucurri,
866 961 926 999 vel
958 961 1086 1013 potius
1119 975 1213 1014 pene
1248 962 1423 1014 praeterii‚
1469 963 1605 1000 Latine
1634 961 1834 1014 loquendi,

433 1025 623 1078 planeque
643 1026 817 1065 dicendi:
850 1027 1004 1079 reliquae
1023 1027 1109 1065 sunt
1129 1041 1291 1080 magnae,
1309 1028 1528 1081 implicatae‚
1543 1028 1665 1073 variae,
1687 1040 1833 1080 grave8‚

433 1091 576 1143 quibus
595 1092 722 1130 omnis
742 1092 944 1131 admiratio
963 1093 1124 1145 ingenii,
1145 1093 1272 1131 omnis
1292 1093 1372 1131 laus
1393 1093 1634 1145 eloquentiae,
1656 1093 1834 1131 contine-

433 1165 511 1195 tur.
548 1157 679 1196 Nemo
698 1159 803 1197 enim
824 1172 995 1211 unquam
1015 1159 1067 1196 est
1087 1168 1289 1203 oratorem,
1322 1159 1427 1211 quod
1442 1159 1580 1197 Latine
1599 1158 1834 1210 loqueretur,

433 1221 656 1262 admiratus.
703 1224 742 1261 Si
761 1223 813 1262 est
832 1224 953 1269 aliter,
975 1224 1135 1262 irrident
1151 1242 1162 1269 3
1196 1237 1319 1276 neque
1338 1237 1430 1262 eum
1450 1233 1639 1263 oratorem
1659 1233 1834 1262 tantum-

432 1289 565 1335 modo,
597 1289 658 1328 sed
677 1289 880 1329 hominem
900 1305 977 1329 non
997 1300 1148 1344 putant.
1185 1292 1315 1329 Nemo
1335 1292 1476 1330 extulit
1494 1305 1585 1329 eum
1605 1291 1749 1335 verbis,
1766 1291 1835 1343 qui

431 1353 486 1392 ita
505 1354 667 1401 dixiffet‚
685 1364 741 1401 ut,
763 1356 832 1410 qui
852 1355 1028 1402 adessent,
1059 1356 1318 1410 intelligerent
1338 1357 1433 1409 quid
1453 1356 1594 1395 diceret
1606 1374 1618 1401 3
1650 1355 1712 1394 sed
1736 1369 1832 1395 con.-

433 1422 586 1474 tempsit
603 1435 708 1469 eum,
735 1424 802 1476 qui
822 1424 952 1462 minus
972 1424 1012 1461 id
1031 1422 1154 1462 facere
1174 1424 1366 1477 potuiffet.

488 1489 534 1526 In
555 1503 634 1541 quo
654 1490 772 1542 igitur
790 1488 968 1528 homines
994 1488 1293 1528 exhorrescunt?
1326 1505 1443 1543 quem
1473 1488 1670 1543 stupefacti
1699 1489 1832 1528 dicen-

432 1565 513 1593 tem
533 1555 764 1593 intuentur?
795 1556 834 1594 in
856 1569 934 1608 quo
953 1557 1195 1594 exclamant?
1227 1570 1344 1608 quem
1373 1558 1505 1601 deum,
1540 1566 1583 1594 ut
1609 1557 1661 1594 ita
1689 1557 1830 1600 dicam,

432 1623 531 1660 inter
549 1621 728 1661 homines
760 1623 925 1675 putant?
972 1623 1053 1674 Qi
1074 1622 1261 1667 distincte,
1293 1624 1360 1674 qui
1381 1624 1583 1675 explicate,
1619 1623 1686 1675 qui
1706 1623 1831 1661 abun-

432 1689 578 1734 danter,
596 1689 664 1741 qui
685 1689 916 1732 illuminate,
938 1698 975 1725 et
996 1688 1121 1733 rebus,
1152 1698 1189 1726 et
1208 1690 1331 1727 verbis
1352 1690 1502 1733 dicunt,
1532 1699 1570 1726 et
1591 1689 1630 1726 in
1650 1688 1728 1740 ipsa
1746 1703 1831 1727 ora·-

432 1756 536 1793 tione
566 1755 668 1808 quasi
703 1755 894 1808 quendam
924 1768 1133 1792 numerum
1163 1755 1389 1808 versumque
1420 1755 1657 1799 conficiunt3
1695 1755 1733 1792 id
1764 1755 1830 1800 est,

430 1821 537 1873 quod
559 1821 659 1866 dico,
681 1831 823 1859 ornate.
866 1821 948 1872 Qi
967 1821 1072 1858 idem
1092 1821 1142 1859 ita
1162 1821 1422 1866 moderantur,
1444 1831 1487 1859 ut
1508 1834 1648 1865 rerum,
1680 1830 1723 1858 ut
1743 1835 1830 1873 per-

432 1886 609 1934 sonarum
629 1887 830 1939 dignitates
865 1886 1008 1931 ferunt,
1040 1887 1066 1924 ii
1099 1887 1184 1925 sunt
1215 1888 1254 1925 in
1275 1901 1320 1926 eo
1339 1901 1475 1940 genere
1495 1886 1673 1925 laudandi
1694 1886 1829 1932 laudis,

431 1953 536 2004 quod
556 1967 627 2005 ego
648 1963 781 2006 aptum
798 1963 834 1991 et
855 1966 1067 2005 congruens
1088 1954 1304 1992 nominem.
1523 1947 1528 1952 ’

487 2020 568 2070 Qi
603 2020 655 2057 ita
685 2019 867 2064 dicerent,
897 2032 960 2057 eos
996 2020 1148 2071 negavit
1181 2019 1307 2057 adhuc
1342 2020 1375 2057 se
1404 2018 1532 2057 vidisse
1553 2019 1762 2062 Antonius,
1793 2027 1833 2056 et

432 2084 477 2121 iis
498 2083 572 2123 hoc
594 2099 736 2123 nomen
752 2086 851 2123 dixit
867 2085 1094 2137 eloquentiae
1114 2085 1200 2123 solis
1221 2085 1290 2123 effe
1306 2085 1567 2122 tribuendum.
1598 2086 1726 2135 Qare
1741 2097 1829 2121 om-

430 2162 496 2186 nes
518 2149 619 2193 istos,
651 2163 714 2187 me
734 2152 899 2194 auctore,
921 2150 1085 2186 deridete
1106 2159 1218 2201 atque
1237 2150 1486 2193 contemnite,
1515 2149 1583 2201 qui
1606 2148 1640 2186 se
1671 2147 1828 2193 horum,

431 2216 499 2267 qui
519 2228 623 2253 nunc
658 2216 709 2253 ita
729 2215 982 2268 appellantur,
1014 2214 1212 2253 rhetorum
1239 2216 1435 2267 praeceptis
1456 2229 1613 2253 omnem
1635 2224 1830 2252 oratorum

431 2281 511 2318 vim
532 2280 753 2332 complexos
774 2280 844 2318 esse
863 2281 1093 2318 arbitrantur
1101 2299 1111 2324 5
1132 2294 1255 2333 neque
1275 2280 1400 2318 adhuc
1416 2294 1534 2332 quam
1554 2280 1753 2333 personam
1771 2289 1828 2318 te·

428 2357 559 2392 neant,
581 2356 644 2385 aut
666 2347 760 2399 quid
779 2347 1044 2400 profiteantur,
1065 2347 1279 2399 intelligere
1300 2357 1522 2399 potuerunt.
1556 2347 1704 2384 Verum
1725 2347 1829 2386 enim

428 2414 583 2458 oratori,
617 2427 702 2465 quae
722 2413 808 2451 sunt
838 2414 877 2451 in
895 2412 1103 2451 hominum
1134 2413 1223 2457 vita,
1260 2413 1590 2465 (quandoquidem
1612 2413 1651 2450 in
1673 2425 1714 2450 ea
1744 2426 1828 2450 ver·

430 2480 529 2518 satur
547 2489 686 2525 orator,
718 2489 831 2532 atque
852 2494 894 2517 ea
922 2480 973 2517 est
1007 2480 1040 2516 ci
1072 2479 1236 2532 subjecta
1267 2480 1459 2531 materies)
1496 2480 1627 2517 omnia
1660 2478 1826 2531 quaefita,

429 2545 569 2590 audita,
601 2545 710 2591 lecta,
739 2544 940 2598 disputata,
974 2546 1139 2591 tractata,
1171 2545 1322 2598 agitata,
1344 2545 1415 2584 effe
1434 2544 1588 2583 debent.
1638 2543 1703 2581 Est
1723 2542 1827 2580 enim
