2176 2912
494 187 813 230 LIBER
883 184 1458 224 SECUNDUS.
1628 197 1678 236 75

281 285 465 339 gymnico
485 282 693 322 certamine
719 280 894 319 victorias
916 280 1081 318 domum
1101 292 1194 316 cum
1215 277 1386 316 maxima
1406 277 1515 314 laude
1537 278 1679 314 retule-

282 362 385 390 runt.
431 352 537 389 Cum
557 362 766 402 puerorum
787 348 906 400 igitur
924 346 1068 385 formas
1089 355 1126 383 et
1146 358 1304 398 corpora
1324 357 1465 397 magno
1485 343 1550 381 hic
1571 357 1683 396 opere

280 419 483 456 miraretur
494 435 506 461 3
530 416 702 460 Horum,
725 415 910 466 inquiunt
929 414 1002 458 illi,
1024 413 1165 451 sorores
1183 412 1270 450 sunt
1290 410 1391 463 apud
1407 424 1475 448 nos
1492 411 1679 462 virgines:

279 495 409 535 quare,
445 495 521 534 qua
550 481 623 519 sint
643 481 719 519 illae
739 480 939 532 dignitate,
974 488 1081 531 potes
1113 491 1159 516 ex
1179 477 1240 516 his
1268 476 1460 529 suspicari.
1512 476 1682 513 Praebete

281 549 400 602 igitur
418 547 534 592 mihi,
553 547 692 600 quaeso,
714 547 858 600 inquit,
880 560 928 585 ex
944 545 1021 584 istis
1036 545 1251 598 virginibus
1268 542 1567 585 formofisfimas,
1588 542 1683 579 dum

280 617 400 669 pingo
420 615 473 660 id,
505 615 609 667 quod
638 614 837 667 pollicitus
859 613 942 652 sum
964 613 1088 657 vobis,
1120 621 1164 650 ut
1184 620 1342 650 mutum
1368 610 1408 648 in
1435 608 1685 647 fimulacrum

279 695 328 720 ex
339 681 497 720 animali
510 681 689 734 exemplo
706 681 841 718 veritas
859 678 1118 718 transferatur.
1140 679 1257 717 Tunc
1275 677 1508 715 Crotoniatae
1525 675 1684 728 publico

280 748 327 786 de
347 747 506 786 consilio
522 747 687 800 virgines
705 760 828 784 unum
850 747 890 784 in
909 746 1042 784 locum
1063 745 1345 788 conduxerunt,
1364 753 1402 782 et
1421 743 1573 796 pictori,
1592 755 1684 794 quas

282 814 411 859 vellet,
442 813 611 866 eligendi
637 813 863 866 potestatem
884 812 1084 850 dederunt.
1145 812 1217 849 Ille
1235 820 1364 848 autem
1385 810 1558 862 quinque
1579 808 1684 846 dele-

280 880 366 932 git;
399 893 565 932 quarum
596 879 755 916 nomina
783 878 902 916 multi
930 887 1050 930 poetae
1071 877 1270 915 memoriae
1301 875 1552 918 tradiderunt,
1581 874 1687 926 quod

279 946 360 996 ejus
381 944 498 983 effent
510 943 661 997 judicio
681 944 863 997 probatae,
881 944 950 996 qui
965 943 1203 981 veriffimum
1223 941 1526 995 pulchritudinis
1546 940 1687 978 habere

275 1011 474 1062 judicium
500 1009 700 1049 debuiffet.
750 1004 892 1063 Neque
918 1010 1025 1048 enim
1045 1009 1208 1062 putavit,
1231 1008 1376 1052 omnia,
1398 1021 1483 1059 quae
1503 1016 1687 1058 quaereret

282 1076 329 1114 ad
348 1076 600 1122 venustatem,
623 1090 701 1115 uno
721 1076 761 1115 in
783 1090 942 1130 corpore
958 1075 993 1114 se
1014 1075 1178 1128 reperite
1198 1074 1299 1128 poffe
1315 1092 1326 1119 3
1359 1074 1444 1111 ideo
1465 1072 1570 1125 quod
1586 1071 1686 1110 nihil

283 1142 449 1195 fimplici
470 1143 510 1181 in
528 1156 665 1195 genere
694 1143 878 1181 omnibus
898 1156 946 1181 ex
966 1142 1138 1196 partibus
1160 1140 1376 1194 perfectum
1406 1148 1541 1177 natura
1565 1151 1686 1191 expo-

283 1207 383 1246 livit.
444 1209 592 1261 Itaque,
623 1218 809 1261 tanquam
827 1209 971 1248 caeteris
993 1222 1071 1247 non
1101 1208 1146 1246 fit
1165 1207 1344 1246 habitura
1363 1205 1468 1259 quod
1490 1205 1686 1258 largiatur,

284 1274 311 1311 fi
332 1274 400 1312 uni
416 1276 553 1312 cuneta
572 1274 809 1320 concesserit,
831 1274 936 1313 aliud
955 1275 1020 1312 alii
1039 1273 1241 1314 commodi
1261 1273 1392 1326 aliquo
1416 1272 1596 1324 adjuncto
1624 1271 1687 1308 in-

284 1340 494 1377 commodo
515 1350 752 1380 muneratur.

339 1405 393 1443 11.
427 1406 546 1457 Qod
566 1408 754 1458 quoniam
772 1407 884 1445 nobis
905 1420 1061 1459 quoque
1081 1405 1290 1445 voluntatis
1312 1404 1466 1448 accidit,
1495 1412 1539 1441 ut
1567 1412 1688 1442 artem

284 1471 439 1510 dicendi
460 1472 795 1526 perscriberemuS,
827 1487 906 1511 non
926 1487 1051 1511 unum
1071 1472 1229 1525 aliquod
1251 1470 1521 1524 proposuimus
1551 1483 1687 1508 exem-

284 1538 411 1591 plum,
443 1540 554 1591 cujus
575 1552 710 1588 omnes
731 1548 869 1592 partes,
901 1552 1153 1592 quocumque
1175 1537 1293 1577 effent
1323 1537 1364 1574 in
1384 1549 1534 1589 genere,
1558 1537 1687 1589 expri-

285 1605 435 1644 mendae
466 1606 578 1644 nobis
608 1605 811 1644 necefl‘ario
830 1606 1080 1651 viderentur3
1111 1605 1187 1649 sed,
1218 1603 1401 1643 omnibus
1421 1617 1547 1640 unum
1568 1603 1608 1640 in
1628 1603 1688 1640 lo-

285 1684 378 1710 cum
398 1673 538 1710 coaffis
559 1672 822 1725 scriptoribus,
844 1672 948 1725 quod
969 1672 1130 1725 quisque
1151 1669 1460 1709 commodiffime
1487 1670 1691 1722 praecipere

286 1738 499 1783 videbatur,
538 1739 810 1791 excerpsimus,
852 1748 891 1775 et
934 1752 980 1776 ex
1021 1738 1132 1775 variis
1174 1736 1339 1790 ingeniis
1375 1735 1692 1773 excellentisfima

287 1817 450 1856 quaeque
469 1805 691 1843 libavimus.
735 1806 797 1842 Ex
816 1805 862 1842 iis
883 1806 1003 1849 enirn,
1034 1804 1103 1857 qui
1129 1804 1289 1842 nomine
1310 1813 1348 1840 et
1373 1801 1562 1839 memoria
1581 1801 1691 1853 digni

287 1870 390 1914 sunt,
408 1883 478 1907 nec
499 1869 599 1908 nihil
619 1871 781 1922 optime,
805 1883 875 1908 nec
895 1871 1027 1908 omnia
1046 1870 1324 1922 praeclariffime
1340 1867 1545 1921 quisquam
1565 1867 1692 1906 dicere

289 1937 400 1974 nobis
417 1937 629 1974 videbatur.
653 1937 899 1989 Qapropter
916 1936 1075 1974 stultitia
1091 1936 1199 1974 vobis
1215 1935 1291 1973 visa
1307 1935 1372 1979 est,
1391 1944 1456 1972 aut
1477 1948 1497 1971 a
1515 1934 1613 1972 bene
1627 1934 1690 1972 in-

288 2004 410 2040 ventis
431 2003 592 2055 alicujus
614 2003 800 2048 recedere,
837 2003 863 2041 fi
892 2017 970 2055 quo
991 2003 1031 2041 in
1051 2003 1146 2040 vitio
1176 2003 1257 2054 ejus
1285 2001 1567 2040 offenderemur
1582 2020 1593 2046 5
1626 2010 1692 2038 aut

288 2069 334 2107 ad
353 2070 446 2107 vitia
467 2083 621 2122 quoque
655 2070 735 2122 ejus
757 2070 948 2114 accedere,
980 2070 1090 2122 cujus
1120 2069 1250 2121 aliquo
1281 2068 1378 2106 bene
1407 2076 1598 2120 praecepto
1617 2067 1690 2104 du-

289 2149 476 2173 ceremur.

346 2202 465 2254 Qod
486 2202 511 2240 fi
540 2202 580 2240 in
615 2203 758 2241 caeteris
786 2217 942 2256 quoque
972 2203 1105 2241 studiis
1137 2215 1157 2240 a
1187 2201 1322 2240 multis
1351 2200 1492 2253 eligere
1512 2199 1690 2238 homines

290 2269 648 2308 commodissimum
680 2270 875 2322 quodque,
907 2283 1025 2322 quam
1055 2269 1128 2307 sese
1158 2269 1226 2306 uni
1260 2268 1375 2306 alicui
1409 2278 1512 2305 certo
1552 2267 1691 2304 vellent

291 2335 475 2379 addicere,
507 2336 636 2374 minus
664 2336 704 2373 in
736 2337 988 2389 arrogantiam
1023 2335 1257 2387 offenderent
1271 2353 1283 2379 ;
1316 2348 1392 2372 non
1426 2344 1619 2386 tantopere
1653 2332 1693 2368 in

293 2402 394 2439 vitiis
415 2402 712 2454 perseverarent,
735 2403 931 2454 aliquanto
951 2404 1071 2441 levius
1091 2416 1138 2440 ex
1159 2402 1309 2440 inscitia
1328 2401 1554 2439 laborarent.
1586 2401 1646 2437 Ac
1666 2397 1693 2436 fi

293 2480 358 2520 par
388 2468 428 2505 in
462 2469 573 2507 nobis
607 2468 721 2521 hujus
742 2470 846 2514 artis,
877 2479 991 2522 atque
1010 2469 1049 2507 in
1081 2469 1150 2507 illo
1170 2469 1339 2521 pic‘turae,
1371 2467 1526 2505 scientia
1551 2463 1691 2505 fuiffet‚

290 2527 440 2567 fortaffe
461 2531 581 2582 magis
615 2529 690 2570 hoc
711 2531 777 2570 suo
797 2532 837 2570 in
857 2544 994 2584 genere
1013 2541 1109 2584 opus
1131 2529 1316 2575 nostrum,
1348 2542 1466 2581 quam
1484 2527 1550 2565 ille
1570 2526 1610 2564 in
1631 2524 1693 2561 sua

934 2597 971 2634 K
1003 2609 1024 2635 2
