2176 2912
604 154 1380 195 CICERONIS.
1681 169 1728 211 15

441 259 530 298 ditae
551 258 638 297 sunt
657 271 757 296 anno
785 257 902 307 1428.
934 256 1020 296 satis
1054 257 1264 309 eleganter,
1299 270 1425 309 neque
1447 265 1489 295 ut
1510 257 1728 309 plurimum

437 321 667 358 inaccurate.
715 319 928 356 Sciendum
948 332 1037 356 vero
1057 318 1208 356 aliorum
1236 318 1426 370 Epistolas
1455 319 1636 357 Ciceroni
1663 320 1731 358 dar-

437 388 491 418 tas
513 380 660 432 ubique
680 379 758 418 fere
778 379 886 432 plura
907 380 1104 418 continere
1126 379 1264 417 menda
1282 393 1399 431 quam
1421 379 1535 431 ipsius
1554 381 1733 420 Ciceronis

436 441 484 478 ad
499 442 658 479 amicos.
706 441 922 479 Nonnullae
944 440 1128 493 Epistolae
1158 440 1245 492 plus
1277 440 1391 478 semel
1420 450 1643 486 occurrunt,
1674 451 1734 480 at-

437 515 515 554 que
547 502 623 539 illae
653 501 813 554 quidem
842 501 936 540 adeo
960 501 1060 540 inter
1087 501 1121 538 se
1155 501 1426 553 discrepantes,
1464 510 1507 540 ut
1535 502 1671 540 eodem
1701 503 1737 540 se

435 563 607 601 habuisse
628 562 747 600 modo
768 563 808 599 in
835 563 1045 614 exemplari
1077 562 1178 600 unde
1205 562 1399 616 descripta:
1420 561 1578 606 fuerint,
1609 563 1737 602 statim

436 632 576 676 pateat.
626 623 774 661 Videsis
802 623 894 661 Lib.
920 636 1006 661 xn.
1041 625 1119 675 Ep.
1144 636 1287 668 xxix5
1331 624 1400 661 ubi
1430 623 1628 662 Variantes
1650 624 1739 663 sunt

437 684 636 736 utriusque
656 684 733 722 loci
754 684 1076 736 aliquammul'tae,
1108 697 1178 722 nec
1202 695 1330 722 tamen
1352 685 1411 722 vel
1434 683 1548 722 semel
1581 686 1681 723 inter
1701 686 1737 724 se

438 746 591 798 prorsus
613 745 882 794 consentiunt..
927 746 1109 797 Denique
1130 745 1206 783 hoc
1233 747 1271 783 in
1301 746 1402 783 libro
1434 746 1580 797 ubique
1614 754 1641 770 ‘⁶
1660 757 1737 786 tum

437 806 529 852 hoc,
552 816 628 845 tum
649 807 787 850 illud‚’'
809 806 999 858 nusquam
1018 821 1120 851 vero,
1143 807 1273 844 saltem
1293 807 1487 851 rarissime,
1512 815 1626 846 “cum
1644 808 1735 853 hoc,

438 878 516 906 tum
536 868 674 912 illud,’'
705 867 876 919 legitur3
910 868 949 904 id
977 869 1083 919 quod
1117 869 1218 906 inter
1242 869 1439 906 Variantes
1465 868 1567 906 haud
1591 872 1737 914 notavi,

438 929 552 967 semel
574 927 848 978 hicmonuiffe
870 938 1092 967 contentus.

506 1073 640 1111 Codex
660 1073 875 1111 membran.
901 1072 995 1111 folio
1013 1074 1174 1111 minoris
1193 1072 1327 1112 formae
1343 1073 1446 1112 Coll.
1464 1074 1569 1112 Nov.
1592 1075 1632 1112 in
1651 1076 1736 1114 Cat.

442 1134 554 1172 Bodl.
578 1135 696 1173 1216.
733 1135 936 1172 Orationes
971 1148 1019 1183 14
1048 1135 1286 1187 Philippicas
1315 1135 1503 1180 continet,
1535 1135 1740 1190 diligenter

442 1195 613 1249 scriptas,
643 1204 682 1232 et
701 1204 787 1232 ante
807 1208 941 1239 annOS,
973 1197 1030 1233 uti
1051 1196 1215 1240 videtur,
1247 1196 1376 1234 saltem
1400 1197 1492 1235 DC.

500 1338 635 1376 Codex
656 1339 872 1376 membran.
905 1338 974 1377 fol.
1000 1339 1100 1377 Coll.
1137 1338 1240 1378 Nov.
1265 1340 1303 1377 in
1330 1341 1454 1379 Catal.
1479 1341 1590 1379 Bodl.
1618 1356 1735 1397 1213.

442 1399 631 1438 Continet
650 1400 838 1438 orationes
862 1413 926 1452 37.
959 1413 1124 1451 quarum
1146 1401 1231 1437 duae
1264 1401 1363 1439 ‘scil.
1396 1415 1465 1454 pro
1493 1403 1676 1454 Dejotaro
1697 1414 1735 1442 et

445 1461 485 1498 in
518 1460 677 1499 Catilin.
697 1460 755 1510 2.)
791 1461 846 1498 bis
879 1461 1076 1513 leguntur.
1136 1462 1245 1499 Prior
1275 1463 1381 1500 locus
1409 1463 1625 1514 designatur
1658 1484 1685 1513 χ
1717 1480 1732 1505 1

444 1521 538 1559 alter
580 1539 607 1568 χ
640 1536 690 1575 3⁵
739 1531 776 1559 et
817 1535 909 1559 cum
955 1523 1114 1560 eandem
1160 1532 1321 1574 uterque
1364 1524 1573 1562 lec-“tionem
1621 1527 1735 1565 exhi-

444 1583 522 1628 bet,
553 1603 580 1632 χ
602 1596 635 1627 1,
659 1597 696 1635 3.
758 1582 898 1620 Nitide
931 1583 1122 1628 scribitur,
1154 1595 1281 1635 atque,
1316 1593 1356 1622 ut
1388 1585 1619 1637 plurimum,
1651 1589 1736 1626 satis

444 1644 678 1696 diligentem
724 1643 786 1681 sed
821 1644 861 1681 in
899 1644 1008 1682 Orat.
1043 1658 1111 1697 pro
1146 1645 1208 1682 Cl.
1261 1646 1381 1683 Avito
1415 1646 1564 1698 semper
1596 1648 1737 1700 legitur

446 1713 474 1729 “
493 1705 557 1743 cl.
583 1705 784 1750 Habit0;”
815 1705 911 1742 etin
936 1711 985 1742 2³.
1008 1706 1053 1743 de
1077 1707 1181 1757 Lege
1203 1707 1374 1758 Agraria,
1400 1722 1467 1759 pro
1490 1715 1516 1731 “
1535 1709 1736 1759 Qirites''

444 1766 590 1818 ubique
611 1765 687 1803 fere
707 1766 848 1817 legitur
870 1773 896 1789 “
917 1767 1088 1817 Qare.''
1134 1769 1230 1804 Tres
1254 1768 1342 1812 istw,
1367 1776 1530 1819 quarum
1553 1771 1657 1808 tituli
1680 1772 1735 1809 se-

445 1837 633 1879 quuntur,
665 1840 754 1864 cum
778 1827 817 1864 in
840 1827 910 1864 hac
931 1828 1097 1866 editione
1118 1841 1194 1866 non
1217 1829 1417 1881 impreffie,
1449 1831 1536 1868 ideo
1557 1845 1626 1869 nec
1652 1834 1738 1871 col-

443 1888 528 1926 latae
554 1887 639 1925 sunt
658 1901 667 1924 ε

503 1995 529 2011 “
554 1988 600 2025 C.
626 1987 751 2040 Crispi
773 1987 938 2026 Sallustii
964 1989 1084 2028 oratio
1112 1990 1152 2027 in
1174 1989 1237 2028 M.
1259 1990 1309 2028 T.
1335 1991 1565 2030 Ciceronem
1596 1993 1734 2048 incipit

447 2058 474 2074 “
491 2049 697 2088 feliciter.’'

505 2171 532 2188 “
555 2165 617 2202 M.
642 2165 770 2203 Tullii
793 2165 991 2203 Ciceronis
1020 2167 1140 2204 oratio
1172 2167 1211 2204 in
1234 2167 1282 2205 C.
1307 2168 1487 2220 Crispum
1512 2168 1734 2209 Sallustium

451 2233 478 2249 ‘⁵
499 2225 636 2277 incipit
656 2225 862 2265 feliciter.''

505 2293 534 2309 “
557 2287 619 2324 M.
644 2288 696 2327 T.
725 2288 923 2327 Ciceronis
954 2288 1073 2325 oratio
1103 2287 1225 2340 pridie
1254 2303 1370 2341 quam
1403 2291 1473 2330 iret
1501 2291 1548 2329 in.
1572 2292 1740 2331 exilium-

453 2346 679 2400 “incipit.''
805 2350 1014 2388 Annorum
1044 2349 1194 2388 circiter
1229 2351 1354 2391 CCC.
