2176 2912
417 199 494 252 526
792 195 1427 235 ORATORIAE

414 302 479 329 aut
499 290 610 344 poffit
629 289 725 335 fieri,
757 299 821 328 aut
852 303 929 327 nou
949 289 1073 342 poffit,
1105 298 1144 328 et
1174 289 1269 342 quid
1296 297 1359 326 aut
1389 287 1532 327 necesse
1556 287 1614 333 sit,
1646 296 1711 326 aut
1741 301 1819 327 non

413 357 572 396 neceffe.
633 357 739 396 Nam
760 364 812 401 et,
847 356 874 394 fi
895 356 990 408 quid
1021 355 1123 393 effici
1144 369 1220 393 non
1243 355 1378 407 potest,
1406 354 1630 392 deliberatio
1651 353 1817 399 tollitur,

414 424 592 476 quamvis
627 422 722 460 utile
756 423 828 467 fit;
871 432 922 467 et,
956 422 981 459 fi
1016 422 1111 474 quid
1142 421 1283 459 neceffe
1315 421 1380 465 est,
1429 420 1590 471 (necesse
1620 430 1748 458 autem
1778 420 1818 458 id

414 491 466 528 est
498 490 574 527 fine
607 503 684 542 quo
715 489 819 533 salvi,
852 489 1010 526 liberive
1044 488 1115 526 effe
1147 501 1225 525 non
1256 487 1471 540 poffumus)
1504 486 1544 524 id
1577 486 1629 523 est
1660 486 1819 538 reliquis

414 567 452 594 et
477 556 737 594 honestatibus
769 556 809 592 in
844 555 951 593 civili
985 555 1144 599 ratione,
1175 564 1213 591 et
1242 553 1460 592 commodis
1487 553 1817 604 anteponendum.
1857 550 1861 552 ’

415 625 520 661 Cum
555 631 684 659 autem
717 622 914 673 quaeritur,
950 620 1044 672 quid
1077 620 1157 658 fieri
1188 619 1312 671 poffit‚
1355 619 1566 656 videndum
1600 619 1716 656 etiam
1752 618 1819 662 est,

415 703 534 741 quam
554 687 666 725 facile
686 687 810 739 poffit.
858 687 964 724 Nam
985 700 1070 737 quae
1090 685 1333 738 perdifficilia
1359 684 1458 729 sunt,
1490 684 1647 737 perinde
1673 683 1820 722 haben-

415 755 462 792 da
481 754 575 806 saepe
594 753 695 797 sunt,
727 766 769 789 ac
790 752 815 789 fi
836 751 937 789 effici
958 765 1036 789 non
1056 751 1208 804 poffint.
1258 751 1311 788 Et
1331 764 1424 788 cum
1445 750 1491 788 de
1521 750 1735 788 neceffitate
1762 759 1820 788 at-

416 820 632 863 tendemus,
675 818 741 856 etsi
776 817 923 870 aliquid
957 831 1035 855 non
1070 816 1316 855 neceffarium
1354 817 1563 861 videbitur,
1609 816 1822 854 videndum

416 896 545 924 tamen
566 886 652 929 erit,
684 898 803 936 quam
824 884 867 921 fit
898 897 1100 936 magnum.
1152 883 1272 935 Qod
1292 883 1397 921 enim
1425 883 1624 935 permagni
1654 882 1820 927 interest,

416 966 486 1006 pro
518 950 719 989 neceffario
753 950 846 1002 saepe
876 948 1053 988 habetur.
1115 950 1263 1001 Itaque,
1296 963 1389 987 cum
1420 948 1565 986 constet
1596 947 1671 986 hoc
1702 956 1822 1001 genus

416 1018 612 1056 causarum
642 1031 689 1055 ex
710 1016 875 1054 suafione
907 1025 944 1053 et
975 1015 1211 1060 diffuafione‚
1243 1015 1380 1054 suasori
1408 1015 1636 1067 proponitur
1662 1015 1824 1067 sunplex

417 1085 512 1123 ratio
528 1103 540 1129 5
564 1085 601 1122 Si
622 1093 660 1121 et
681 1083 775 1120 utile
796 1083 862 1127 est,
880 1092 918 1120 et
938 1082 1020 1120 fieri
1042 1082 1176 1134 potest,
1199 1081 1278 1120 fiat.
1312 1081 1520 1120 Diffuasori
1540 1081 1682 1133 duplex
1699 1099 1710 1124 ;
1734 1095 1823 1126 una,

416 1151 443 1189 fi
463 1164 540 1188 non
573 1149 668 1197 utile
688 1149 753 1194 est,
784 1162 832 1186 ne
863 1148 928 1186 fiat
945 1167 957 1193 3
989 1149 1118 1193 altera,
1149 1148 1175 1185 fi
1211 1147 1294 1185 fieri
1325 1161 1403 1186 non
1436 1148 1571 1201 potest,
1603 1160 1672 1185 nec
1706 1147 1823 1185 susci-

418 1212 558 1265 piatur.
619 1211 680 1249 Sic
701 1210 836 1248 suasori
871 1220 1083 1262 utrumque
1103 1209 1323 1248 docendum
1349 1209 1415 1253 est,
1447 1208 1640 1247 dissuasori
1660 1208 1825 1248 alterum

418 1277 611 1316 infirmare
642 1277 694 1315 sat
714 1277 778 1314 est.
827 1278 969 1328 Qare,
993 1277 1178 1328 quoniam
1209 1276 1248 1313 in
1269 1275 1330 1315 his
1352 1275 1517 1314 versatur
1551 1288 1668 1314 omne
1699 1275 1823 1314 confi-

418 1345 517 1382 lium
549 1344 712 1388 duobus,
746 1344 792 1381 de
823 1344 990 1381 utilitate
1024 1342 1110 1381 ante
1146 1342 1335 1387 dicamus,
1378 1357 1463 1395 quae
1497 1343 1538 1381 in
1566 1342 1824 1380 discemendis

418 1411 544 1454 bonis,
590 1409 776 1461 malisque
811 1409 988 1448 versatur,
1052 1410 1253 1447 Bonorum
1289 1418 1419 1447 autern
1454 1408 1595 1462 partim
1626 1407 1826 1446 neceffaria

420 1476 519 1520 sunt,
552 1485 594 1513 ut
615 1475 704 1519 vita,
739 1475 940 1528 pudicitia,
972 1475 1140 1519 libertas,
1176 1484 1220 1512 ut
1253 1475 1379 1519 liberi,
1415 1475 1617 1527 conjuges,
1636 1473 1824 1526 germani,

420 1551 616 1594 parentes:
649 1542 790 1593 partim
823 1555 900 1579 uon
932 1540 1145 1584 necessaria,
1168 1554 1337 1592 quorum
1357 1541 1430 1579 alia
1450 1540 1537 1579 sunt
1557 1554 1623 1592 per
1651 1540 1686 1578 se
1706 1553 1824 1592 expe-

418 1608 546 1652 tenda,
580 1616 623 1645 ut
652 1620 706 1652 ea,
738 1621 821 1659 quae
856 1607 921 1644 sita
947 1607 1035 1644 sunt
1065 1607 1104 1644 in
1137 1607 1291 1651 officiis,
1323 1595 1437 1659 atque
1467 1606 1707 1651 virtutibus5
1739 1605 1825 1651 alia,

420 1674 526 1726 quod
546 1673 691 1725 aliquid
713 1673 913 1712 commodi
934 1673 1122 1717 efficiunt,
1155 1682 1198 1710 ut
1219 1687 1308 1725 opes
1329 1682 1367 1710 et
1387 1673 1521 1725 copiae.
1572 1673 1722 1710 Eorum
1756 1685 1825 1710 au·-

420 1750 514 1785 tem,
537 1754 622 1792 quae
644 1748 799 1793 propter
819 1739 853 1776 se
887 1749 1132 1792 expetuntur,
1169 1740 1310 1791 partim
1341 1738 1535 1778 honestate
1562 1738 1652 1791 ipsa,
1684 1738 1827 1791 partim

419 1806 698 1844 commoditate
737 1807 878 1858 aliqua,
919 1815 1166 1858 expetuntur.
1238 1805 1448 1844 Honestate
1486 1819 1541 1850 ea,
1584 1819 1669 1857 quae
1706 1804 1826 1858 profi-

421 1872 617 1910 ciscuntur
637 1872 683 1910 ab
717 1872 760 1913 iis
788 1872 1011 1916 virtutibus,
1044 1871 1090 1910 de
1125 1872 1267 1924 quibus
1303 1872 1418 1925 paulo
1445 1881 1532 1912 ante
1565 1870 1617 1911 est
1647 1871 1825 1915 ἀίέῗιιῐῃς

422 1953 506 1991 quae
543 1934 629 1977 sunt
664 1938 868 1976 laudabilia
900 1937 976 1991 ipsa
995 1952 1061 1991 per
1087 1938 1135 1977 se.
1198 1939 1489 1977 commoditate
1520 1947 1650 1975 autem
1684 1937 1826 1988 aliqua,

422 2018 506 2057 quae
527 2003 613 2042 sunt
634 2005 672 2043 in
693 2004 862 2056 corporis
884 2014 948 2043 aut
968 2003 1132 2042 fortunae
1154 2003 1264 2042 bonis
1287 2004 1510 2056 expetenda.
1555 2003 1737 2053 Qorum
1757 2001 1829 2040 alia

422 2071 508 2108 suut
529 2071 630 2122 quali
652 2070 943 2123 quodammodo
977 2084 1069 2109 cum
1089 2070 1282 2108 honestate
1303 2071 1520 2122 conjunfta,
1552 2078 1594 2106 ut
1614 2067 1753 2113 honos,
1785 2077 1829 2107 ut

422 2137 543 2189 gloria
559 2155 569 2180 3
602 2136 672 2174 alia
691 2136 846 2182 diversa,
878 2146 920 2176 ut
947 2137 1057 2181 vires,
1077 2135 1215 2181 forma,
1238 2136 1430 2182 valetudo,
1452 2135 1646 2180 nobilitas,
1669 2134 1825 2180 divitiae,

424 2202 625 2240 clientelae.

476 2268 606 2306 XXV.
640 2267 706 2305 Est.
726 2268 841 2305 etiam
876 2268 977 2320 quasi
1001 2268 1175 2320 quaedam
1204 2268 1379 2306 materies
1410 2268 1575 2320 subjecfilza
1609 2266 1796 2306 honestati
1813 2286 1826 2312 3

423 2353 508 2393 qua:
540 2339 709 2377 maxime
732 2337 919 2391 spectatur
940 2339 979 2377 iu
999 2339 1194 2377 amicitiis.
1242 2339 1439 2377 Amicitiae
1466 2348 1595 2377 autem
1616 2338 1770 2377 caritate
1790 2346 1831 2375 et

426 2418 555 2444 amore
575 2414 798 2444 cernuntur.
846 2404 885 2443 N
891 2418 951 2443 am
969 2402 1061 2443 cum
1081 2405 1256 2450 deorum,
1280 2414 1364 2444 tum
1385 2414 1601 2459 parentum,
1622 2403 1830 2457 patriaeque

423 2472 566 2517 cultus,
588 2484 800 2524 eorumque
821 2469 1046 2517 hominum,
1077 2472 1145 2525 qui
1166 2480 1231 2510 aut
1251 2471 1433 2526 sapientia
1452 2481 1517 2510 aut
1537 2471 1676 2526 opibus
1697 2468 1827 2509 excel-

423 2538 524 2584 lunt,
554 2538 599 2578 ad
621 2538 818 2578 caritatem
848 2536 980 2578 referri
1005 2537 1113 2578 solet.
1173 2538 1368 2592 Conjuges
1400 2546 1543 2584 autem,
1574 2547 1612 2577 et
1631 2536 1756 2582 liberi,
1787 2543 1826 2574 et
