2176 2912
418 209 496 251 234
771 201 885 240 DE
963 200 1467 247 ORAToRE

416 306 508 331 cum
540 306 626 346 erga
663 303 865 340 oratorem,
907 303 994 334 turn
1027 308 1113 348 erga
1143 295 1270 341 illum,
1312 309 1382 349 pro
1417 307 1496 347 quo
1533 292 1636 333 dicet
1671 303 1809 333 orator.

418 359 688 398 Conciliantur
705 370 833 398 autem
863 361 983 398 animi
1003 361 1187 413 dignitate
1216 360 1402 405 hominis,
1433 360 1544 398 rebus
1564 360 1690 413 gestiS,
1711 359 1810 398 exis-

417 425 617 462 timatione
637 426 723 464 vitae
738 445 749 470 3
783 440 865 478 quae
886 426 1036 464 facilius
1056 427 1178 464 ornari
1198 426 1363 478 possunt,
1394 427 1420 464 fi
1441 426 1557 464 modo
1575 426 1676 471 sunt,
1693 438 1811 478 quam

417 489 526 541 fingi,
557 490 583 528 fi
610 491 717 529 nulla
735 492 834 529 sunt.
886 492 955 529 Sed
976 490 1057 529 haec
1077 491 1256 542 adjuvant
1280 493 1319 529 in
1347 501 1505 535 oratore,
1536 491 1670 529 lenitas
1691 492 1812 534 vocis,
1856 528 1860 529 ⁷

416 554 559 600 vultus,
597 556 752 608 pudoris
784 556 1021 608 significatio,
1053 556 1256 593 verborum
1287 557 1472 594 comitas:
1505 556 1531 593 fi
1564 556 1658 608 quid
1687 555 1812 608 perse-

415 633 531 672 quare
564 622 700 666 acrius,
733 631 774 658 ut
810 622 951 662 invitus
975 631 1012 658 et
1040 623 1191 658 coactus
1220 620 1341 658 facere
1374 622 1536 659 videare.
1584 623 1616 659 F
1620 622 1813 665 acilitatis,

415 685 665 730 liberalitatis,
688 685 1004 729 mansuetudinis,
1026 686 1192 737 pietatis,
1213 686 1309 737 grati
1330 686 1466 729 animi,
1487 699 1563 723 non
1583 686 1813 738 appetentis,

415 763 493 788 non
514 751 627 795 avidi,
649 751 752 802 figna
769 749 929 802 proferri
954 750 1117 802 perutile
1137 750 1189 788 est
1205 769 1216 794 ;
1248 764 1365 802 eaque
1388 751 1532 795 omnia,
1565 763 1649 802 quae
1669 751 1814 803 probo-

415 829 517 860 rum,
553 816 815 860 demifforum,
845 828 923 853 non
942 817 1104 861 acrium,
1126 830 1203 854 non
1224 817 1494 868 pertinacium,
1525 830 1602 854 non
1622 815 1814 869 litigioso-

415 894 518 926 rum,
546 895 624 919 non
644 882 869 919 acerborum
890 881 989 926 sunt,
1020 882 1128 919 valde
1158 882 1464 920 benevolentiam
1491 882 1711 926 conciliant,
1743 882 1814 920 ab-

414 948 657 1000 alienantque
677 949 724 986 ab
744 948 807 992 iis,
837 948 876 985 in
898 948 1040 1000 quibus
1061 947 1142 986 haec
1163 962 1241 986 non
1258 948 1358 987 sunt.
1417 949 1551 1000 Itaque
1572 948 1704 986 eadem
1725 947 1815 986 sunt

414 1013 455 1051 in
474 1014 699 1052 adversarios
720 1027 766 1052 ex
785 1015 975 1052 contrario
994 1013 1237 1052 conferenda.

471 1080 542 1117 Sed
571 1093 689 1132 genus
710 1078 786 1117 hoc
817 1089 945 1117 totum
971 1080 1153 1118 orationis
1173 1080 1213 1117 in
1234 1081 1281 1117 iis
1307 1080 1424 1117 causis
1444 1078 1621 1122 excellet,
1651 1079 1691 1116 in
1721 1079 1814 1130 qui.-

415 1143 486 1181 bus
519 1145 647 1182 minus
678 1145 801 1196 potest
831 1144 1062 1182 inflammari
1093 1146 1244 1182 animus
1260 1144 1404 1195 judicis
1434 1144 1510 1180 acri
1534 1152 1572 1180 et
1591 1141 1815 1181 vehementi

414 1210 581 1261 quadam
601 1210 835 1248 incitatione.
867 1211 962 1248 Non
980 1210 1088 1247 enim
1108 1210 1254 1262 semper
1272 1209 1382 1246 fortis
1396 1209 1516 1247 oratio
1536 1209 1732 1261 quaeritur,
1751 1208 1817 1246 sed

415 1275 510 1328 saepe
539 1275 702 1328 placida,
731 1275 938 1320 summissa,
969 1275 1079 1320 lem’s,
1116 1289 1200 1327 quae
1234 1275 1404 1314 maxime
1434 1274 1682 1313 commendat
1714 1287 1817 1314 reos.

416 1341 517 1379 Reos
548 1350 678 1379 autem
699 1341 848 1393 appello
880 1354 957 1379 non
976 1354 1039 1378 eos
1070 1341 1202 1385 modo,
1235 1342 1302 1393 qui
1321 1350 1547 1394 arguuntur,
1577 1340 1638 1378 sed
1664 1353 1816 1385 omnes,

414 1421 583 1459 quorum
604 1408 650 1445 de
671 1422 709 1445 re
730 1408 960 1460 disceptatur
977 1421 986 1445 :
1018 1407 1068 1445 fic
1088 1408 1193 1445 enim
1214 1407 1310 1445 olim
1339 1407 1610 1459 loquebantur.
1656 1407 1818 1445 Horum

414 1474 535 1525 igitur
554 1474 765 1525 exprimere
785 1486 909 1511 mores
932 1473 1115 1518 oratione,
1142 1473 1276 1524 justos,
1309 1473 1490 1526 integros,
1522 1472 1728 1524 religiosos,
1760 1472 1816 1509 ti-

417 1540 556 1582 midos,
589 1538 817 1590 perferentes
852 1539 1094 1589 injuriarum,
1126 1539 1271 1576 mirum
1295 1539 1481 1590 quiddam
1511 1539 1636 1583 valet3
1669 1547 1707 1576 et
1737 1537 1815 1576 hoc

415 1605 476 1642 vel
508 1605 546 1642 in
582 1604 795 1656 principiis,
824 1604 883 1640 vel
914 1604 952 1640 in
975 1616 1012 1640 re
1032 1604 1225 1647 narranda,
1257 1604 1316 1640 vel
1348 1604 1386 1641 in
1417 1605 1636 1656 peroranda,
1668 1613 1817 1642 tantam.

416 1669 531 1707 habet
551 1671 646 1713 vim,
678 1670 702 1707 fi
721 1669 773 1707 est
792 1669 966 1713 suaviter,
996 1678 1034 1706 et
1054 1682 1146 1707 cum
1167 1669 1272 1706 sensu
1294 1671 1511 1713 tractatum,
1532 1678 1575 1706 ut
1596 1669 1688 1722 saepe
1708 1669 1819 1722 plus,

415 1748 534 1788 quam
555 1734 674 1779 causa,
706 1734 839 1772 valeat.
886 1736 1061 1772 Tantum
1082 1743 1210 1771 autem
1230 1734 1394 1772 efficitur
1415 1734 1520 1772 sensu
1555 1735 1739 1786 quodam,
1769 1747 1814 1772 ac

418 1803 561 1840 ratione
583 1801 748 1845 dicendi,
786 1810 828 1838 ut
851 1800 953 1851 quafi
975 1813 1097 1837 mores
1125 1801 1282 1837 oratoris
1303 1800 1458 1852 effingat
1479 1801 1613 1838 oratio.
1664 1801 1820 1838 Genese

416 1869 521 1905 enim
543 1868 712 1919 quodam
732 1867 1017 1910 sententiarum,
1047 1875 1084 1904 et
1104 1879 1240 1918 genere
1259 1867 1479 1911 verborum,
1507 1866 1679 1905 adhibita
1697 1867 1814 1905 etiam

418 1935 564 1970 ac'tione
584 1933 674 1977 leni,
689 1931 990 1983 facilitatemque
1006 1931 1247 1984 significanti,
1265 1932 1444 1976 efficitur,
1462 1942 1504 1969 ut
1516 1933 1642 1984 probi,
1660 1941 1703 1969 ut
1718 1932 1815 1970 bene

418 2001 570 2044 morati,
592 2009 634 2036 ut
654 2000 746 2037 boni
765 1999 849 2043 viri,
871 1998 940 2036 effe
962 1999 1173 2036 videantur.

476 2066 622 2103 XLIV.
655 2066 763 2103 Huic
784 2074 911 2102 autem
929 2064 980 2101 est
1002 2063 1066 2101 illa
1078 2064 1200 2116 dispar
1216 2064 1391 2114 adjunCta
1406 2063 1500 2100 ratio
1516 2063 1711 2107 orationis,
1729 2076 1814 2114 quae

420 2130 494 2168 alio
515 2130 682 2181 quodam
708 2143 844 2181 genere
865 2138 1010 2166 mentes
1036 2128 1218 2180 judicum
1238 2138 1450 2180 permovet,
1481 2127 1738 2179 impellitque,
1770 2137 1815 2166 ut

404 2205 486 2233 <aut
506 2196 668 2238 oderint,
699 2205 763 2232 aut
794 2195 969 2246 diligant,
1001 2203 1066 2231 aut
1095 2193 1304 2238 invideant,
1334 2203 1399 2231 aut
1419 2193 1562 2231 salvum
1582 2194 1714 2238 velint,
1750 2202 1816 2232 aut

422 2271 608 2304 metuant,
631 2269 695 2297 aut
715 2260 903 2312 spernant,
925 2268 990 2296 aut
1009 2259 1180 2310 cupiant,
1198 2268 1262 2295 aut
1281 2257 1521 2303 abhorreant,
1544 2267 1607 2296 aut
1621 2259 1814 2304 laetentur‚

423 2338 488 2365 aut
509 2335 706 2370 moereant,
729 2335 794 2363 aut
814 2325 1074 2368 misereantur,
1094 2334 1159 2361 aut
1179 2325 1313 2377 punire
1332 2325 1466 2369 velint,
1486 2334 1550 2362 aut
1577 2325 1622 2363 ad
1642 2339 1704 2363 eos
1725 2338 1815 2363 mo-

424 2404 485 2432 tus
506 2393 755 2436 adducantur,
785 2392 810 2429 fi
832 2392 900 2443 qui
926 2390 1086 2429 finitimi
1112 2390 1212 2436 sunt,
1247 2399 1284 2428 et
1303 2391 1511 2444 propinqui
1529 2390 1589 2429 his
1611 2405 1652 2429 ac
1675 2391 1816 2430 talibus

423 2459 543 2497 animi
562 2457 926 2510 perturbationibus.

478 2527 611 2576 Atque
636 2523 735 2561 illud
764 2522 978 2575 optandum
997 2521 1050 2560 est
1072 2522 1228 2567 oratori,
1259 2531 1302 2561 ut
1330 2522 1502 2575 aliquam
1530 2521 1816 2576 permotionem
