2176 2912
783 158 1313 199 ORATOR.
1676 175 1754 215 433

351 262 438 292 ante
460 252 671 298 divisimus,
704 261 747 290 ut
767 252 831 290 alii
851 265 994 304 graves,
1026 251 1091 290 alii
1112 260 1257 297 tenues,
1288 253 1352 290 alii
1380 254 1579 305 temperati
1614 254 1757 292 vellent

352 321 495 364 videri5
527 328 622 372 quot
642 319 862 356 orationum
892 332 1029 371 genera
1047 318 1118 356 effe
1149 318 1336 363 diximus,
1369 319 1531 358 totidem
1561 330 1755 359 oratorum

350 387 605 439 reperiuntur.

406 452 539 490 XVII.
572 453 639 496 Et,
661 451 847 504 quoniam
868 451 971 504 coepi
985 452 1069 503 jam
1089 450 1325 489 cumulatius
1346 450 1422 489 hoc
1444 465 1585 490 munus
1606 466 1753 505 augere,

349 533 468 573 quam
488 533 509 557 a
528 528 566 557 te
587 519 821 572 postulatum
841 518 907 563 est,
942 519 1033 570 (tibi
1053 519 1159 556 enim
1180 516 1332 557 tantum
1351 519 1398 557 de
1417 519 1598 557 orationis
1619 533 1755 571 genere

351 585 549 639 quaerenffl,
578 584 754 638 respondi
787 585 905 623 etiam
936 584 1101 622 breviter
1120 584 1166 622 de
1192 585 1424 623 inveniendo
1443 595 1480 623 et
1508 584 1753 636 collocando)

350 666 399 691 ne
419 666 523 690 nunc
543 652 704 704 quidem
736 651 860 690 solum
895 650 941 689 de
961 651 1143 689 orationis
1163 651 1281 689 modo
1302 652 1443 696 dicam,
1476 651 1537 689 sed
1568 651 1685 689 etiam
1710 651 1757 688 de

351 719 510 757 aetionis
531 734 539 757 :
572 719 625 756 ita
644 718 888 771 praetermiffa
907 731 990 770 pars
1011 718 1117 756 nulla
1136 718 1207 756 erit
1224 732 1233 756 :
1266 717 1582 771 quandoquidem
1604 718 1649 756 de
1670 732 1755 756 me-

351 786 475 824 moria
494 783 593 823 nihil
613 784 664 822 est
683 783 758 823 hoc
774 785 861 823 loco
881 784 1105 830 dicendum,
1127 799 1213 837 quae
1232 786 1454 824 communis
1474 785 1526 823 est
1544 785 1757 824 multarum

350 852 507 890 artium.

407 919 500 970 Qo
520 916 639 955 modo
669 925 799 955 autem
829 916 990 962 dicatur,
1020 917 1061 955 id
1081 916 1132 955 est
1152 918 1192 955 in
1212 917 1378 963 duobus,
1401 919 1440 956 in
1463 919 1624 972 agendo,
1659 929 1697 958 et
1717 919 1758 958 in

351 982 580 1037 eloquendo.
641 983 709 1021 Est
737 984 843 1021 enim
864 984 962 1022 actio
996 984 1099 1037 quafi
1129 984 1299 1037 corporis
1326 985 1501 1037 quaedam
1521 987 1756 1039 eloquentia,

351 1065 447 1090 cum
467 1050 611 1090 constet
631 1064 651 1088 e
669 1064 762 1089 voce
783 1060 896 1103 atque
916 1060 1042 1090 motu.
1079 1051 1198 1090 Vocis
1218 1052 1450 1092 mutationes
1471 1053 1635 1092 totidem
1656 1054 1757 1099 sunt,

352 1127 451 1171 quot
470 1118 704 1163 animorum,
740 1118 809 1170 qui
829 1118 999 1156 maxime
1031 1132 1123 1156 voce
1156 1128 1468 1158 commoventur.
1529 1121 1664 1173 Itaque
1693 1121 1760 1159 ille

351 1183 559 1237 perfectus,
594 1197 712 1236 quem
741 1184 977 1235 jamdudum
1002 1184 1125 1223 nostra
1156 1185 1301 1223 indicat
1327 1186 1462 1231 oratio,
1494 1195 1694 1240 utcunque
1724 1186 1760 1225 se

353 1250 535 1289 affeetum
566 1250 701 1295 videri,
737 1259 775 1288 et
794 1251 970 1289 animum
1003 1251 1191 1289 audientis
1213 1252 1361 1289 moveri
1386 1252 1503 1297 volet,
1536 1253 1588 1291 ita
1608 1262 1759 1297 certum

351 1317 458 1356 vocis
479 1316 700 1355 admovebit
732 1316 894 1362 sonum;
926 1317 973 1355 de
992 1331 1071 1370 quo
1090 1318 1200 1370 plura
1219 1317 1401 1364 dicerem,
1438 1319 1465 1356 fi
1485 1318 1559 1357 hoc
1578 1320 1759 1373 praecipi-

353 1384 445 1422 endi
466 1392 618 1436 tempus
639 1383 740 1429 esset,
772 1393 837 1422 aut
868 1384 894 1422 fi
926 1393 968 1422 tu
998 1383 1074 1422 hoc
1095 1398 1292 1437 quaereres.
1353 1385 1536 1423 Dicerem
1562 1386 1679 1424 etiam
1713 1386 1762 1424 de

353 1450 474 1503 gestu,
497 1464 590 1489 cum
609 1464 688 1503 quo
716 1451 874 1503 junCtus
896 1450 948 1489 est
968 1451 1113 1489 vultus.
1173 1451 1329 1502 Qibus
1361 1451 1559 1497 omnibus,
1591 1452 1669 1490 dici
1694 1453 1761 1491 vix

353 1517 490 1570 potest,
520 1526 711 1569 quantum
742 1517 900 1562 interfit,
933 1517 1266 1569 quemadmodum
1296 1527 1424 1556 utatur
1454 1528 1593 1557 orator.
1654 1520 1759 1558 Nam

353 1593 393 1623 et
423 1583 603 1629 infantes,
647 1584 806 1622 actionis
836 1584 1037 1636 dignitate,
1068 1584 1298 1637 eloquentiae
1330 1585 1422 1638 saepe
1454 1584 1627 1624 fructum
1659 1586 1760 1624 tule-

356 1659 469 1695 runt;
501 1660 538 1688 et
559 1650 699 1695 diserti,
731 1649 974 1688 deformitate
994 1651 1143 1703 agendi,
1176 1651 1292 1689 multi
1314 1651 1477 1689 infantes
1496 1653 1621 1704 putati
1644 1652 1731 1690 sunt
1746 1671 1760 1697 3

356 1725 400 1753 ut
419 1717 501 1768 jam
523 1730 600 1754 non
631 1716 709 1754 fine
727 1717 836 1755 causa
855 1716 1137 1755 Demosthenes
1159 1717 1350 1763 tribuerit,
1381 1727 1419 1756 et
1440 1718 1596 1771 primas,
1636 1727 1674 1756 et
1704 1718 1760 1756 sc-

356 1782 514 1827 cundas,
545 1790 583 1820 et
614 1783 740 1820 tertias
761 1783 915 1821 aetioni.
976 1783 1014 1820 Si
1047 1783 1153 1820 enim
1187 1783 1408 1836 eloquentia
1441 1784 1548 1823 nulla
1568 1785 1644 1823 fine
1674 1783 1761 1830 hac,

355 1846 438 1886 haec
459 1857 602 1892 autem,
618 1847 694 1885 fine
709 1847 943 1899 eloquentia,
963 1859 1064 1887 tanta
1082 1849 1134 1886 est
1150 1868 1161 1894 ;
1184 1859 1286 1887 certe
1305 1851 1522 1903 plurimum
1539 1851 1577 1889 in
1600 1851 1763 1889 dicendo

356 1913 492 1967 potest.
535 1914 653 1951 Volet
687 1914 805 1966 igitur
824 1914 902 1959 ille,
934 1915 1001 1967 qui
1032 1915 1259 1968 eloquentiae
1291 1917 1550 1969 principatum
1578 1926 1694 1969 petet,
1725 1926 1763 1954 et

356 1990 538 2019 contenta
558 1994 663 2026 voce,
695 1982 871 2019 atrociter
891 1982 1044 2026 dicere3
1077 1992 1115 2020 et
1143 1982 1357 2027 summissa,
1394 1983 1557 2028 leniter;
1589 1993 1626 2021 et
1647 1983 1761 2021 incli-

357 2046 459 2091 natfi,
488 2046 609 2084 videri
628 2048 780 2099 gravis,
814 2057 850 2086 et
870 2047 1023 2092 inflexa,
1047 2048 1286 2086 miserabilis.
1333 2049 1438 2086 Mira
1457 2049 1508 2086 est
1529 2049 1633 2087 enim
1655 2063 1762 2102 quae-

357 2112 447 2151 dam
467 2122 599 2151 natura
619 2114 747 2158 vocis3
771 2115 881 2166 cujus
903 2114 1076 2166 quidem,
1098 2128 1117 2152 e
1138 2115 1260 2153 tribus
1287 2115 1450 2153 omnino
1471 2115 1584 2160 sonis,
1605 2115 1761 2160 inflexo,

357 2189 485 2224 acuto,
506 2180 626 2232 gravi,
650 2189 753 2217 tanta
773 2180 830 2225 fit,
854 2190 891 2218 ct
911 2190 989 2218 tam
1010 2180 1129 2218 suavis
1150 2181 1305 2219 varietas
1327 2180 1492 2234 perfecta
1509 2182 1549 2219 in
1570 2182 1761 2220 cantibus.

414 2246 568 2283 XVIII.
601 2245 669 2283 Est
685 2255 814 2284 autem
835 2248 874 2284 in
895 2247 1059 2285 dicendo
1080 2247 1196 2285 etiam
1218 2248 1376 2300 quidam
1398 2257 1531 2286 cantus
1552 2248 1760 2292 obscurior,

360 2323 438 2348 non
458 2309 522 2348 hic
543 2324 564 2348 e
590 2310 770 2364 Phrygia,
804 2323 842 2350 et
864 2314 975 2351 Caria
996 2313 1195 2352 rhetorum
1213 2315 1402 2367 epilogus,
1426 2328 1520 2367 pene
1539 2313 1759 2357 canticum3

361 2376 422 2414 sed
442 2377 523 2422 ille,
556 2390 674 2429 quern
705 2378 893 2431 fignificat
913 2379 1208 2425 Demosthenes,
1244 2390 1282 2418 et
1302 2380 1517 2425 AEschincs,
1549 2394 1640 2418 cum
1669 2379 1763 2417 alter

358 2443 467 2482 alteri
499 2443 635 2495 objicit
665 2446 769 2483 vocis
801 2445 995 2485 flexiones.
1056 2447 1167 2485 Dicit
1187 2447 1297 2500 plura
1329 2448 1445 2485 etiam
1468 2445 1760 2490 Demosthenes,

443 2510 482 2550 T
500 2522 523 2549 0
542 2522 594 2549 M.
626 2510 659 2550 Ι.
1354 2543 1361 2549 ,
1379 2513 1395 2550 Ι
1417 2512 1429 2549 i
1449 2513 1461 2550 i
