2176 2912
415 178 491 230 346
741 178 871 217 DE
985 178 1456 217 CLARIS

413 270 698 322 disputationes,
721 285 804 322 quae
821 284 924 308 nunc
941 284 1169 308 communes
1189 271 1429 323 appellantur
1447 267 1539 307 loci.
1577 268 1696 319 Qod
1712 268 1817 307 idem

414 335 541 373 fecisse
563 338 765 389 Gorgiam,
796 351 889 375 cum
917 337 1152 389 singularum
1179 350 1305 374 rerum
1326 336 1468 380 laudes,
1499 334 1815 387 vituperationes-

415 415 491 452 que
511 402 780 454 conscripfifl‘et
796 421 807 447 3
839 402 946 455 quod
960 403 1149 454 judicaret
1170 401 1245 440 hoc
1266 402 1421 440 oratoris
1442 401 1512 438 effe
1535 401 1705 438 maxime
1725 413 1822 452 pro-

416 467 561 519 prium,
593 481 675 505 rem
703 481 838 519 augere
858 467 958 520 poffe
978 467 1181 511 laudando,
1211 467 1540 519 vituperandoque
1571 465 1694 503 rursus
1715 463 1817 502 affli-

415 546 518 584 gere.
552 533 660 571 Huic
681 532 968 585 Antiphontem
989 531 1277 570 Rhamnufiurn
1298 532 1435 569 fimilia
1455 531 1627 583 quaedam
1649 529 1818 568 habuiffe
1870 540 1874 541 ⁷

417 599 644 651 conscripta,
676 613 754 650 quo
786 599 982 636 neminem
1010 611 1182 649 unquam
1209 597 1347 635 melius
1369 597 1489 634 ullam
1509 596 1662 634 oravisse
1683 595 1817 647 capitis

418 664 583 708 causam,
620 677 712 701 cum
744 663 779 700 se
812 663 890 714 ipse
925 661 1157 705 defenderet,
1189 661 1224 698 se
1258 661 1448 705 audiente,
1493 660 1663 712 locuples
1690 661 1821 697 auctor

418 729 563 783 seripfit
583 727 847 779 Thucydides.
891 727 998 765 Nam
1015 727 1168 778 Lyfiam
1184 726 1312 778 primo
1333 726 1503 779 profiteri
1523 725 1680 763 solitum
1698 733 1822 762 artem

418 795 488 833 effe
508 794 684 837 dicendi3
718 792 867 838 deinde,
899 792 1003 844 quod
1023 791 1254 836 Theodorus
1285 791 1373 830 effet
1401 791 1441 829 in
1464 800 1541 829 arte
1560 790 1751 835 subtilior,
1779 789 1826 827 in.

417 860 655 900 orationibus
686 868 816 897 autem
830 859 1012 910 jejunior,
1043 859 1230 896 orationes
1249 872 1339 896 eum
1360 857 1519 896 scribere
1549 856 1632 895 aliis
1652 855 1827 909 coepiffe,

417 937 541 965 artem
573 925 783 964 removiss'e.
825 925 1012 963 Similiter
1032 924 1236 962 Isocratem
1266 925 1393 976 primo
1420 933 1539 961 artem
1570 922 1723 960 dicendi
1749 920 1822 959 effe

419 992 618 1045 negaviffe,
650 991 810 1028 scribere
830 999 958 1028 autem
979 990 1061 1028 aliis
1082 990 1239 1028 solitum
1259 990 1460 1034 orationes,
1493 988 1635 1041 quibus
1655 988 1695 1025 in
1711 987 1826 1040 judi-1

417 1060 489 1097 ciis
510 1067 707 1096 uterentur
723 1075 734 1101 3
766 1056 842 1102 sed,
873 1070 966 1093 cum
996 1070 1042 1094 ex
1071 1070 1116 1094 eo
1148 1056 1255 1108 (quia
1275 1056 1377 1107 quafi
1408 1055 1671 1092 committeret
1689 1062 1827 1091 contra

420 1125 563 1177 legem,
594 1136 673 1175 quo
693 1123 780 1174 quis
796 1122 947 1174 judicio
966 1122 1325 1171 circumveniretur)
1358 1121 1451 1173 saepe
1473 1120 1549 1172 ipse
1569 1120 1610 1156 in
1625 1119 1823 1171 judicium

419 1199 630 1233 vocaretur,
661 1189 850 1226 orationes
871 1188 953 1226 aliis
974 1187 1150 1225 destitisse
1169 1186 1344 1231 scribere,
1376 1195 1579 1237 totumque
1599 1185 1634 1222 se
1661 1184 1707 1222 ad
1726 1192 1822 1222 artes

419 1254 703 1308 componendas
724 1253 958 1292 transtuliffe.

475 1322 590 1360 XIII.
624 1321 676 1358 Et
698 1320 856 1358 Graeciae
875 1319 1033 1371 quidem
1053 1328 1248 1357 oratorum
1268 1328 1412 1371 partus,
1429 1327 1543 1370 atque
1562 1315 1688 1355 fontes
1702 1315 1820 1360 vides,

420 1388 466 1425 ad
481 1387 697 1426 nostrorum
714 1386 909 1424 annalium
927 1386 1130 1430 rationem,
1144 1395 1284 1423 veteres
1298 1403 1309 1429 3
1333 1385 1377 1422 ad
1389 1384 1578 1436 ipsorum,
1592 1383 1675 1420 sane
1691 1394 1821 1420 recen-

420 1464 491 1492 tes.
523 1454 630 1492 Nam
651 1462 857 1504 antequam
879 1452 1061 1489 deledhta
1079 1451 1131 1488 est
1149 1450 1447 1490 Atheniensium
1467 1450 1599 1487 civitas
1621 1448 1692 1486 hac
1712 1446 1823 1484 laude

420 1519 589 1563 dicendi,
621 1517 746 1555 multa
773 1518 856 1568 jam
889 1517 1153 1561 memorabilia
1179 1527 1216 1554 et
1236 1518 1275 1553 in
1297 1515 1514 1553 domesticis
1546 1523 1583 1552 et
1613 1515 1654 1551 in
1673 1512 1823 1551 bellicis

421 1585 532 1622 rebus
553 1583 740 1620 effecerat.
801 1583 892 1620 Hoc
926 1590 1054 1618 autem
1077 1581 1245 1618 studium
1277 1594 1354 1619 non
1375 1590 1452 1617 erat
1479 1592 1689 1616 commune
1710 1579 1824 1616 Grae-

420 1651 502 1695 ciae,
535 1650 596 1688 sed
623 1649 823 1701 proprium
845 1646 1102 1685 Athenarum.
1147 1647 1246 1697 Qis
1267 1647 1373 1684 enim
1398 1655 1462 1683 aut
1483 1645 1675 1697 Argivum
1695 1653 1823 1681 orato-

422 1729 517 1760 rem,
535 1725 599 1752 aut
617 1712 884 1757 Corinthium,
906 1722 971 1750 aut
987 1711 1223 1750 Thebanum
1243 1711 1312 1750 scit
1328 1711 1436 1749 fuisse
1457 1710 1695 1762 temporibus
1717 1709 1792 1746 illis
1809 1709 1822 1746 ?

422 1782 490 1820 nifi
512 1781 606 1833 quid
627 1781 672 1818 de
693 1778 976 1832 Epaminonda,
1009 1778 1120 1815 dotto
1140 1777 1314 1822 homine,
1344 1777 1520 1828 suspicari
1539 1776 1648 1813 libet.
1701 1775 1824 1812 Lace-

422 1844 661 1885 daemonium
685 1859 772 1883 vero
793 1844 911 1896 usque
942 1843 989 1881 ad
1022 1842 1097 1881 hoc
1131 1852 1283 1894 tempus
1317 1843 1445 1880 audivi
1472 1840 1581 1879 fuiffe
1611 1840 1823 1878 neminem.

423 1911 651 1951 Menelaum
685 1911 826 1963 ipsum,
861 1910 1017 1947 dulcem
1048 1910 1162 1947 illum
1196 1909 1356 1961 quidem
1376 1908 1488 1946 tradit
1520 1908 1732 1950 Homerus,
1764 1906 1825 1943 sed

423 1991 542 2030 pauca
563 1977 769 2014 dicentem.
792 1976 959 2013 Brevitas
980 1984 1107 2013 autem
1129 1976 1208 2013 laus
1229 1975 1280 2012 est
1301 1974 1496 2012 interdum
1516 1973 1555 2010 in
1576 1973 1702 2023 aliqua
1722 1981 1825 2023 parte

424 2043 590 2087 dicendi,
622 2043 662 2079 in
685 2042 852 2079 universa
872 2041 1089 2092 eloquentia
1109 2041 1261 2078 laudem
1282 2053 1359 2077 non
1379 2038 1505 2075 habet.

479 2110 534 2145 At
554 2121 642 2144 vero
661 2116 765 2144 extra
786 2107 976 2144 Gra-ciam
999 2118 1137 2157 magna
1157 2104 1307 2142 dicendi
1339 2103 1459 2141 studia
1479 2101 1635 2139 fuerunt
1651 2119 1662 2145 3
1695 2101 1820 2139 maxi-

425 2174 559 2224 mique
579 2171 671 2209 huic
692 2171 794 2208 laudi
815 2170 937 2209 habiti
970 2170 1132 2207 honores
1163 2169 1305 2207 illustre
1335 2177 1529 2222 oratorum
1561 2180 1703 2204 nomen
1738 2166 1824 2204 red-

425 2237 618 2276 diderunt.
679 2236 785 2273 Nam
820 2244 863 2272 ut
896 2234 1011 2272 semel
1032 2248 1051 2271 e
1073 2235 1213 2272 Piraeeo
1244 2233 1461 2286 eloquentia
1489 2234 1616 2270 cveffihl
1641 2231 1706 2275 est,
1737 2245 1826 2269 om-

426 2316 492 2342 nes
526 2301 736 2355 peragravit
768 2300 920 2345 insulam,
952 2310 1065 2352 atque
1085 2301 1136 2338 ita
1154 2301 1386 2353 peregrinata
1417 2299 1496 2336 tota
1518 2298 1605 2336 Asia
1625 2298 1690 2342 est,
1721 2307 1763 2335 ut
1790 2297 1826 2335 se

426 2369 591 2406 externis
613 2366 800 2404 oblineret
821 2367 1009 2411 moribus,
1040 2380 1276 2418 omnemque
1297 2366 1404 2405 illam
1424 2364 1684 2402 salubritatem
1716 2363 1825 2401 Atti-

426 2448 481 2473 cae
500 2433 678 2471 dictionis
692 2442 729 2470 et
750 2433 851 2485 quafi
873 2432 1069 2471 sanitatem
1089 2433 1273 2486 perderet,
1304 2446 1345 2470 ac
1366 2432 1474 2484 loqui
1490 2442 1586 2484 pene
1606 2430 1824 2468 dedisceret.

427 2501 538 2540 Hinc
568 2499 726 2539 Afiatici
747 2509 910 2538 oratores
942 2514 1020 2539 non
1047 2499 1320 2539 contemnendi
1341 2498 1498 2552 quidem
1519 2510 1589 2536 nec
1619 2496 1823 2542 celeritate,
