2176 2912
424 203 504 245 500
875 188 1377 232 TOPICA.

423 283 535 321 detur
554 295 681 335 opera,
718 290 762 321 ut
781 282 1118 336 quamplurimum
1145 283 1206 328 iis,
1238 295 1333 335 quos
1365 282 1463 320 recta
1482 278 1604 318 studia
1622 277 1830 325 delectant,

424 349 594 403 prodesse
612 349 811 402 poffimus.

481 417 580 454 Haec
614 429 705 469 ergo
735 417 1030 469 argumentatio,
1068 430 1152 469 quae
1181 415 1324 454 dicitur
1353 414 1441 453 artis
1476 425 1623 467 expers,
1655 413 1696 451 in
1722 410 1832 450 testi-

426 483 560 521 monio
591 483 709 534 pofita
741 482 806 520 est.
866 483 1155 522 Testimonium
1189 491 1317 519 autem
1350 494 1453 518 nunc
1485 481 1666 524 dicimus,
1697 491 1830 522 omne,

425 549 532 602 quod
550 549 597 587 ab
617 549 745 601 aliqua
773 563 811 586 re
831 558 983 587 externa
1003 549 1168 587 sumitur
1187 548 1232 586 ad
1252 547 1468 585 faciendam
1490 546 1620 583 fidem.
1670 540 1852 583 Persona

426 624 572 660 autem,
594 628 671 652 non
698 614 988 666 qualiscunque,
1020 613 1229 651 testimonii
1250 613 1399 666 pondus
1424 611 1554 650 habet.
1600 610 1665 649 Ad
1684 609 1831 648 facien-

427 681 517 719 dam
538 680 644 718 enim
665 680 783 717 fidem
813 680 1015 718 auctoritas
1036 679 1233 731 quaeritur.
1294 678 1366 716 Sed
1387 677 1652 715 auctoritatem
1672 685 1738 713 aut
1762 689 1832 713 na-

427 755 525 791 tura,
547 754 612 783 aut
634 754 786 797 tempus
807 743 928 782 affert.
967 745 1126 783 Naturae
1147 744 1349 782 auctoritas
1371 744 1410 781 in
1432 743 1573 781 virtute
1593 741 1688 780 inest
1705 741 1838 779 maxi·

427 826 504 851 me.
555 813 601 850 In
620 820 792 864 tempore
821 821 951 850 autem
979 812 1103 850 multa
1122 811 1224 856 sunt,
1254 825 1338 863 quae
1359 809 1517 864 afferant
1537 809 1802 847 auctoritatem
1820 823 1831 846 :

427 878 643 931 ingenium,
675 891 779 931 opes,
811 887 912 923 aetas,
944 877 1112 923 fortuna,
1154 891 1226 922 ars,
1258 877 1359 922 usus,
1391 876 1599 921 neceffitas‚
1636 875 1835 914 concurfio

426 945 544 982 etiam
574 957 857 996 nonnunquam
878 957 1006 982 rerum
1033 943 1297 982 fortuitarum.
1340 943 1447 981 Nam
1467 951 1506 980 et
1535 941 1765 995 ingeniosos,
1796 950 1836 980 et

428 1011 649 1063 opulentos,
679 1019 718 1048 et
744 1010 862 1048 aetatis
895 1009 1013 1062 spatio
1043 1009 1237 1062 probatos,
1280 1009 1431 1060 dignos,
1468 1008 1610 1060 quibus
1644 1008 1833 1053 credatur,

427 1085 592 1130 putant:
624 1090 703 1114 non
734 1078 832 1114 rene
852 1075 1016 1120 fortaffe,
1052 1075 1113 1113 sed
1133 1075 1240 1127 vulgi
1273 1075 1406 1127 opinio
1426 1074 1571 1112 mutari
1600 1074 1666 1112 vix
1696 1074 1834 1126 potest,

427 1142 474 1180 ad
495 1155 656 1194 eamque
676 1142 808 1180 omnia
842 1142 1029 1194 dirigunt,
1060 1150 1099 1179 et
1132 1141 1202 1193 qui
1220 1140 1412 1192 judicant,
1443 1149 1482 1177 et
1510 1139 1577 1191 qui
1598 1139 1833 1178 existimant.

429 1209 512 1261 Qi
532 1209 638 1247 enim
666 1207 727 1246 his
748 1208 874 1253 rebus,
906 1221 999 1261 quas
1021 1208 1116 1252 dixi,
1147 1207 1358 1252 excellunt,
1389 1206 1469 1259 ipsa
1497 1206 1639 1244 virtute
1659 1205 1837 1245 videntur

428 1275 631 1314 excellere.
691 1275 762 1313 Sed
793 1275 951 1327 reliquis
984 1287 1139 1327 quoque
1169 1274 1296 1319 rebus,
1328 1286 1420 1328 quas
1452 1272 1571 1311 modo
1600 1273 1836 1318 enumeravi,

427 1354 653 1394 quanquam
673 1341 714 1379 in
734 1340 781 1379 iis
801 1341 909 1379 nulla
929 1340 1069 1394 species
1090 1339 1243 1378 virtutis
1271 1339 1339 1384 est,
1366 1349 1496 1377 tamen
1521 1339 1719 1378 interdurn
1739 1352 1839 1378 con-

429 1407 605 1446 firmatur
634 1407 743 1452 fides,
775 1407 802 1446 s1
833 1416 898 1446 aut
923 1421 980 1446 ars
1001 1406 1179 1460 quaedam
1199 1405 1431 1451 adhibetur3
1466 1406 1622 1459 (magna
1652 1406 1758 1444 enim
1784 1405 1843 1444 est·

429 1474 501 1520 vis,
523 1475 570 1512 ad
589 1474 908 1528 persuadendum,
929 1474 1112 1527 scientiae)
1144 1482 1209 1512 aut
1230 1473 1316 1512 usus
1331 1491 1344 1519 ς
1375 1472 1607 1527 plerumque
1626 1472 1732 1511 enim
1753 1486 1840 1511 cre-

429 1540 535 1579 ditur
554 1541 615 1595 iis,
647 1541 715 1593 qui
736 1541 883 1593 experti
904 1540 1005 1579 sunt.

484 1608 578 1646 XX.
611 1608 722 1645 Facit
741 1607 858 1644 etiam
878 1606 1071 1645 neceffitas
1090 1606 1222 1652 fidem,
1238 1620 1322 1659 quae
1343 1620 1435 1644 curn
1452 1619 1472 1643 a
1491 1606 1733 1659 corporibus,
1752 1614 1839 1644 tum

430 1669 477 1707 ab
497 1668 637 1706 animis
656 1668 836 1706 nascitur.
883 1668 991 1707 Nam
1010 1678 1047 1706 et
1067 1668 1302 1712 verberibus,
1324 1668 1540 1713 tormentis,
1569 1668 1653 1720 igni
1671 1667 1840 1720 fatigati,

429 1748 515 1788 quae
545 1734 695 1780 dicunt,
726 1747 768 1772 ea
797 1734 948 1773 videtur
977 1735 1113 1772 veritas
1134 1733 1213 1786 ipsa
1233 1734 1371 1779 dicere,
1403 1743 1454 1779 et,
1482 1748 1566 1786 quae
1587 1747 1607 1771 a
1634 1734 1839 1786 perturba-

429 1801 603 1839 tionibus
638 1801 758 1839 animi
793 1800 894 1846 sunt,
925 1800 1069 1846 dolore,
1102 1800 1329 1853 cupiditate,
1350 1800 1559 1845 iracundia,
1591 1809 1713 1846 metu,
1750 1799 1843 1852 quia

431 1867 656 1909 neceffitatis
687 1868 769 1906 vim
799 1867 958 1913 habent,
988 1867 1152 1906 afferunt
1172 1867 1438 1905 auetoritatem
1458 1876 1496 1906 et
1522 1867 1654 1905 fidem.
1715 1868 1843 1919 Cujus

431 1934 550 1973 etiam
569 1935 719 1987 generis
740 1934 806 1971 illa
825 1933 930 1979 sunt,
947 1948 994 1972 ex
1011 1934 1155 1986 quibus
1173 1947 1308 1971 verum
1328 1946 1610 1985 nonnunquam
1631 1933 1840 1976 invenitur,

430 2001 609 2054 pueritia,
630 2000 801 2046 somnus,
823 2000 1097 2053 imprudentia,
1114 1999 1337 2044 vinolentia,
1359 1999 1514 2037 insania.
1547 1999 1654 2037 Nam
1675 2008 1712 2035 et
1732 1998 1842 2050 pueri

431 2066 527 2119 saepe
558 2067 821 2105 indicaverunt
855 2066 1018 2119 aliquid,
1049 2066 1095 2104 ad
1129 2065 1233 2118 quod
1267 2065 1485 2117 pertineret,
1523 2065 1672 2117 ignari:
1705 2073 1742 2101 ct
1773 2077 1841 2117 per

433 2133 630 2178 somnum,
657 2133 809 2178 vinum,
837 2133 1037 2177 insaniam,
1069 2132 1192 2170 multa
1212 2131 1305 2183 saepe
1336 2129 1522 2183 patefadta
1548 2130 1648 2168 sunt.
1715 2130 1841 2169 Multi

433 2199 551 2237 etiam
572 2200 612 2236 in
644 2212 701 2237 res
721 2199 866 2237 odiosas
902 2198 1164 2251 imprudentes
1198 2196 1432 2241 inciderunt,
1463 2206 1507 2235 ut
1538 2196 1689 2235 Staleno
1719 2210 1842 2249 nuper

434 2266 602 2310 accidit;
635 2265 703 2318 qui
722 2278 764 2302 ea
783 2264 937 2302 locutus
956 2264 1023 2308 est,
1045 2263 1156 2302 bonis
1176 2263 1266 2301 viris
1286 2262 1673 2307 subauscultantibus,
1701 2264 1844 2315 pariete

434 2333 673 2386 interpofito‚
708 2332 849 2384 quibus
870 2329 1082 2384 patefacti&
1105 2330 1145 2367 in
1171 2329 1445 2382 judiciumque
1464 2329 1634 2382 prolatis,
1657 2329 1710 2368 rei
1730 2329 1840 2382 capi-

438 2400 522 2438 talis
539 2401 625 2452 jure
646 2398 848 2436 damnatus
869 2397 934 2436 est.
994 2397 1103 2435 Huic
1123 2395 1247 2435 fimile
1268 2395 1455 2449 quiddam
1481 2395 1525 2434 de
1546 2395 1843 2436 Lacedaemonio

438 2466 621 2506 Pausania
640 2465 875 2518 accepimus.

495 2533 707 2574 Concurfio
725 2540 856 2572 autem
888 2530 1142 2571 fortuitorum
1172 2529 1256 2570 talis
1276 2529 1343 2576 est,
1374 2538 1431 2576 ut,
1462 2529 1489 2569 fi
1510 2529 1770 2570 interventum
1790 2528 1845 2567 est
