2176 2912
420 201 496 255 508
792 207 1428 249 ORATORIAE

418 295 596 336 PATER.
629 298 841 345 Infinitam,
865 315 980 353 quam
999 302 1322 342 consultationem
1341 302 1517 356 appello;
1549 310 1587 341 et
1607 301 1821 348 definitam,

418 375 537 413 quam
559 365 708 403 causam
729 368 904 406 nomino.

466 429 517 467 ΙΙ.
543 432 715 470 FILIUS.
741 435 938 485 Qoniam
955 435 1073 487 igitur
1094 436 1263 474 invenire
1283 436 1440 474 oratoris
1456 436 1628 488 primum
1645 435 1712 481 est,
1726 433 1823 487 quid

419 497 591 546 quaeret?
638 499 815 537 PATER.
845 501 902 537 Ut
925 501 1107 545 inveniat,
1129 502 1461 552 quemadmodum
1482 501 1599 539 fidem
1619 500 1733 539 faciat
1752 501 1823 544 eis,
1847 540 1851 541 ⁷

419 562 562 612 quibus
584 564 685 602 volet
704 566 934 617 persuadere,
951 576 988 604 et
1005 568 1338 618 quemadmodum
1358 577 1514 606 motum
1534 581 1668 606 eorum
1684 567 1823 605 animis

419 627 562 667 afferat.
610 631 782 669 FILIUS.
816 632 971 683 Qibus
992 633 1105 670 rebus
1124 633 1216 670 fides
1233 633 1304 670 fit?
1354 635 1531 671 PATER.
1554 633 1824 686 Argumentis,

420 707 507 746 quae
523 696 720 733 ducuntur
731 710 777 734 ex
795 697 904 742 locis,
919 707 983 735 aut
997 698 1035 735 in
1050 712 1087 735 re
1100 698 1177 750 ipsa
1190 699 1325 744 inlitis,
1339 709 1403 737 aut
1416 699 1629 752 assumptis.
1647 700 1823 737 FILIUS.

420 762 531 814 Qos
553 776 660 800 vocas
682 762 815 801 locos?
865 765 1042 802 PATER.
1075 766 1168 810 Eos,
1200 766 1240 803 in
1270 766 1412 818 quibus
1445 765 1564 803 latent
1583 774 1823 818 argumenta.

420 827 593 866 FILIUS.
627 829 737 881 Qid
757 829 809 867 est
831 833 1136 883 argumentum?
1180 834 1358 871 PATER.
1391 832 1595 871 Probabile
1623 833 1828 870 inventum

420 893 466 930 ad
486 893 702 933 faciendam
719 895 850 934 fidem.
912 898 944 935 F
949 911 1081 936 Imus.
1115 900 1328 950 Qomodo
1360 899 1480 951 igitur
1499 899 1576 936 duo
1596 912 1733 950 genera
1760 897 1831 936 ista

420 960 588 999 dividis?
638 963 815 1000 PATER.
847 965 947 1016 Qae
977 965 1052 1002 fine
1081 974 1159 1003 arte
1193 975 1391 1018 putantur,
1422 979 1464 1003 ea
1494 975 1641 1004 remota
1658 964 1826 1018 appello,

421 1035 465 1064 ut
485 1027 711 1066 testimonia.
745 1030 918 1068 FILIUS.
952 1031 1060 1082 Qid
1080 1031 1219 1069 infita?
1262 1033 1439 1070 PATER.
1464 1032 1563 1083 Qae
1578 1029 1765 1069 inhaerent
1784 1030 1826 1068 in

420 1091 500 1145 ipsa
528 1107 579 1131 re.
631 1094 805 1132 FILIUS.
837 1095 1171 1134 Testimoniorum
1200 1111 1287 1150 quae
1314 1097 1400 1135 sunt
1427 1097 1595 1150 genera?
1644 1097 1824 1135 PATER.

422 1157 630 1204 Divinum,
666 1169 703 1198 et
722 1159 955 1200 humanum.
999 1163 1208 1208 Divinum,
1239 1172 1283 1201 ut
1311 1163 1477 1208 oracula,
1508 1171 1552 1201 ut
1571 1161 1749 1215 auspicia,
1782 1170 1830 1202 ut

420 1225 726 1272 vaticinationes,
771 1236 808 1265 et
846 1228 1018 1281 responsa
1049 1228 1302 1275 sacerdotum,
1334 1228 1595 1282 haruspicum,
1631 1229 1828 1281 (3011]εὲὶο-

420 1304 522 1330 rum.
557 1293 805 1338 Humanum,
833 1295 940 1346 quod
960 1294 1147 1348 spectatur
1167 1309 1214 1334 ex
1234 1296 1470 1341 auctoritate,
1492 1304 1530 1333 et
1548 1309 1596 1334 ex
1612 1295 1826 1341 voluntate,

419 1366 459 1394 et
478 1371 525 1396 ex
544 1359 727 1404 oratione,
741 1369 806 1398 aut
826 1361 957 1406 libera,
978 1371 1044 1400 aut
1060 1362 1249 1415 expreffa3
1272 1363 1311 1401 in
1328 1377 1406 1415 quo
1422 1362 1551 1400 insunt
1566 1361 1716 1414 scripta,
1732 1375 1827 1414 pac·-

378 1479 382 1485 .
419 1433 470 1469 ta,
492 1425 683 1477 promissa,
700 1427 840 1478 jurata,
862 1428 1027 1480 quaefita.
1060 1431 1231 1468 FILIUS.
1256 1431 1354 1482 Qae
1371 1429 1457 1468 sunt
1472 1443 1557 1482 quae
1577 1428 1671 1467 dicis
1687 1428 1825 1466 infita?

417 1491 598 1530 PATER.
619 1493 716 1544 Qae
737 1494 855 1532 infixa
875 1495 962 1533 sunt
983 1495 1095 1534 rebus
1116 1497 1218 1549 ipfis,
1242 1506 1283 1534 ut
1304 1496 1491 1542 definitio,
1511 1505 1554 1534 ut
1574 1495 1825 1540 contrarium,

420 1565 464 1594 ut
485 1571 539 1602 ea,
573 1572 657 1610 quae
678 1559 765 1596 sunt
785 1560 867 1611 ipfi,
898 1563 1135 1600 contrariove
1154 1564 1234 1614 ejus
1256 1571 1319 1599 aut
1340 1562 1490 1606 fimilia,
1521 1570 1587 1599 aut
1615 1560 1824 1606 diffimilia,

420 1633 486 1661 aut
506 1624 768 1670 consentanea,
798 1635 863 1663 aut
883 1626 1134 1672 diffentanea;
1166 1637 1209 1666 ut
1229 1642 1284 1672 ea,
1307 1642 1392 1680 quae
1411 1628 1498 1666 sunt
1514 1627 1616 1680 quafi
1637 1627 1824 1679 conjunc-

418 1699 471 1734 ta,
493 1699 557 1728 aut
577 1704 631 1736 ea,
663 1705 748 1744 quae
768 1692 855 1730 sunt
876 1694 977 1745 quasi
998 1695 1210 1747 pugnantia
1230 1695 1328 1732 inter
1349 1695 1383 1732 se
1400 1713 1411 1739 3
1443 1704 1507 1732 aut
1527 1708 1659 1731 earum
1679 1707 1824 1739 rerum,

420 1756 467 1793 de
488 1756 629 1808 quibus
650 1759 788 1810 agitur,
811 1759 927 1797 causae
946 1778 956 1804 ;
989 1770 1053 1798 aut
1073 1761 1270 1798 causarum
1290 1770 1461 1806 eventus,
1484 1760 1524 1798 id
1544 1759 1609 1805 est,
1632 1773 1717 1812 quae
1738 1759 1828 1798 sunt

417 1822 552 1860 effeffita
571 1824 618 1860 de
638 1825 769 1869 causlS,
788 1834 830 1863 ut
850 1826 1150 1872 distributiones,
1174 1837 1215 1864 ut
1235 1841 1372 1879 genera
1390 1827 1574 1880 partium,
1592 1839 1827 1879 generumve

421 1898 560 1941 partes,
576 1900 625 1944 *ut
646 1891 854 1943 primordia
874 1907 1017 1938 rerum,
1050 1903 1087 1932 et
1111 1894 1213 1946 quafi
1235 1894 1516 1947 praecurrentia,
1539 1893 1579 1930 in
1600 1892 1742 1945 quibus
1762 1892 1825 1931 in-

421 1956 474 1994 est
494 1957 641 2009 aliquid
662 1959 905 2010 argumenti3
938 1968 980 1996 ut
1001 1974 1127 1998 rerum
1148 1961 1426 2005 contentiones,
1448 1959 1544 2011 quid
1564 1959 1701 2010 majus,
1731 1957 1826 2009 quid

421 2043 502 2082 par,
536 2028 630 2081 quid
650 2030 780 2068 minus
801 2028 859 2073 fit,
892 2027 933 2067 in
954 2028 1096 2080 quibus
1118 2037 1183 2066 aut
1204 2036 1345 2065 naturae
1366 2039 1509 2070 rerum,
1542 2033 1606 2063 aut
1626 2023 1825 2062 facultates

422 2105 707 2148 comparantur.

479 2163 554 2200 ΙΙΙ.
577 2163 751 2200 FILIUS.
776 2160 1020 2199 Omnibusne
1037 2160 1155 2213 igitur
1181 2173 1227 2198 ex
1247 2158 1308 2197 his
1328 2158 1423 2196 locis
1444 2166 1667 2210 argumenta
1696 2156 1826 2195 sume-

423 2241 511 2268 mus
530 2228 543 2265 ?
576 2229 752 2266 PATER.
776 2228 906 2265 Immo
925 2239 1014 2264 vero
1034 2226 1305 2270 scrutabimur,
1336 2233 1373 2263 et
1394 2237 1608 2277 quaeremus
1625 2237 1671 2261 ex
1694 2224 1826 2261 omni-

424 2296 496 2334 bus
509 2312 521 2340 3
544 2294 606 2332 sed
626 2292 897 2332 adhibebimus
912 2292 1122 2345 judicium,
1141 2301 1184 2330 ut
1199 2292 1296 2330 levia
1316 2291 1463 2344 semper
1478 2291 1710 2343 rejiciamus,
1726 2304 1826 2328 non-

425 2373 627 2413 nunquam
661 2360 778 2399 etiam
811 2359 1036 2398 communia
1066 2359 1416 2412 praetermittamus,
1449 2367 1487 2396 et
1514 2371 1591 2396 non
1613 2355 1826 2396 necessaria.

425 2429 598 2466 FILIUS.
623 2427 821 2479 Qoniam
841 2426 886 2464 de
906 2425 980 2463 fide
1000 2424 1235 2479 respondisti,
1256 2425 1344 2462 volo
1363 2424 1491 2462 audire
1512 2423 1557 2461 de
1575 2432 1699 2461 motu.
1738 2423 1827 2460 PA-

427 2507 536 2532 TER.
573 2495 680 2532 Loco
701 2493 860 2546 quidem
881 2493 1032 2545 quaeris,
1065 2492 1126 2530 sed
1161 2491 1311 2544 planius
1339 2491 1443 2543 quod
1469 2490 1525 2528 vis
1555 2488 1826 2542 explicabitur,

424 2573 518 2600 cum
534 2561 579 2600 ad
596 2560 776 2601 orationIS
791 2559 905 2615 ipsius
922 2559 1254 2614 quaestionumque
1271 2558 1460 2598 rationem
1477 2570 1628 2597 venero.
1652 2556 1826 2595 FILIUS.
